3586 5518
673 275 755 341 capnt
771 272 922 328 xlv-xv.

468 437 513 501 nr
537 435 678 501 curun
699 435 899 502 erumnis
920 435 1134 534 tunsarum

643 541 759 594 NOTAE
778 541 957 596 anatome.

198 632 225 702 a)
246 635 378 707 Intellige
403 634 544 705 despatio
565 633 670 690 orbium
690 635 871 708 geometrico:
896 637 930 689 de
951 633 1070 689 materia
1084 635 1163 699 enim,
1189 635 1241 689 boc
1255 645 1307 700 est,
1333 638 1366 691 de
1382 653 1488 708 corpu-¹

130 715 207 772 lentie
219 715 396 782 adamantina
411 733 445 769 ne
460 715 635 770 Ptolemaeus
651 715 758 786 quidem
772 716 841 770 adeo
857 731 949 770 crasse
964 714 1185 786 philosophatur.

196 794 224 861 b)
245 796 398 850 Extremus
420 795 537 850 tiramus
560 795 701 850 zodiacum
723 795 811 850 relert
838 795 866 850 in
894 797 960 851 orbe
989 796 1113 859 stellato,
1143 796 1295 866 descriptus
1321 813 1357 850 ex
1387 803 1481 852 centro

130 877 215 940 ιιιιιί,
237 877 281 929 rel
300 876 390 932 etiam
412 894 449 932 ex
463 877 549 948 globo
564 877 694 942 Turreno,
714 877 780 949 quia
793 881 869 932 totus
890 875 963 930 orbis
984 892 1103 948 magnus
1122 878 1233 931 adeum
1247 877 1414 932 insensibilis
1430 883 1482 933 est.

195 961 220 1011 Δ
240 955 355 1012 Saturni
380 963 515 1028 systema,
540 955 743 1012 conceptricum
764 975 802 1012 ex
817 958 841 1012 G
856 963 951 1012 centro
974 957 1048 1012 orbis
1067 955 1170 1028 magni.
1209 957 1232 1011 Β
1256 963 1381 1029 system
1393 957 1480 1013 doris.

128 1037 266 1094 cnuth.
307 1038 336 1091 D
351 1036 478 1092 Circulos
503 1035 561 1092 sire
581 1037 629 1093 ria
649 1037 737 1092 centri
757 1038 837 1110 globi
856 1037 970 1092 Terreni
990 1037 1166 1092 concentrica
1185 1055 1223 1092 ex
1245 1043 1340 1094 centro
1355 1038 1396 1102 G,
1421 1055 1498 1094 cum·

128 1117 267 1188 sphaerula
276 1117 386 1172 Lunari
411 1119 516 1172 duobus
539 1116 607 1172 locis
622 1117 746 1188 appicta.
784 1119 867 1174 Duae
891 1134 994 1174 caecae
1017 1117 1111 1174 lineae
1126 1117 1276 1174 circulares
1291 1118 1366 1174 orbis
1380 1119 1483 1176 tenue

127 1215 178 1252 cun
199 1199 303 1252 morta
315 1199 399 1252 Luna
419 1197 573 1253 crassitiem
587 1199 730 1254 denotant.
762 1199 871 1254 EDuo
885 1198 1001 1263 circelli,
1024 1197 1196 1254 delineantes
1219 1200 1374 1254 crassitiem
1389 1205 1480 1270 syste-

126 1278 196 1334 matis
209 1279 338 1342 Venerii,
363 1277 439 1332 intra
453 1295 535 1350 quam
556 1278 642 1332 omnis
657 1277 718 1347 ejus
741 1285 864 1334 motuum
886 1277 1010 1334 varietas
1035 1279 1185 1348 perficitur.
1228 1279 1386 1350 Fspatiurn
1409 1279 1482 1334 inter

126 1361 183 1412 duos
196 1357 331 1422 circellos
351 1357 380 1412 in
394 1376 447 1430 qno
467 1357 552 1415 omnis
571 1365 693 1414 motuum
711 1360 812 1415 stellae
832 1358 962 1415 Mercurii
979 1359 1104 1416 varietas
1128 1359 1276 1430 perficitur.
1315 1361 1340 1416 G
1359 1367 1484 1416 cernuum

125 1437 235 1502 omnium,
258 1443 289 1492 et
303 1454 392 1510 prope
407 1438 496 1510 ipsum
511 1443 610 1510 corpus
627 1439 736 1495 Solane.
1022 1481 1026 1488 .

192 1522 277 1574 Aratu
292 1535 346 1590 per
361 1520 384 1574 0
398 1526 429 1574 et
442 1521 464 1574 Ρ
479 1525 655 1574 transeuntes
678 1523 776 1592 partes
798 1525 864 1574 sunt
890 1513 1125 1589 eccentrepicycli·
1133 1518 1257 1576 Saturni.
1294 1517 1383 1577 Linea
1397 1538 1484 1575 curva

125 1616 167 1670 per
179 1600 201 1662 Q
214 1606 300 1672 atque
316 1615 367 1669 per
379 1600 542 1673 pesigacum
556 1600 675 1672 epicycli
694 1601 721 1654 in
737 1602 760 1655 Ο
775 1615 904 1672 apogaeo
924 1598 1075 1654 excentrici
1098 1599 1191 1669 positi,
1217 1606 1247 1654 et
1259 1617 1311 1670 per
1325 1617 1482 1676 apogaeum

125 1681 232 1750 ejusdem
246 1681 274 1735 in
290 1681 316 1734 P
338 1680 471 1752 perigaec
487 1681 641 1746 eccentrici‚
666 1685 710 1736 e'st
729 1681 776 1736 via
798 1681 932 1750 planetae
955 1680 1117 1734 eccentrica
1156 1681 1281 1736 circulus
1306 1683 1414 1753 quidem
1427 1692 1482 1737 noh

124 1764 234 1824 estred
257 1778 276 1816 a
291 1761 420 1816 circulari
438 1762 515 1816 linea
528 1762 699 1817 sensibiliter
717 1780 772 1816 non
785 1761 885 1817 differt
923 1762 963 1816 Hl
987 1759 1130 1815 crassities
1154 1761 1260 1816 duobus
1285 1761 1394 1818 circulis
1419 1781 1483 1817 con·

124 1841 237 1896 ceruicis
255 1841 375 1906 inclusa,
401 1859 483 1913 quarn
505 1843 554 1896 via
566 1843 681 1899 Saturni
702 1841 857 1898 eccentrica
880 1841 932 1896 sibi
955 1839 1084 1896 vindicat.
1119 1841 1315 1897 Lineacurva
1336 1843 1383 1898 vel
1404 1844 1482 1915 quasi

124 1923 228 1978 citerlus
242 1939 296 1992 per
310 1923 340 1976 Μ
364 1928 394 1976 ει
413 1939 465 1993 per
488 1939 647 1995 apogaeum
671 1922 790 1994 epicycli
810 1922 838 1976 in
853 1921 893 1986 0,
919 1927 1003 1992 atque
1023 1937 1075 1991 per
1095 1922 1258 1995 perigaeum
1273 1922 1395 1991 ejusdem
1419 1924 1484 1980 inP

124 2002 258 2066 transiens,
274 2003 447 2057 eccentricus
462 2009 514 2068 est,
539 2020 619 2074 quem
632 2004 810 2058 Ptolemaeus
834 2008 1046 2074 aequantem
1065 2010 1156 2059 vocat.
1193 2003 1246 2058 KL
1261 2003 1401 2058 crassities
1418 2006 1483 2059 duc·

123 2085 166 2137 bns
178 2084 266 2137 caecis
282 2083 395 2137 circulis
409 2082 588 2138 cencentricis
603 2084 769 2154 intercepta
794 2098 877 2154 quam
890 2088 966 2137 totus
987 2083 1129 2152 epicyclus
1143 2089 1174 2137 et
1188 2100 1311 2155 aequans
1330 2085 1379 2140 ille
1392 2085 1483 2157 requi·

123 2171 185 2218 runt
210 2163 338 2224 Planeta
352 2179 417 2216 rere
431 2164 510 2217 ultra
521 2165 549 2218 Η
563 2180 702 2235 nunquam
717 2163 851 2227 ascendit,
867 2181 917 2216 nec
931 2162 1006 2218 intra
1019 2164 1031 2216 1
1045 2164 1193 2218 descendit.

191 2243 333 2299 similibus
359 2243 577 2314 particularibus
599 2245 710 2299 orbibus
735 2251 846 2298 ceterae
857 2245 995 2313 sphaerae
1010 2242 1093 2298 etiam
1109 2244 1255 2300 distinctae
1277 2243 1483 2318 intelligantur,

123 2324 162 2394 qni
175 2330 275 2388 umen,
302 2341 338 2378 ne
353 2323 500 2396 multitudo
521 2325 656 2378 linearum
678 2324 823 2396 negotium
846 2322 939 2394 potius
959 2324 1128 2388 obscuraret,
1154 2341 1236 2396 quam
1251 2325 1415 2390 declararet,
1439 2325 1484 2380 hic

125 2403 287 2458 omittuntur.
326 2404 391 2458 Ideo
406 2403 435 2458 in
447 2405 516 2459 Jove
531 2412 561 2459 et
574 2406 666 2460 Marte
680 2405 727 2460 ria
745 2422 838 2460 eorum
860 2403 1015 2458 ecoentrica
1036 2405 1144 2476 duoque
1163 2420 1225 2460 earn
1244 2404 1416 2461 continentes
1432 2406 1482 2461 cir·

125 2483 170 2538 culi
184 2483 360 2547 concentrici,
383 2483 411 2538 in
426 2484 525 2540 ceteris
541 2485 592 2540 soli
608 2485 772 2541 concentrici
787 2484 918 2553 descripti
932 2483 1080 2539 sufiiciunt.

193 2564 296 2635 Spatia
309 2564 482 2619 intermedia.
511 2567 537 2620 R
550 2567 627 2620 locus
643 2565 713 2631 cubi,
734 2564 912 2628 Stetraiidri
935 2564 1143 2630 Tdodecaddri.
1160 2565 1341 2631 Viccsaedri.
1362 2565 1391 2621 X
1405 2571 1483 2620 octa·

125 2645 182 2700 euri.
209 2645 235 2700 N
249 2651 297 2704 est
310 2645 432 2715 spatium
446 2645 520 2700 inter
532 2647 682 2701 Saturnum
696 2652 726 2701 et
739 2647 820 2709 fixas,
845 2644 951 2700 infinito
971 2644 1067 2700 simile.

185 2723 255 2774 Haec
268 2723 395 2787 Keplerns
408 2726 537 2774 annotarit
556 2726 581 2774 in
600 2725 688 2774 tabula
705 2725 767 2788 ipsa.
797 2724 923 2788 Inscripta
941 2729 994 2774 est:
1014 2722 1120 2774 Tabella
1139 2723 1272 2774 ostendens
1291 2738 1375 2776 mam
1394 2725 1482 2790 ampli-

127 2794 228 2845 tudinem
247 2795 345 2846 crbium
363 2794 508 2845 coelestium
526 2801 552 2846 ει
569 2797 764 2854 interstitiorum,
783 2794 919 2846 monadum
937 2807 1051 2844 numeros
1069 2795 1263 2846 ct·sentsutlam
1282 2795 1420 2861 (lopernlcl.

194 2863 223 2934 c)
245 2869 271 2924 E
295 2885 325 2923 re
351 2869 411 2922 'ene
432 2868 509 2933 sitos,
530 2875 563 2924 ιιι
584 2868 757 2933 577-635,
780 2869 819 2924 sic
841 2867 1008 2924 333-333.

194 2945 223 3014 d)
246 2948 277 3004 Si
291 2884 358 3008 ιιιῗ
371 2965 426 3002 non
440 2966 531 3004 sumas
548 2947 618 3013 57⁷,
641 2949 748 3005 radium
762 2948 886 3019 inscripti
901 2947 1046 3014 oetaeum,
1071 2947 1119 3002 sed
1135 2943 1204 3014 ⁷0⁷,
1229 2949 1338 3002 radium
1350 2946 1476 3018 inscripti

125 3029 251 3098 quadrato
266 3027 406 3084 octaedri:
422 3036 487 3084 tunc
500 3029 555 3084 iste
569 3047 623 3083 non
637 3030 752 3085 multum
766 3029 906 3100 discrepat
920 3045 938 3082 a
953 3027 1020 3083 723.

195 3104 226 3178 ε)
247 3109 304 3164 ffic
323 3101 470 3180 proportio
490 3109 595 3164 orbium
609 3109 681 3163 Solis
696 3117 726 3165 et
738 3111 834 3165 Lunae
854 3108 1005 3164 assumitur
1019 3125 1063 3174 ea,
1089 3124 1160 3180 quae
1184 3107 1221 3164 20
1238 3109 1273 3164 ad
1290 3109 1322 3174 1,
1347 3113 1481 3181 quantam

125 3189 202 3243 tradit
215 3189 389 3244 astronomia
402 3190 520 3262 antiqua
532 3188 650 3245 circiter.
679 3194 719 3245 At
732 3193 817 3244 doceo
832 3189 881 3243 lib.
897 3191 942 3244 lV.
958 3187 1110 3260 Epitomes,
1125 3189 1198 3260 quod
1210 3188 1262 3244 illa
1271 3189 1307 3244 sit
1321 3189 1379 3244 iere
1393 3188 1481 3260 triplo

125 3270 218 3338 majerr
242 3269 296 3324 etsi
310 3269 340 3323 in
352 3269 584 3339 premeridibus
608 3271 743 3326 modestia
762 3271 886 3341 quadarn·
902 3287 967 3324 usus
990 3269 1121 3342 usurpavi
1145 3268 1222 3326 illam
1236 3270 1379 3342 sesquiplo
1392 3270 1482 3340 majo-

124 3364 181 3412 rem,
196 3351 256 3405 scil.
271 3367 334 3404 eam
350 3367 423 3421 quae
439 3351 476 3406 30
494 3353 528 3405 ad
547 3352 579 3414 1,
597 3349 707 3406 interim
720 3353 783 3404 dum
797 3351 882 3420 plane
896 3351 1094 3406 concluderem.

686 3622 805 3724 Caput
832 3621 914 3698 XV.

294 3779 457 3846 desectio
481 3782 709 3846 distantiarum
730 3789 761 3846 ct
783 3782 952 3846 άὶυειείιαε
970 3781 1304 3866 ριοειλαρήαειεεεοιι.

208 3923 256 3987 Ne
278 3941 351 3986 sero
376 3920 431 3984 tibi
455 3923 551 3985 lector
570 3921 665 3986 amice
690 3922 878 3986 occasionem
902 3921 993 3986 ullam
1017 3925 1180 4004 praebeam
1202 3932 1299 3988 totum
1314 3924 1372 3986 hoc
1385 3943 1482 4005 nego-

129 4009 197 4073 tium
213 4021 339 4092 propter
361 4011 520 4073 leviculum
541 4011 721 4075 discordiam
735 4012 900 4092 rejiciendi,
926 4014 1090 4076 mouendus
1109 4014 1158 4076 hic
1173 4033 1217 4088 es,
1242 4013 1321 4094 quod
1343 4020 1374 4076 te
1388 4014 1484 4094 prebe

129 4100 294 4164 meminisse
316 4101 422 4174 rolin,
458 4099 617 4181 Copcrnici
640 4101 787 4163 intentum
816 4121 873 4163 non
899 4101 927 4163 in
952 4103 1183 4182 cosmographia
1213 4102 1341 4178 versari,
1376 4103 1483 4165 sedin

130 4191 323 4253 astronomia:
355 4190 411 4252 hoc
436 4197 501 4265 est,
526 4197 626 4253 utrum
649 4189 782 4252 nonnihil
806 4190 835 4253 in
860 4209 963 4252 veram
987 4191 1101 4254 orbium
1124 4192 1348 4272 proportionem
1366 4200 1482 4272 peccet,

129 4295 229 4356 purum
250 4279 307 4360 ipsi
331 4297 422 4342 curae
446 4287 504 4353 est,
528 4280 616 4342 modo
639 4297 779 4341 numeros
802 4299 841 4342 ex
865 4279 1128 4343 observationibus
1148 4300 1201 4343 eos
1225 4281 1409 4355 constituat,
1434 4279 1483 4359 qui

131 4366 188 4428 sint
220 4369 257 4430 ad
289 4367 541 4430 demonstrandos
574 4374 673 4430 motus
705 4368 953 4450 planetarumque
986 4371 1053 4433 loce
1085 4370 1304 4448 computanda,
1340 4376 1483 4449 quantum
1553 4394 1561 4412 ·

131 4454 190 4517 lieri
212 4458 310 4536 potuit
331 4453 462 4518 maxime
486 4457 560 4536 apti.
606 4459 652 4519 At
674 4457 701 4517 si
727 4456 794 4536 quis
822 4457 956 4538 aptiores
980 4459 1051 4521 dare
1075 4467 1200 4520 conetur
1228 4466 1260 4519 et
1282 4458 1337 4519 hos
1363 4453 1481 4534 Ceper-

131 4544 184 4605 oici
209 4565 343 4610 numeros
367 4545 413 4606 ita
435 4545 581 4625 corrigat,
611 4552 645 4606 ut
673 4545 745 4607 nihil
769 4545 885 4608 interea
913 4552 967 4608 aut
995 4566 1101 4628 parum
1130 4546 1158 4608 in
1181 4541 1482 4626 prosthapbaercsesi

133 4632 237 4706 turbet
260 4636 289 4698 id
314 4635 359 4698 illi
382 4651 438 4714 per
461 4631 659 4714 Cepernicum
684 4633 773 4698 facile
797 4635 909 4698 licebit.

217 4723 257 4786 Ut
283 4723 377 4805 igitur
405 4741 549 4786 summam
581 4721 708 4804 denique
737 4722 805 4786 hnic
832 4721 954 4804 negotio
983 4741 1102 4804 manum
1134 4723 1301 4802 imponam,
1335 4721 1426 4793 alque
1448 4721 1484 4774 ui

135 4821 287 4892 appareat,
314 4803 392 4896 ¹qnid
418 4819 616 4897 quantumque
646 4829 741 4897 penes
771 4812 906 4899 singulos
939 4812 1079 4897 planetas
1108 4809 1138 4872 in
1165 4801 1370 4892 parallaxibut
1401 4799 1483 4866 orbis
