3586 5518
735 225 903 294 emm·
956 232 961 240 ·
1436 229 1493 300 rer

139 379 257 444 nomiae
281 382 516 465 descriptionem
539 385 674 448 obtinere
698 387 836 450 fortasse
853 397 980 470 possunt
996 390 1074 452 hanc
1088 409 1219 465 causam,
1244 401 1406 472 propterea
1421 395 1500 475 quod

139 468 252 531 orbium
285 473 499 552 proportiones
528 475 728 555 investigandi
760 477 842 540 nulla
872 478 933 540 illic
964 479 1097 550 occasio,
1132 479 1243 541 nullum
1277 480 1498 546 adminiculum.

139 555 402 628 Quemadmodum
425 563 503 624 euim
528 563 580 638 iis,
606 565 653 645 qui
679 567 716 626 de
741 568 827 627 novis
850 567 944 628 indiis
967 569 1165 648 scripserunt,
1200 587 1287 629 nemo
1312 569 1400 631 facile
1424 589 1499 632 con-

140 645 261 710 tradicit
284 651 337 730 qni
360 649 415 712 illa
440 651 506 714 loca
529 671 586 714 non
611 653 675 732 ipse
699 655 854 726 lustravit,
878 656 921 717 sio
944 657 1135 738 physicorum
1159 657 1344 720 ratiunculas
1366 658 1402 720 de
1424 679 1498 721 con-

139 743 218 798 tactu
242 737 362 802 orbium
386 749 577 804 astronomus
600 742 724 820 rejicere
740 763 796 806 non
812 753 923 825 potest,
949 765 1034 827 quem
1055 746 1297 808 observationum
1312 746 1500 827 experientia
1601 789 1606 800 -

138 833 167 884 et
189 824 404 906 hypothesium
429 830 561 893 conditio
592 830 620 892 in
645 833 760 895 coelum
783 832 881 913 ipsum
908 835 1043 915 interque
1072 835 1160 896 orbes
1185 853 1243 895 uon
1273 837 1381 897 evexit.
1427 834 1499 900 Jam

138 931 205 975 vero
229 933 269 976 ex
294 915 456 998 Gopernici
480 919 696 1001 hypothesibus
715 929 747 983 et
771 941 809 982 ex
831 923 883 984 illo
899 923 1010 984 Terrae
1033 932 1115 984 motu
1135 923 1278 1004 sequitur,
1304 924 1414 986 nullam
1430 943 1498 987 esse

137 1001 250 1066 orbium
279 1006 447 1069 vicinorum
480 1009 693 1082 differentiam,
727 1029 802 1090 qnae
836 1031 894 1073 non
926 1011 1028 1074 multis
1061 1011 1198 1091 partibus
1232 1012 1312 1073 orbis
1344 1011 1498 1094 utriusque

137 1092 395 1158 eccentricitatem
428 1105 558 1178 superet.
605 1099 708 1179 Atque
741 1100 829 1179 hujus
861 1101 904 1162 rei
937 1119 1011 1180 cape
1045 1101 1212 1178 exemplum
1245 1120 1283 1160 ex
1311 1101 1439 1162 Telluris
1467 1111 1499 1165 et

136 1179 265 1244 Veneris
290 1184 426 1264 orbibus,
449 1186 487 1247 iis
511 1205 626 1266 nempe,
652 1186 701 1267 qni
725 1188 878 1250 minimum
892 1189 929 1250 ab
954 1189 1082 1251 invicem
1102 1189 1220 1250 absunt.
1267 1186 1409 1258 Qualium
1424 1191 1497 1252 Tel·
1555 1259 1565 1270 ἡ

135 1269 204 1332 luris
228 1292 248 1333 a
271 1283 379 1335 centro
404 1275 504 1337 mundi
529 1275 677 1336 distantia
699 1277 856 1338 mediocris
886 1287 933 1339 est
957 1274 1013 1352 60,
1038 1278 1143 1340 talium
1163 1277 1294 1339 Veneris
1324 1279 1361 1339 ab
1391 1279 1497 1340 eodem

136 1359 286 1423 distantia
319 1363 478 1426 mediocris
511 1371 560 1424 est
585 1359 688 1446 4370,
722 1364 894 1428 differentia
925 1361 1003 1444 1691θ
1033 1367 1181 1444 scrupula.
1229 1366 1299 1428 Jam
1331 1367 1433 1428 Tellus
1466 1369 1497 1429 in

134 1449 279 1529 perigaeo
305 1453 522 1536 appropinquat
549 1451 660 1514 Veneri
684 1454 830 1534 scmpulis
856 1449 935 1538 272,
968 1457 1072 1516 Venus
1097 1455 1140 1517 illi
1165 1454 1283 1516 obviam
1306 1455 1443 1534 procedit
1458 1457 1496 1518 in

134 1557 270 1616 apogaeo
296 1541 445 1619 scrupulis
468 1540 572 1603 itidem
596 1535 676 1620 ‘2¹l„
706 1561 821 1606 summa
844 1541 863 1606 5
888 1543 1101 1622 scrupulorum.
1150 1543 1228 1622 Ergo
1260 1544 1416 1605 duodecim
1445 1563 1496 1605 re-

134 1627 226 1689 siduis
255 1629 409 1709 scrupulis
438 1631 512 1692 haec
541 1631 598 1692 duo
628 1651 754 1711 corpora
786 1632 904 1694 distant
931 1633 1024 1694 etiam
1053 1652 1119 1695 curu
1148 1632 1282 1711 proxime
1307 1633 1496 1694 abinvicem

134 1716 253 1781 absunt.
305 1715 395 1790 Quod
423 1719 449 1780 si
474 1719 538 1799 quis
562 1721 618 1781 boc
642 1720 850 1783 intermedium
878 1721 1009 1802 spatium
1039 1721 1180 1800 compleri
1209 1729 1330 1782 asserat
1356 1721 1497 1783 deferen-

134 1805 210 1867 tibus
243 1808 346 1869 nodos
379 1813 411 1870 et
438 1808 557 1870 circulis
587 1809 791 1883 latitudinum,
824 1811 851 1870 is
879 1811 1008 1889 cogitet:
1042 1829 1132 1890 posse
1162 1829 1198 1870 ea
1225 1810 1325 1871 officia
1353 1810 1445 1872 etiam
1478 1830 1497 1873 a

134 1894 220 1974 louge
246 1895 439 1960 tenuioribus
462 1897 599 1971 orbibus,
629 1917 717 1979 quam
742 1899 790 1979 qui
814 1907 931 1961 tanturn
955 1899 1070 1960 hiatum
1092 1898 1250 1979 impleant,
1282 1899 1494 1972 administrari,

135 2002 229 2064 neque
255 1993 401 2048 naturam
425 1987 544 2047 immani
568 1986 644 2048 mele
669 1995 821 2050 tantorum
846 1989 959 2050 orbium
985 1989 1178 2050 onerandam.
1225 1985 1372 2058 Quamvis
1397 1989 1496 2050 hercle

136 2069 301 2155 Coperniei
332 2074 515 2155 hypotheses
543 2094 645 2136 omnes
675 2076 719 2137 ita
749 2084 956 2158 comparatae,
990 2077 1035 2138 ita
1062 2084 1152 2156 aptae
1181 2085 1264 2146 suut,
1298 2077 1342 2137 ita
1369 2076 1495 2139 invicem

135 2161 321 2235 inserviunt,
354 2173 388 2226 nt
410 2163 489 2224 haud
509 2163 598 2226 facile
622 2165 682 2225 ullo
707 2166 797 2240 orbe,
826 2166 874 2244 qui
895 2167 974 2227 ultra
995 2167 1137 2245 planetae
1163 2166 1240 2227 viam
1265 2173 1426 2244 evagatur,
1457 2167 1495 2226 ad

133 2259 231 2314 motus
257 2251 430 2314 reddendos
455 2251 588 2332 indigere
611 2253 777 2315 videamur.
824 2253 886 2315 Sed
911 2263 990 2330 esto,
1017 2255 1102 2316 utin
1127 2253 1300 2334 propinquis
1324 2253 1425 2332 spatia
1448 2255 1494 2316 his

133 2339 318 2420 impleantur
341 2341 477 2404 orbibus:
502 2360 614 2421 quaeso
638 2341 710 2405 illud
735 2344 822 2422 quale
845 2343 886 2404 sit
910 2344 1075 2406 videamus.
1124 2339 1199 2404 Cum
1219 2341 1494 2422 aperigaeaJovis

133 2429 286 2492 distantia
310 2430 350 2491 ad
374 2431 483 2492 Martis
507 2449 692 2512 apogaeum,
719 2431 809 2510 duplo
833 2432 950 2512 longius
975 2441 1145 2494 numeretur
1168 2431 1312 2510 spatium,
1343 2451 1431 2511 quam
1455 2431 1493 2493 ab

132 2517 196 2596 ipso
211 2519 319 2581 Marte
342 2519 382 2581 ad
406 2527 540 2580 centmm
564 2521 663 2581 mundi
689 2519 790 2592 (Jovis
810 2521 889 2580 enim
908 2521 1056 2582 distantia
1079 2521 1170 2601 tripla
1194 2526 1243 2581 est
1265 2521 1304 2581 ad
1323 2521 1493 2594 Martiam),

132 2625 246 2686 ergone
276 2607 317 2668 ad
349 2608 450 2688 pusilli
478 2609 618 2689 planetae
643 2608 695 2669 vix
722 2608 905 2671 adsensum
929 2610 1090 2672 variandas
1119 2607 1333 2680 motiunculas,
1365 2608 1395 2670 in
1426 2610 1493 2670 lon-

131 2715 214 2775 gum,
239 2697 269 2759 in
295 2696 399 2770 latum,
425 2703 520 2759 totum
545 2698 600 2760 hoc
624 2698 756 2778 spatium
780 2698 869 2778 duplo
893 2699 1025 2760 crassius
1049 2699 1128 2760 omni
1152 2697 1251 2758 Marte
1276 2696 1407 2775 repletur
1428 2704 1493 2760 tam

40 2836 48 2864 ¹.
131 2785 322 2864 portentosis
351 2785 494 2848 orbibus?
539 2785 625 2858 Quae
653 2787 728 2848 haec
757 2793 883 2849 naturae
911 2787 1063 2850 luxuries?
1100 2784 1199 2856 Quam
1230 2785 1352 2865 inepta?
1394 2783 1494 2855 Quam

132 2873 273 2937 inutilis?
312 2872 411 2946 Quam
435 2874 554 2937 minime
578 2876 635 2956 ipsi
660 2876 794 2937 usitata?
839 2878 942 2957 Atque
966 2896 1003 2937 ex
1028 2877 1083 2938 hoc
1105 2876 1208 2938 videre
1232 2883 1294 2948 est,
1318 2873 1348 2934 iu
1374 2871 1492 2953 Ceper-

131 2963 202 3026 uico
224 2963 340 3025 nullum
364 2965 467 3026 orbem
491 2964 529 3025 ab
553 2966 612 3026 alio
642 2963 743 3046 tangi,
776 2964 831 3027 sed
855 2965 989 3044 ingentia
1017 2965 1143 3044 relinqui
1175 2969 1372 3045 systematum
1394 2962 1491 3023 inter-

131 3053 217 3114 valla
239 3052 345 3133 ntique
373 3051 463 3133 plena
485 3048 610 3117 coelesti
633 3072 719 3128 aura,
754 3053 808 3115 sed
831 3055 869 3115 ad
894 3062 1031 3116 nentrum
1059 3061 1159 3114 tamen
1184 3050 1415 3131 propinquorum
1438 3070 1492 3132 sy-

131 3148 300 3204 stematum
330 3141 525 3223 pertinentia.
579 3141 755 3216 (Schemate
779 3139 832 3206 22.
864 3144 904 3205 ob
937 3143 1039 3206 oculos
1062 3160 1195 3222 propono
1230 3139 1283 3201 tibi
1315 3138 1431 3201 orbium
1462 3145 1494 3201 et

130 3227 366 3293 interstitiorum
399 3231 621 3311 magnitudines
653 3233 740 3311 juxta
767 3249 856 3294 veras
888 3231 1115 3312 proportiones:
1151 3230 1193 3292 nti
1224 3248 1277 3291 eae
1309 3227 1439 3290 numeris
1473 3249 1493 3289 a

65 3329 71 3338 '
132 3317 304 3399 Copernieo
326 3337 489 3400 expressae
511 3318 652 3394 arnob)
689 3318 800 3383 Eorum
823 3328 926 3384 autem
950 3321 1115 3400 spatiorum
1139 3339 1206 3381 curn
1230 3317 1314 3380 initio
1339 3317 1494 3396 professus

132 3407 191 3470 sim
213 3427 327 3472 causas
350 3427 389 3470 ex
412 3405 432 3472 5
456 3409 629 3489 corporibus
652 3409 787 3486 reddere,
813 3427 866 3472 cnr
888 3416 976 3472 tauta
999 3409 1119 3489 singula
1142 3409 1221 3470 inter
1243 3407 1329 3469 binos
1352 3405 1493 3486 planetas

132 3497 242 3560 relicta
264 3497 329 3560 siut
351 3517 370 3558 a
395 3495 541 3560 Creatore
565 3496 688 3581 Optimo
711 3496 817 3572 Max,
846 3517 951 3579 nempe
976 3499 1054 3579 quod
1078 3497 1215 3577 singulae
1237 3496 1351 3575 figurae
1375 3494 1495 3574 singula

133 3585 298 3648 intervalla
320 3585 461 3662 efficiant,
486 3587 642 3651 videamus
665 3587 762 3662 modo,
787 3606 876 3668 quam
900 3588 929 3650 id
954 3587 1084 3650 feliciter
1106 3587 1257 3648 tentatum
1276 3585 1325 3658 sit
1351 3601 1493 3645 causam-

153 3694 191 3736 ne
222 3675 303 3738 hanc
335 3693 454 3738 coram·
466 3677 654 3739 astronomia
679 3677 782 3758 judice
817 3685 850 3738 et
881 3677 1046 3756 interprete
1079 3673 1246 3754 Oopernico
1279 3671 1492 3751 disceptemus.

134 3693 267 3828 brbibus
291 3763 366 3844 ipsis
390 3771 508 3827 tautam
530 3766 665 3846 relinquo
689 3764 867 3840 crassitiem,
893 3773 1037 3846 quantam
1060 3763 1185 3844 requirit
1200 3780 1343 3824 ascensus
1362 3761 1493 3824 descen-

137 3871 244 3934 susque
267 3853 430 3934 planetae:
455 3873 531 3934 qnae
554 3862 655 3916 mmen
679 3861 778 3916 utrum
801 3853 941 3928 sufficiat,
965 3854 1043 3916 inira
1066 3873 1132 3934 cap.
1153 3850 1208 3914 22.
1234 3849 1361 3912 videbis.
1404 3848 1494 3922 Quod

138 3941 162 4002 si
191 3943 306 4024 figurae
335 3941 515 4022 interjectae
538 3952 625 4019 sunt,
658 3952 694 4006 ut
716 3943 793 4006 dixi:
827 3950 948 4022 oportet
975 3941 1065 4004 imam
1093 3940 1256 4022 superioris
1280 3939 1361 4001 orbis
1385 3959 1493 4020 euper-

139 4029 229 4094 hciem
257 4031 383 4112 aequari
415 4030 638 4112 circumscripto
666 4032 798 4114 figurae,
832 4049 976 4093 summam
1007 4029 1158 4092 inferioris
1187 4027 1348 4107 inscripto,
1380 4028 1494 4111 ligures

138 4127 233 4184 autern
257 4120 376 4184 censeri
401 4137 438 4182 oo
460 4119 573 4196 ordine,
598 4140 685 4202 quem
708 4139 800 4200 supra
821 4120 988 4184 rationibus
1012 4115 1362 4268 ⁰⁰nfifm³vi12baui⁸¹5

719 4221 725 4228 ·
1204 4226 1214 4267 r
1238 4251 1245 4268 .
1295 4251 1302 4266 .
1346 4224 1449 4288 opem.

321 4293 342 4372 lj
639 4295 727 4359 Jovis
796 4293 860 4358 577
1086 4311 1089 4316 ·
1131 4292 1296 4374 usucap.
1343 4291 1374 4358 9.
1439 4350 1442 4358 .

316 4309 370 4476 lii
417 4391 467 4446 est
494 4379 577 4448 1000
639 4384 750 4448 Martie
796 4380 860 4448 333
940 4385 985 4448 At
1008 4393 1057 4446 est
1129 4380 1295 4462 3330212.
1324 4375 1373 4444 14.

152 4475 184 4542 Si
206 4477 269 4542 ima
314 4483 342 4546 d
386 4471 521 4536 debebat
531 4492 598 4535 esse
640 4473 768 4536 Telluris
797 4470 861 4535 795
916 4473 1079 4536 secundum
1129 4471 1193 4538 757
1220 4469 1295 4551 Cap.
1323 4466 1373 4533 19.

316 4565 343 4642 ὅ
439 4579 555 4624 summa
640 4561 772 4624 Veneris
797 4558 860 4625 795
895 4561 1093 4643 Copernicnm
1129 4559 1194 4626 794
1219 4557 1295 4637 Cap.
1320 4555 1358 4618 21
1387 4557 1413 4616 tu
1439 4549 1491 4614 22.

316 4651 343 4724 Ω
638 4649 860 4714 Mercurii-577
968 4715 974 4730 ,
1129 4647 1193 4713 729
1217 4645 1294 4725 Cap.
1319 4641 1371 4704 27.
1391 4637 1435 4712 ³⁹)

725 4739 775 4800 rel
798 4734 861 4802 707
