3628 5518
338 279 401 345 trs
848 277 1180 343 truncamus

418 441 464 506 ,Si
485 453 579 496 verum
600 439 667 496 dicit
679 439 900 494 Ptolemaeus
924 439 958 492 de
980 445 1058 494 motu
1078 451 1224 508 corporum
1236 437 1434 492 mundenormn
1461 441 1496 493 et
1513 439 1688 509 dispositione

338 522 469 587 „orbium
493 527 558 576 mno
580 519 659 576 nulls
672 525 717 574 est
730 525 859 574 oosstens
883 525 913 574 et
927 518 1051 574 identios
1073 535 1125 589 per
1138 533 1233 572 omnes
1254 519 1384 596 planetes
1408 519 1551 588 proportio
1574 527 1689 574 nomon

337 619 405 668 „seu
418 599 616 672 periodioorurn
631 605 784 668 temporum
798 601 834 654 ed
847 600 937 654 orbes.

417 680 465 745 „Si
487 696 583 735 rerum
606 679 673 734 dicit
695 679 815 748 Tyoho
836 678 1015 742 Brsheus,
1044 677 1135 732 Solem
1158 676 1266 746 quidem
1289 693 1351 730 esse
1374 685 1497 732 centnm
1520 678 1689 748 plnneterum

338 761 484 832 „quinque
504 759 592 816 veluti
606 759 725 830 quinque
740 758 933 828 eplcpolorunr,
949 758 1064 812 Terram
1077 774 1143 812 vero
1157 773 1219 810 esse
1234 765 1357 810 centrum
1371 757 1540 831 orbisSolls,
1564 766 1598 814 nt
1609 760 1690 816 Terre

337 840 514 912 ,quiescente
527 839 575 897 Sol
599 840 748 898 slroumest
770 845 888 907 portans
910 845 939 892 et
962 838 1064 892 iurene
1086 846 1211 907 systema
1228 843 1318 891 totum
1339 837 1547 907 plenetsriuns
1563 845 1629 894 tuno
1651 847 1690 893 est

336 920 463 994 ,quidem
477 921 575 977 eedem
595 919 739 990 proportio
752 916 952 988 periodioorun
966 924 1119 986 temporum
1138 919 1173 970 sd
1196 919 1276 972 orbes
1296 933 1348 986 per
1361 933 1454 972 omnes
1473 918 1621 988 planetus
1643 919 1689 973 soi·

337 1001 421 1063 ,licet
434 999 577 1070 proportio
591 999 765 1069 periodorum
780 995 872 1067 (rerhi
895 1013 989 1060 conss,
1004 996 1076 1052 Solis
1097 1003 1128 1050 et
1141 992 1255 1065 Mortis)
1269 1005 1315 1050 est
1338 997 1525 1068 sesquialtero
1542 999 1689 1069 proportio·

337 1081 396 1148 ,nis
412 1079 517 1134 crhlunr
532 1096 650 1142 suorum,
675 1081 722 1132 sed
737 1085 826 1132 motus
840 1095 895 1132 non
910 1079 946 1132 sb
961 1079 1055 1133 ecdem
1070 1084 1165 1131 centro
1179 1077 1365 1148 dispensetur,
1387 1085 1478 1132 motus
1492 1078 1565 1132 eninr
1580 1080 1690 1149 quinque

338 1162 532 1232 ,planetarum
546 1159 619 1214 circe
633 1157 724 1213 Solem
738 1159 917 1228 dispensatur
931 1174 950 1210 n
963 1156 1037 1222 Sole,
1062 1164 1151 1212 motus
1166 1174 1232 1210 vero
1246 1157 1317 1212 Solis
1338 1157 1411 1210 ciros.
1425 1158 1540 1212 Terreni
1554 1160 1689 1229 dispenso·

338 1249 401 1304 ,tur
415 1256 433 1293 e
447 1239 548 1302 'l'errss
572 1246 603 1294 et
617 1240 656 1292 sio
670 1237 718 1294 Sol
732 1239 917 1308 plonetnrum,
942 1237 1030 1294 Terre
1042 1252 1110 1290 vero
1123 1236 1195 1290 Solis
1209 1245 1298 1292 motor
1312 1237 1498 1292 constituitur.

417 1319 464 1383 „Si
484 1314 600 1389 denique
614 1335 710 1388 rerum
723 1317 791 1372 dicit
802 1317 1054 1382 Aristarchus,
1078 1317 1171 1372 Solem
1192 1334 1254 1372 esse
1269 1324 1393 1373 centrum
1415 1325 1445 1372 et
1459 1317 1580 1388 quinque
1600 1318 1690 1388 plene·

337 1399 488 1464 ,lariorum
509 1397 617 1454 orbium
638 1405 668 1452 et
686 1397 761 1452 sexti
774 1398 866 1460 etiem,
891 1397 937 1467 qui
951 1398 1089 1452 Tellurem
1108 1397 1193 1462 vehit,
1218 1404 1250 1452 ut
1262 1397 1328 1454 Sole
1342 1397 1501 1467 quiescente
1515 1399 1611 1454 Tellus
1626 1397 1693 1452 inter

337 1480 485 1552 ,planetus
499 1485 607 1533 ceteros
622 1478 697 1532 circo
710 1477 802 1532 Solem
816 1477 949 1534 vehetur:
970 1485 1036 1533 tunc
1051 1478 1175 1532 binorum
1189 1493 1410 1548 quorumcunque
1425 1478 1603 1547 planetarum
1617 1479 1690 1532 orhes

335 1559 426 1624 ..inter
440 1576 470 1613 se
484 1559 690 1628 proportionem
700 1558 785 1614 telem
794 1557 909 1620 hebent,
923 1574 995 1628 quoe
1006 1560 1074 1612 duos
1085 1557 1183 1614 tertios
1194 1556 1395 1627 complectetur
1405 1557 1595 1627 proportionis
1608 1557 1691 1628 perio·

335 1641 455 1704 ,dorum
471 1639 516 1692 rel
537 1639 679 1708 proportio
699 1637 872 1707 periodorum
896 1643 941 1692 est
954 1637 1154 1707 perfectissime
1173 1638 1360 1707 sesquialtero
1377 1637 1564 1708 proportionis
1580 1637 1690 1698 urbium

336 1727 383 1786 ,et
395 1727 486 1776 motus
500 1725 558 1774 tem
573 1717 691 1774 Telluris
711 1733 791 1788 quem
811 1724 965 1772 ceterorum
985 1717 1104 1790 quinque
1123 1734 1161 1772 ex
1179 1716 1259 1772 unico
1281 1717 1357 1772 fonte
1372 1717 1476 1772 Soletis
1497 1719 1621 1788 corporis
1642 1717 1689 1772 dis-

285 1849 288 1857 .
337 1841 350 1866 „
374 1805 497 1856 ensetur.

353 1817 372 1872 P
414 1879 484 1944 ,Hic
493 1877 572 1932 nullo
583 1877 666 1948 plone
674 1884 718 1931 est
727 1875 865 1957 exceptio,
875 1875 1017 1948 proportio
1028 1883 1073 1932 est
1082 1875 1264 1932 munitissime
1274 1893 1312 1932 ex
1321 1883 1438 1947 utroque
1448 1877 1555 1942 letere3
1567 1897 1604 1934 ex
1617 1887 1691 1948 porte

335 1959 461 2032 ,quidem
481 1975 579 2014 sensus
601 1963 774 2014 attestentur
795 1964 1012 2012 astronomorum
1027 1956 1235 2011 ohservationes
1261 1956 1438 2027 quotioisnue
1462 1974 1525 2014 oum
1549 1959 1621 2014 omni
1634 1958 1691 2012 suh·

335 2039 457 2104 ,tilitete
472 2055 538 2094 sno:
563 2055 600 2092 ex
614 2043 696 2106 perte
710 2053 776 2093 vero
790 2031 907 2091 rstionis
932 2036 1103 2106 astipuletur
1116 2037 1195 2091 nohis
1208 2036 1388 2092 Aristarchus
1413 2037 1440 2090 in
1453 2040 1645 2108 generniihus,
1668 2037 1692 2091 in

335 2118 445 2190 ,specie
466 2134 532 2172 vero
553 2132 656 2172 consec
679 2123 833 2190 suppetunt
856 2115 1092 2180 evidentissimae,
1123 2117 1217 2187 posits
1239 2117 1332 2187 specie
1361 2116 1552 2175 innotesces
1578 2116 1691 2189 corporis

335 2197 465 2264 ,Soteris
490 2212 538 2252 our
561 2196 703 2269 proportio
727 2193 831 2254 dehent
843 2213 905 2250 esse
928 2213 979 2250 neo
1000 2197 1108 2266 simple,
1132 2213 1184 2250 nec
1197 2197 1292 2268 duple,
1314 2197 1365 2252 sed
1385 2197 1470 2266 plone
1494 2199 1690 2270 nequinum:

335 2293 454 2344 ,consue
473 2277 559 2331 etlnm
582 2282 747 2346 suppetunt,
777 2293 825 2332 our
846 2272 895 2331 Sol
918 2276 1012 2346 potius
1032 2277 1135 2332 Terrore
1162 2283 1196 2330 ut
1217 2277 1393 2346 planetarum
1420 2287 1593 2343 ceterorum,
1616 2293 1691 2348 qum

334 2359 440 2424 „Terre
452 2355 524 2412 Solis
539 2365 628 2412 motor
641 2371 704 2410 esse
716 2356 818 2427 possim
842 2355 963 2428 denique·
979 2357 1109 2418 netursle
1123 2356 1241 2410 retlouis
1264 2357 1355 2412 lumen
1376 2355 1473 2422 dictet,
1497 2345 1652 2430 digniorem
1665 2362 1692 2410 et

335 2437 442 2509 ,magis
456 2435 664 2510 erohetypiosm
688 2453 750 2492 esse
772 2436 893 2507 speciem
914 2453 1028 2508 operum
1042 2437 1105 2512 Del,
1127 2436 1150 2490 si
1164 2444 1254 2491 motus
1269 2453 1362 2492 omres
1385 2439 1421 2490 oh
1438 2455 1492 2494 unc
1507 2439 1588 2494 fonte
1602 2439 1690 2498 duent,

334 2533 434 2588 „quem
448 2515 471 2571 si
485 2511 611 2588 plerique
626 2514 733 2588 quidem
748 2517 784 2570 eh
798 2533 853 2572 uno
867 2514 916 2569 illc
931 2516 1017 2581 fonte,
1033 2516 1118 2570 fontis
1128 2533 1194 2570 vero
1209 2517 1295 2586 ipsius
1311 2518 1347 2572 eb
1357 2517 1413 2572 otio
1427 2516 1598 2587 ignobiliore
1612 2517 1690 2572 ionte.

415 2599 554 2662 „Accedet
575 2613 641 2652 vero
657 2595 784 2652 formatio
808 2592 871 2666 ipso
884 2595 1071 2668 proportionis
1094 2596 1199 2652 orbium
1213 2597 1327 2652 seorsim
1342 2605 1407 2652 ente
1421 2605 1511 2652 motus
1539 2599 1624 2662 fecte,
1646 2613 1692 2667 per

334 2677 471 2748 ,quinque
494 2676 601 2748 dguros
624 2685 654 2729 et
677 2693 727 2746 per
740 2677 908 2732 hermenios.
951 2677 1022 2732 Nom
1045 2675 1068 2730 si
1083 2677 1208 2733 Breheus
1227 2693 1322 2732 verum
1345 2677 1425 2741 dicit,
1449 2678 1543 2734 locum
1566 2679 1622 2732 ists
1642 2693 1691 2732 non

334 2757 466 2822 „hebent
482 2755 533 2810 nisi
549 2753 653 2812 sdscito
668 2755 770 2810 circulo
784 2757 877 2827 aliquo
892 2753 1010 2810 Telluris
1026 2757 1098 2812 inter
1112 2758 1192 2810 orbes
1206 2757 1306 2812 Mortis
1320 2764 1351 2810 et
1364 2757 1480 2812 Veneris
1494 2775 1549 2829 per
1563 2757 1690 2830 imaginu-

334 2837 453 2902 „tionem
469 2835 666 2892 circumducto:
691 2843 721 2889 et
734 2835 812 2892 Deus
835 2852 889 2890 non
903 2836 943 2889 rei
958 2835 1053 2906 ipsius,
1078 2837 1125 2890 sed
1141 2837 1346 2908 imaginationis
1369 2837 1462 2907 potius
1477 2855 1575 2894 curem
1589 2836 1688 2898 hshult,

333 2917 522 2988 „distorquens
548 2934 616 2988 opus
640 2915 729 2986 ipsum
750 2919 922 2978 mundanum,
946 2924 979 2971 ut
994 2916 1085 2988 operis
1101 2915 1265 2990 imaginatio
1288 2917 1407 2987 pulchre
1424 2935 1487 2972 esse
1499 2926 1615 2989 posset:
1636 2931 1690 2972 cum

334 3004 446 3061 „temen
461 2995 584 3051 indultae
599 2996 673 3050 nilne
688 2995 790 3050 similes
805 2993 987 3068 imaginarius
1002 2996 1109 3066 species
1125 2996 1169 3064 (ut
1182 2996 1333 3052 stationum
1356 3005 1386 3052 et
1408 2989 1690 3072 retrogradationum)

334 3084 467 3142 „cursant
481 3077 533 3130 toll
547 3087 664 3134 ornatu:
690 3082 720 3129 st
735 3076 757 3129 si
772 3093 867 3130 verum
881 3076 949 3132 dicit
960 3076 1148 3142 Aristarchus,
1173 3085 1238 3131 tunc
1252 3084 1367 3132 ornatus
1381 3077 1435 3132 iste
1460 3079 1603 3134 invenitur
1616 3079 1641 3133 in
1653 3094 1689 3139 re,

333 3157 457 3228 ,species
471 3173 536 3210 vero
560 3155 741 3228 imaginarios
765 3173 867 3222 omues,
892 3157 972 3211 nullo
992 3164 1122 3227 exceptu,
1145 3157 1344 3228 permittuntur
1362 3158 1581 3216 necessitutibus
1602 3159 1689 3230 legun

333 3255 367 3302 ,o
388 3236 514 3292 tioerum.

368 3253 386 3308 p
413 3315 513 3382 ,Hisce
536 3315 680 3386 perpensis
704 3331 786 3388 spero
809 3331 858 3370 ros
883 3331 986 3387 requos
1010 3317 1171 3388 dogmatum
1194 3333 1321 3380 censores
1345 3316 1419 3382 iore,
1451 3335 1502 3372 nec
1527 3319 1623 3374 hostes
1645 3332 1689 3372 ror

332 3403 478 3468 ,gesturos
500 3403 614 3450 ornatus
636 3407 750 3466 operum
771 3395 922 3455 divinorum
943 3395 1161 3468 exquisitissimi.
1203 3397 1333 3454 Velete.“

883 3761 1003 3864 Caput
1029 3761 1138 3838 XXI.

719 3921 808 3999 Quid
829 3941 870 3984 eoo
892 3921 1016 4004 defectu
1038 3921 1258 4004 collipeodum
1272 3926 1300 3998 ⁸)
1325 3937 1329 3944 '
1444 3885 1445 3888 =

420 4056 471 4121 Sic
494 4059 586 4140 igitur
610 4061 666 4125 hoo
690 4063 818 4126 altemm
842 4071 1049 4144 argumentum
1070 4062 1172 4140 notet,
1197 4083 1255 4145 quo
1273 4068 1433 4148 prohstom
1453 4077 1506 4130 est·
1515 4067 1688 4132 Aristotelis

330 4149 528 4224 motorium,
557 4149 692 4229 potiores
715 4171 783 4216 csse
807 4169 901 4214 novos
926 4153 1123 4234 hypotheses,
1152 4163 1314 4234 propterea
1337 4158 1415 4236 quod
1439 4175 1494 4237 per
1517 4177 1577 4221 ess
1595 4165 1688 4220 motos

329 4235 441 4317 duplici
465 4239 598 4314 nomine,
628 4249 660 4302 et
682 4240 805 4304 virtutis
828 4241 994 4303 intentione
1018 4250 1051 4303 et
1073 4241 1231 4304 celeritate
1254 4244 1384 4320 reditus,
1416 4247 1492 4309 finnt
1518 4247 1686 4327 proportio-

329 4327 417 4388 nsles
445 4325 616 4405 ἀποςημασι
645 4327 877 4409 Copomlosnis,
911 4329 998 4411 qnod»
1022 4329 1052 4391 in
1080 4340 1216 4393 veterum
1243 4333 1281 4394 de
1310 4335 1419 4396 muodo
1444 4335 1607 4398 traditione
1629 4333 1687 4396 heri

330 4416 410 4478 nulio
432 4425 525 4496 puoto
547 4418 657 4498 potuit.
705 4419 809 4499 Atque
837 4419 911 4482 hsec
944 4417 1062 4500 quidem
1094 4419 1183 4506 hujus
1213 4421 1250 4483 de
1278 4432 1360 4486 moto
1391 4431 1542 4486 tractatus
1567 4423 1686 4486 intentio

331 4505 397 4566 sols
420 4505 552 4568 debebat
575 4525 653 4584 esse.
701 4507 817 4570 Verum
840 4527 899 4570 non
923 4507 1045 4572 difficile
1069 4507 1141 4570 mihi
1164 4518 1214 4572 ost
1241 4511 1405 4592 conjicere,
1433 4511 1614 4586 exstituros,
1642 4511 1686 4591 qul

331 4593 520 4674 optaverint,
554 4601 588 4657 nt
615 4593 693 4658 hano
721 4595 858 4659 nltimam
887 4592 1021 4676 opusculi
1049 4606 1167 4677 portem
1191 4599 1369 4664 omisissem.
1416 4601 1537 4684 Etenim
1563 4601 1687 4676 (dicent)

330 4681 356 4743 si
384 4701 487 4746 veram
513 4703 568 4766 per
596 4701 724 4766 corpore
749 4684 975 4768 proportionem
1008 4687 1159 4750 coelorum
1191 4689 1424 4755 constituisses:
1458 4691 1560 4772 utique
1593 4699 1687 4753 motus

330 4766 413 4834 liism
429 4771 650 4838 confirmarent.
688 4770 916 4840 Verituseuim
938 4795 958 4838 s
980 4793 1013 4840 se
1037 4773 1106 4857 ipss
1129 4796 1188 4842 nou
1212 4779 1351 4849 modoet
1387 4779 1483 4863 Atqui
1506 4781 1595 4846 vides
1615 4779 1685 4861 iero
1787 4791 1788 4794 ’
