3586 5518
644 279 770 332 muana
788 281 821 332 er
839 282 965 334 inem.
1421 283 1484 352 109

125 435 337 518 qninqnnngnlo
362 439 504 513 tertiam,
528 437 692 519 sexangulo
717 447 864 518 quartam.
912 437 1047 520 Cumque
1062 440 1157 504 etiam
1181 441 1260 506 oculi
1282 443 1486 508 reclamarent

124 526 302 588 insecenda
325 527 493 604 distantia,
517 545 594 609 qnae
617 534 666 590 est
687 527 768 590 inter
784 526 894 590 Jorem
914 535 945 590 et
959 528 1107 604 Martem
1130 531 1309 610 quadratum
1331 531 1484 613 triangulo

125 626 153 676 et
174 613 401 697 quinquangnlo
425 613 558 696 amussi.
604 615 754 680 Infinitum
778 625 826 678 est
849 616 969 698 singula
990 618 1141 699 persequi.

203 701 245 764 lit
266 705 338 768 finis
363 705 457 786 hujus
481 704 556 766 irriti
580 713 708 768 conatus
732 705 791 768 luit
813 703 907 780 idem,
941 704 992 786 qni
1013 708 1157 786 postremi
1182 715 1214 769 et
1237 707 1334 770 felicis
1357 708 1483 774 initium.

124 793 229 872 Nempe
252 793 409 872 cogitavi,
433 793 490 856 hac
504 792 567 868 via,
592 792 738 874 siquidem
753 793 887 856 ordinem
911 793 990 857 iuter
1013 796 1125 874 figuras
1141 796 1230 857 velim
1244 815 1380 873 servare,
1405 817 1484 861 nun-

124 899 205 962 qnam
228 900 276 942 me
300 890 519 962 perventurum
543 900 636 962 naque
652 883 691 944 ad
706 880 821 956 Solem,
848 901 942 962 neque
957 900 1081 945 causam
1105 883 1291 959 habiturum,
1317 886 1484 967 cnrpctius

123 972 179 1032 sint
199 989 269 1046 sex,
296 989 391 1052 qaam
414 971 522 1050 viginti
544 971 592 1031 vel
616 979 736 1034 centum
761 971 850 1032 orbes
864 971 1001 1034 mobiles.
1047 971 1203 1036 Ettamen
1228 973 1391 1052 placebant
1405 975 1483 1054 ligu-

123 1079 183 1134 res,
206 1068 312 1139 utpote
339 1059 544 1139 quantitates,
569 1068 601 1121 et
624 1079 674 1121 res
697 1060 790 1121 coelis
814 1060 904 1140 prior.
952 1057 1118 1131 Quantitas
1139 1062 1216 1123 enim
1232 1061 1317 1124 initio
1332 1081 1399 1126 cum
1414 1082 1484 1125 cor·

123 1168 188 1228 pore
216 1147 380 1224 creatam
415 1147 492 1212 coeli
521 1148 619 1210 altero
643 1148 702 1210 die.
750 1145 838 1218 Quod
873 1149 898 1210 si
928 1148 1133 1228 (cogitabam)
1165 1169 1220 1230 pro
1253 1149 1423 1232 quantitate
1453 1161 1485 1214 et

123 1237 311 1316 proportione
339 1236 582 1311 serendorum,
608 1255 683 1317 qnos
707 1237 818 1298 statuit
842 1234 1046 1318 Copemicne,
1079 1238 1207 1318 quinque
1230 1247 1348 1302 tantum
1371 1241 1484 1320 figurae

122 1328 194 1388 inter
216 1326 355 1388 infinitas
380 1325 513 1406 reliquas
538 1325 663 1405 reperiri
687 1335 826 1405 possent,
859 1343 935 1404 quae
962 1344 1036 1407 prae
1060 1328 1170 1390 ceteris
1197 1327 1365 1408 peculiares
1389 1347 1483 1408 quae-

124 1416 186 1476 dam
217 1416 428 1496 proprietates
459 1413 619 1489 heberent,
654 1433 692 1475 ex
725 1423 796 1475 voto
828 1433 878 1476 rea
910 1423 1003 1478 esset.
1050 1417 1145 1496 Atqui
1173 1433 1287 1478 rursum
1321 1417 1483 1480 instabam.

124 1501 197 1574 Quid
229 1505 347 1584 figurae
377 1503 486 1583 planae
518 1502 595 1564 inter
619 1503 732 1564 solidos
761 1502 874 1563 orbes?
920 1501 1027 1567 Solida
1051 1504 1153 1582 potius
1176 1523 1304 1585 corpora
1327 1504 1483 1568 adeantur.

122 1591 208 1668 Ecce,
234 1592 349 1668 lector,
376 1593 531 1654 inventum
555 1591 611 1652 hoc
635 1599 667 1652 et
689 1591 848 1652 materiam
871 1593 965 1654 totius
981 1591 1066 1672 hqjus
1081 1593 1225 1672 opusculi.
1272 1594 1352 1656 Nam
1371 1595 1397 1656 si
1417 1594 1485 1675 quis

123 1681 223 1744 leviter
253 1680 443 1760 geometriae
471 1680 587 1759 peritus
612 1680 739 1742 totidem
768 1679 867 1740 verbis
892 1690 1063 1754 moneatur,
1097 1680 1142 1743 illi
1159 1681 1279 1744 'statim
1311 1683 1341 1744 in
1365 1692 1484 1762 promtu

123 1779 187 1832 sunt
209 1771 344 1852 quinque
369 1768 521 1849 regularia
540 1765 667 1847 corpora
691 1787 757 1830 oum
781 1769 974 1848 proportione
998 1769 1112 1832 orbium
1132 1770 1422 1852 circumscriptorum
1445 1773 1485 1834 ad

124 1859 301 1938 inscriptos:
333 1858 377 1919 illi
403 1857 508 1918 statim
533 1856 571 1920 ob
595 1861 698 1920 oculos
722 1867 861 1918 versetur
884 1858 1018 1920 scholion
1048 1858 1121 1922 illud
1148 1857 1325 1921 Euclideum
1350 1861 1387 1922 ed
1411 1878 1484 1941 pro·¹

123 1949 300 2028 positionem
331 1943 378 2009 18.
404 1946 454 2007 lib.
484 1941 531 2006 13.
568 1963 626 2026 quo
654 1946 881 2008 demonstratur
909 1946 1093 2027 impossibile
1127 1967 1210 2022 cese,
1245 1957 1278 2009 nt
1308 1950 1396 2028 plura
1424 1949 1485 2010 sint

124 2047 171 2098 aut
192 2037 407 2116 excogitentur
438 2033 589 2114 regularia
611 2052 739 2114 corpora
763 2053 852 2115 quam
876 2035 1014 2116 quinque.
1062 2033 1124 2097 Rea
1154 2036 1351 2099 admiratione
1382 2037 1483 2117 digna,

123 2145 184 2188 cnm
207 2127 343 2188 nondum
367 2132 523 2186 constaret
546 2122 619 2183 mihi
643 2124 679 2183 de
703 2123 889 2202 singulorum
912 2142 1067 2204 corporum
1087 2125 1308 2206 praerogativis
1324 2126 1353 2188 in
1369 2127 1483 2202 ordine,

125 2233 204 2276 usum
227 2233 276 2275 me
303 2212 425 2275 minime
449 2220 560 2290 arguta
583 2211 757 2290 conjectura
785 2231 822 2273 ex
845 2213 925 2273 notis
948 2214 1138 2291 planetarum
1165 2213 1320 2277 distantiis
1344 2215 1484 2290 deducta,

124 2303 194 2366 adeo
218 2302 352 2366 feliciter
375 2319 498 2380 scopum
521 2301 660 2378 tetigisse
685 2301 714 2362 in
739 2299 843 2362 ordine
867 2319 1036 2380 corporum,
1073 2311 1106 2364 ut
1129 2302 1202 2364 nihil
1225 2303 1256 2364 in
1279 2303 1340 2365 illis
1363 2311 1482 2382 postea,

124 2411 185 2454 cnm
212 2391 375 2472 exquisitis
405 2406 526 2468 agerem
554 2388 735 2463 rationibus,
769 2389 926 2450 immutare
955 2390 1113 2468 potuerim.
1160 2391 1210 2453 Ad
1244 2391 1286 2452 rei
1311 2392 1483 2454 memoriam

125 2481 237 2542 ascribo
266 2479 323 2541 tibi
349 2477 551 2552 sententiam,
584 2477 629 2539 ita
652 2479 694 2539 uti
718 2476 837 2550 incidit,
871 2486 903 2539 et
926 2497 961 2540 eo
994 2486 1143 2541 momenta
1167 2478 1268 2541 verbis
1296 2489 1482 2560 conceptam.

126 2570 237 2642 ,Terra
260 2576 311 2629 eat
328 2567 458 2629 circulus
472 2585 592 2628 mensor
606 2564 784 2639 omninmb:
808 2565 852 2628 illi
876 2567 1086 2629 circumscribe
1101 2566 1330 2632 dodecaddron:
1355 2569 1484 2631 circulus

125 2658 176 2719 hoc
199 2656 457 2737 comprehendens
481 2653 539 2716 erit
562 2655 656 2718 Mara.
704 2655 797 2716 Marti
821 2653 1035 2717 circumscribe
1054 2657 1246 2718 tetraddron:
1277 2657 1404 2719 circulus
1427 2658 1483 2719 hoc

125 2745 377 2827 comprehendens
402 2743 460 2805 erit
481 2742 612 2822 Jupiter.
660 2743 730 2806 dcvi
755 2743 964 2806 circumscribe
988 2745 1113 2806 cubum:
1147 2745 1274 2808 circulus
1298 2747 1374 2806 hunc
1398 2764 1483 2808 com-

125 2834 311 2916 prehendens
336 2833 395 2894 erit
417 2831 577 2894 Saturnus.
624 2830 694 2893 Jam
720 2833 831 2894 Terrae
850 2829 994 2894 ‘inscribe
1022 2832 1219 2896 ieosaedrou:
1252 2833 1295 2895 illi
1323 2833 1485 2913 inscriptus

125 2925 251 2986 circulus
276 2921 335 2984 erit
358 2922 474 2983 Venus.
523 2920 636 2981 Veneri
659 2920 789 2983 inscribe
814 2921 999 2984 octaedron:
1025 2921 1068 2984 illi
1091 2921 1252 3001 inscriptus
1276 2922 1404 2984 circulus
1428 2923 1487 2984 erit

126 3012 323 3075 Mercurius.“
368 3010 473 3072 Habes
496 3008 645 3070 rationem
669 3010 784 3072 numeri
806 3011 1005 3090 planetarum.

210 3102 296 3162 Haec
320 3099 441 3162 occasio
466 3107 497 3160 et
520 3093 678 3160 successus
701 3097 789 3179 hujus
814 3097 936 3161 laboris.
985 3097 1065 3160 Vide
1099 3115 1175 3160 nnnc
1208 3097 1300 3160 etiam
1329 3116 1427 3160 meum
1457 3097 1487 3161 in

127 3191 179 3251 hcc
203 3190 279 3253 libro
302 3188 502 3269 propositum.
548 3183 591 3248 Et
614 3186 732 3266 quidem
757 3197 900 3268 quantam
928 3205 966 3248 ex
999 3185 1171 3248 inventione
1200 3187 1387 3268 voluptatem
1415 3206 1487 3268 per-

128 3279 272 3359 ceperim,
304 3295 454 3357 nunquam
484 3274 584 3337 verbis
614 3293 801 3354 expressero.
848 3277 917 3338 Non
942 3295 988 3338 me
1012 3275 1122 3356 perditi
1145 3277 1291 3357 temporis
1314 3275 1490 3356 poenitebat

129 3367 261 3448 amplius,
286 3386 345 3428 non
369 3373 540 3445 pertaesum
564 3373 613 3426 est
636 3365 758 3439 laboris,
784 3365 940 3426 molestias
965 3365 1074 3428 calculi
1099 3366 1197 3427 nullas
1220 3364 1399 3444 subterfugi,
1424 3365 1490 3428 dies

129 3467 287 3538 noctesque
311 3454 512 3533 computando
536 3453 705 3515 consumsit
731 3453 826 3516 donec
841 3473 1003 3529 cernerem,
1029 3462 1127 3518 utrum
1142 3462 1288 3533 concepta
1302 3455 1402 3517 verbis
1417 3473 1490 3518 sen-

128 3547 223 3607 tentia
246 3563 310 3607 cum
327 3542 487 3624 Copemioi
507 3541 628 3603 orbibus
651 3543 847 3618 consentiret,
873 3561 911 3604 an
936 3562 1007 3605 vero
1030 3544 1145 3606 ferrent
1169 3561 1237 3604 mea
1259 3543 1372 3622 gaudia
1393 3543 1487 3606 venti.

130 3632 216 3704 Quod
239 3633 264 3695 si
286 3653 360 3708 rem,
386 3631 429 3694 uti
453 3651 520 3693 esse
544 3630 697 3710 putabam,
724 3631 988 3710 deprehenderem,
1013 3640 1117 3694 votum
1140 3631 1205 3694 Deo
1222 3631 1294 3711 Opt.
1310 3631 1393 3693 Man.
1419 3632 1487 3707 feci,

130 3742 174 3783 me
197 3723 291 3804 prima
315 3721 475 3783 occasione
498 3720 555 3782 hoc
579 3719 755 3782 admirabile
785 3738 857 3782 suae
887 3719 1056 3801 sapientiae
1080 3721 1230 3801 specimen
1253 3719 1382 3799 publicis
1405 3722 1488 3802 typis

132 3812 206 3874 inter
232 3812 368 3874 homines
397 3809 639 3872 enuntiatorum:
674 3817 707 3871 ut
739 3809 875 3889 quamvis
908 3827 1004 3890 neque
1033 3811 1108 3872 haec
1136 3808 1325 3889 undiquaque
1349 3809 1489 3873 absoluta

131 3899 200 3975 sint,
222 3911 252 3964 et
276 3902 355 3962 lorte
379 3907 496 3960 restent
519 3897 670 3972 nonnulla,
696 3917 772 3980 quae
796 3917 835 3958 ex
858 3898 905 3959 his
929 3899 1024 3960 fluant
1046 3897 1211 3978 principiis,
1235 3915 1358 3978 qnorum
1381 3898 1489 3961 inven-
1599 3919 1613 3928 ·

132 3989 238 4052 tionem
250 3989 323 4051 mihi
339 4004 495 4051 reservare
508 4004 646 4066 possem:
671 3995 771 4048 tamen
796 3987 858 4062 alii,
883 3987 933 4067 qui
956 3987 1059 4048 valent
1083 3987 1212 4067 ingenio,
1237 3985 1487 4066 quamplurima,

132 4077 169 4138 ad
192 4079 425 4140 illustrationem
441 4074 568 4138 nominis
583 4073 685 4150 divini,
710 4073 805 4153 primo
829 4093 945 4156 qnoque
969 4085 1104 4155 tempore
1124 4075 1216 4154 juxta
1239 4094 1285 4136 me
1309 4075 1518 4155 proferrent·

133 4176 163 4226 et
181 4166 294 4230 landem
309 4163 535 4246 sapientissimo
551 4161 690 4225 Creatori
705 4183 762 4224 uno
787 4181 838 4225 ore
863 4164 1044 4227 accinerent.
1079 4161 1155 4226 Cum
1178 4163 1270 4243 igitur
1292 4166 1397 4244 paucis
1420 4173 1491 4245 post

134 4255 232 4317 diebus
254 4276 303 4318 res
329 4254 525 4328 succederet,
560 4260 650 4332 atque
675 4270 730 4332 ego
754 4251 1025 4330 deprehenderem,
1062 4271 1150 4332 quam
1173 4260 1244 4333 apte
1268 4271 1357 4317 unum
1381 4271 1490 4333 corpus

133 4355 202 4422 post
221 4345 301 4408 aliud
326 4345 407 4406 inter
430 4361 500 4404 suos
524 4342 663 4420 planetas
688 4342 818 4415 sederet,
843 4349 997 4421 totumque
1017 4341 1172 4421 negotium
1195 4341 1224 4402 in
1249 4339 1375 4404 formam
1396 4359 1490 4420 prse-

135 4433 223 4495 sentis
246 4432 384 4515 opusculi
408 4431 590 4510 redigerem:
615 4437 705 4510 atque
730 4429 760 4490 id
783 4429 946 4492 Maestlino
971 4429 1082 4492 celebri
1106 4427 1320 4492 mathematico
1343 4428 1489 4509 probare-

136 4528 200 4582 tnr:
226 4521 391 4603 intelligis,
423 4519 516 4581 amice
541 4520 670 4593 Lector,
699 4537 746 4580 me
769 4519 833 4580 voti
856 4538 958 4592 reum,
988 4537 1084 4598 neque
1107 4537 1199 4600 posse
1221 4536 1333 4580 morem
1356 4515 1490 4594 satyrico

137 4627 248 4687 gerere,
273 4613 323 4693 qni
347 4628 461 4672 nonum
483 4607 511 4669 in
536 4625 646 4669 anunm
664 4607 755 4687 jubet
777 4607 871 4669 libros
898 4605 1041 4670 detinere.

218 4702 300 4764 llaec
324 4719 386 4762 una
410 4716 502 4759 causa
525 4705 574 4758 est
597 4713 683 4757 meae
706 4695 935 4759 maturationis:
967 4695 1015 4757 cui
1042 4703 1078 4756 nt
1099 4712 1217 4756 omnem
1239 4691 1293 4753 tibi
1317 4685 1491 4763 scrupulum

139 4786 250 4854 einhtre
272 4785 452 4874 suspicandi
474 4785 604 4850 eximam
618 4783 663 4860 ι),
687 4784 766 4847 addo
790 4784 894 4847 lubens
918 4792 950 4846 et
973 4784 1117 4859 alteram,
1146 4790 1180 4843 et
1201 4779 1294 4844 recito
1316 4771 1385 4850 tibi,
1414 4773 1492 4848 illud
