3742 5522
618 1295 1123 1400 PROOEMIUM.

284 1779 371 1853 Quae
394 1783 544 1866 Kepleros
573 1787 603 1849 in
626 1786 702 1849 libro
726 1787 763 1849 de
778 1787 867 1849 Nova
881 1785 980 1850 Stella
1002 1785 1086 1860 (vide
1109 1785 1181 1848 Vol.
1207 1777 1262 1859 11.)
1286 1785 1383 1850 latino
1411 1805 1549 1852 sermone

195 1869 268 1932 viris
292 1871 426 1948 eruditis,
458 1875 637 1954 quiessent
664 1875 725 1938 ista
756 1875 879 1952 lecturi,
910 1875 947 1937 de
976 1873 1143 1954 astrologia
1165 1883 1380 1954 proposuerat,
1413 1875 1444 1939 in
1473 1877 1550 1939 libro

195 1958 245 2038 qui
269 1960 405 2040 sequitur
428 1963 600 2042 germanico
623 1963 766 2026 idiomate
789 1964 924 2044 pluribus
948 1962 1080 2044 explicat
1103 1981 1170 2026 curn
1194 1961 1334 2038 eruditis,
1364 1971 1427 2026 tum
1451 1964 1550 2028 bomi-

198 2045 286 2110 nibus
311 2047 464 2114 literarum
488 2051 588 2114 studio
616 2051 714 2115 minus
737 2052 870 2115 imbutis.
917 2051 1004 2115 Sicut
1032 2051 1066 2114 in
1087 2050 1164 2114 libro
1190 2051 1325 2130 proxime
1350 2053 1551 2132 praecedente

196 2143 302 2197 contra
324 2136 481 2202 Rdslinnm
504 2159 575 2216 eos,
602 2141 651 2222 qni
676 2141 798 2204 nimium
821 2141 989 2204 tribuerent
1011 2141 1206 2220 astrologiae,
1230 2139 1427 2216 refutaverat,
1452 2141 1498 2203 ita
1520 2141 1551 2205 in

196 2223 253 2285 hoc
281 2224 418 2290 defendit
445 2229 642 2310 astrologiam
667 2237 773 2293 contra
796 2249 863 2302 eos,
892 2230 942 2310 qni
969 2227 1087 2311 penitus
1120 2247 1187 2308 eam
1211 2235 1346 2290 evertere
1375 2229 1550 2292 studebant.

197 2310 330 2376 Causam
353 2317 562 2381 conscribendi
586 2319 675 2400 hujus
689 2319 825 2400 opusculi
847 2317 988 2399 praebuit
1000 2317 1132 2397 Keplero
1152 2316 1369 2388 controversia,
1393 2325 1461 2380 orta
1474 2318 1553 2381 inter

197 2399 240 2461 Μ.
265 2401 378 2466 Melcb.
403 2405 637 2483 Schitrernm,
665 2415 821 2487 pastorem
848 2405 1102 2486 Metzingensem,
1132 2413 1164 2467 et
1185 2403 1225 2468 D.
1254 2403 1331 2468 Pbil.
1357 2405 1552 2479 Feselinm,

101 2529 106 2538 ‚
199 2489 360 2552 medicum·
376 2493 561 2557 Marchionis
594 2495 754 2558 Badensis.
811 2495 948 2558 Feselius
984 2513 1061 2557 anno
1096 2489 1191 2558 1609.
1228 2492 1341 2573 publici
1372 2493 1449 2575 juris
1480 2493 1554 2556 iecit

201 2574 351 2654 libellum,
387 2581 578 2662 inscriptum:
615 2581 854 2659 „Grlindtlicber
880 2583 1007 2646 Discors
1034 2601 1093 2644 von
1125 2581 1178 2644 der
1205 2581 1385 2662 Astrologia
1414 2581 1552 2645 lodicia-

200 2664 276 2739 ria,“
305 2665 336 2728 in
367 2670 555 2749 praefatione
584 2671 659 2734 haec
688 2673 836 2734 afferens:
864 2671 1038 2752 Metzingae
1065 2689 1099 2732 se
1127 2689 1193 2732 cnm
1211 2669 1362 2733 Schtrero
1391 2671 1486 2733 multa
1516 2671 1554 2733 de

201 2754 392 2835 astrologicis
425 2757 683 2838 praedictionibus
711 2759 897 2841 disputasse,
931 2779 1019 2840 quum
1051 2758 1102 2822 ille
1132 2758 1334 2839 astrologiam
1367 2759 1554 2836 detenderet,

200 2842 265 2922 ipae
293 2861 360 2907 eant
389 2856 578 2928 oppugnaret
585 2867 594 2923 ;
626 2848 716 2929 paulo
744 2856 815 2928 post
842 2848 992 2930 prodiisse
1020 2848 1078 2910 duo
1101 2846 1243 2909 Schdreri
1271 2849 1467 2928 prognostica
1489 2849 1554 2922 (an.

190 2926 298 2995 5608.
322 2943 355 2996 et
379 2931 505 3013 1609),
530 2937 558 3000 in
583 2936 690 3018 quibus
713 2955 829 3011 omnes,
855 2937 904 3019 q'ni
927 2954 986 2998 non
1000 2935 1119 3017 penitus
1142 2934 1256 2998 addicti
1279 2935 1340 2998 sint
1362 2936 1556 3017 astrologiae,

203 3029 344 3086 notentur
366 3025 532 3087 calumniis.
580 3027 681 3100 (Haec
705 3034 775 3087 sunt
799 3026 862 3106 ejus
885 3024 994 3087 verba:
1019 3045 1053 3087 cr
1074 3026 1254 3088 amortuis
1275 3025 1445 3098 sacoma,
1467 3033 1556 3109 spot-

202 3119 259 3182 ter,
282 3109 425 3188 leaeo,
445 3116 541 3198 probe
562 3135 688 3189 mereo,
711 3116 808 3197 probe
826 3111 1098 3196 philosophantem,
1125 3113 1372 3196 widereprccbcr
1393 3115 1452 3177 der
1468 3135 1555 3177 wor-

203 3199 274 3275 lscil,
299 3203 491 3267 mcwr'csmde
513 3203 610 3278 Latet,
642 3211 715 3286 pule
737 3201 843 3266 albere
865 3204 1010 3285 tropffcn,
1044 3199 1198 3285 cyclopes,
1228 3204 1320 3265 boam
1342 3209 1372 3265 et
1393 3203 1556 3266 asinorum

202 3308 291 3352 uoces
322 3291 504 3370 animos,
536 3291 651 3356 wekdc
681 3293 735 3356 die
759 3291 934 3356 Oreoberen
958 3291 1067 3354 dores
1092 3291 1151 3354 mit
1175 3289 1382 3373 Kolbcaapeo
1409 3293 1555 3368 assedere,

201 3379 376 3462 mmimtipe,
406 3388 571 3464 pennum,
604 3382 751 3445 tomacla
769 3379 966 3454 semimares,
998 3379 1052 3442 die
1081 3377 1254 3463 gleichsam
1278 3379 1355 3442 doto
1383 3381 1419 3444 in
1449 3381 1557 3444 scinco

204 3464 377 3532 &commen
398 3471 564 3535 vercellen
590 3471 655 3536 ond
675 3471 762 3534 seiae
780 3469 853 3534 Eleo·
874 3469 1075 3552 verspottcn.)
1121 3469 1205 3530 Haec
1219 3467 1379 3550 opprobria
1393 3477 1501 3531 contra
1522 3487 1556 3531 se

201 3555 299 3636 ipsum
322 3556 405 3620 diota
427 3577 496 3622 esse
518 3567 606 3640 putat
624 3559 777 3636 Feselins5
801 3567 835 3621 at
858 3557 1054 3621 concitatiore
1077 3557 1192 3638 impetu
1210 3557 1352 3639 abreptus
1372 3557 1410 3620 ad
1426 3575 1555 3637 respon·

203 3645 331 3714 dendnm
354 3664 413 3708 non
438 3647 634 3729 astrologiam
657 3655 789 3722 tantum,
819 3648 874 3710 sed
897 3645 1113 3709 astronomiam
1143 3644 1237 3707 etiam
1259 3655 1407 3725 exparte
1435 3645 1555 3727 quidem

201 3733 310 3812 rejicit
356 3733 516 3816 Keplerus,
540 3735 661 3798 vixdum
684 3737 827 3799 absoluta
849 3734 1043 3815 responsione
1060 3735 1098 3797 ad
1112 3734 1279 3807 Rdslinum,
1304 3733 1473 3814 impavidus
1496 3734 1555 3796 im-

202 3828 319 3902 pugnat
340 3821 418 3885 buno
441 3842 557 3905 qnoque
581 3825 736 3901 medicum,
762 3825 930 3887 concedens
954 3844 1001 3899 ea,
1026 3841 1187 3904 quaerere
1211 3822 1301 3903 objici
1319 3823 1438 3904 possint
1452 3830 1554 3884 astro-

203 3911 316 3990 logiae,
350 3911 475 3975 firmiter
489 3920 604 3996 'tenens
627 3932 712 3976 suam
735 3913 772 3976 de
795 3914 849 3977 illa
872 3913 1069 3987 sententiam,
1103 3911 1239 3973 refutans
1263 3930 1312 3986 ea,
1343 3930 1419 3992 qnae
1442 3911 1557 3992 inrprn·

203 3998 322 4062 dontius
345 4000 482 4065 Feaelios
505 4002 683 4083 protulisset
706 4011 813 4066 contra
835 4001 1064 4076 astronomiam,
1100 3999 1214 4079 optica,
1244 3999 1371 4082 physica
1398 4007 1431 4061 et
1453 4006 1555 4062 astro·

203 4089 321 4150 uomica
339 4091 383 4163 (v.
408 4107 434 4152 c.
459 4091 682 4168 refractionem,
705 4099 804 4154 motus
828 4093 1018 4171 planetarum
1042 4108 1161 4162 causas,
1186 4086 1345 4166 Copernici
1365 4089 1557 4171 hypothesin,

203 4194 287 4239 nsum
316 4176 583 4242 instrumentorum
612 4181 894 4255 astronomicornm)
923 4179 961 4242 ad
991 4196 1110 4239 sensum
1140 4177 1316 4258 popularem
1343 4179 1557 4258 vulgaremque

203 4267 442 4332 accommodans.
492 4267 640 4331 Thesibns
671 4265 734 4332 140
763 4276 942 4348 argumenta
970 4267 1081 4328 Feselii
1110 4266 1259 4346 Keplerns
1287 4266 1451 4328 examinat.
1498 4264 1556 4327 Hic

194 4361 302 4418 antem
334 4355 365 4418 in
394 4356 456 4420 illis
479 4357 665 4438 argumentis
693 4357 820 4438 primum
843 4363 987 4437 posuerat
1014 4353 1269 4435 imperfectionem
1299 4354 1502 4417 astronomiae
1525 4360 1558 4414 et

202 4444 402 4524 astrologiae;
440 4446 571 4509 secundo
602 4453 781 4526 argumento
811 4445 1025 4509 auctoritatem
1051 4443 1297 4524 pbilosophorum
1330 4441 1555 4523 appellaverat;

202 4533 294 4596 tertio
318 4531 523 4614 inquisiverat,
547 4553 605 4616 quo
625 4535 694 4614 jure
719 4534 866 4616 astrologi
888 4534 919 4596 in
942 4551 1014 4596 snas
1033 4540 1143 4613 partes
1156 4539 1279 4594 vertant
1296 4531 1389 4592 verba
1403 4529 1557 4591 literarum

202 4639 372 4695 sacrarum
401 4629 508 4704 quarto
532 4621 742 4704 disputaverat
765 4624 801 4686 de
825 4630 935 4686 natura
956 4621 1164 4704 planetarum,
1192 4639 1231 4683 ex
1252 4619 1386 4699 ipsorum
1408 4617 1505 4696 ligura
1526 4623 1558 4678 et

201 4710 301 4773 colore
324 4711 549 4790 cognoscenda;
573 4711 677 4793 quinto
701 4712 738 4775 de
762 4711 949 4793 experientia
972 4717 1087 4790 egerat,
1111 4729 1202 4791 quam
1224 4725 1312 4771 suum
1333 4706 1364 4770 in
1383 4724 1470 4770 usum
1484 4723 1556 4768 ver·

201 4805 271 4861 tant
293 4798 447 4879 astrologi.

273 4901 474 4958 nauseans.
1312 4896 1346 4954 tt
