3542 5528
673 291 855 354 Prooemium.
1101 383 1104 388 ,
1387 301 1429 371 25

105 473 171 510 nrum
186 459 410 581 typographicae-uns
428 463 514 528 perito.
544 461 608 513 Hinc
626 463 706 517 nullm
723 463 906 530 typothetarum
924 465 990 530 op'esi
1007 477 1095 516 manus
1114 465 1243 518 admovere
1261 470 1358 529 potest;
1377 468 1429 530 lpse

107 547 168 596 eoqor
182 537 232 595 typo
259 537 326 582 etam
346 547 430 600 agere.

160 609 240 662 b'otssu
255 593 313 680 Θ,
333 628 400 678 quae
416 615 462 668 tibi
480 613 579 665 Terram
597 615 733 680 significat,
752 632 800 667 nou
819 616 950 674 habemus,
969 617 1024 668 ideo
1042 631 1085 682 pro
1104 633 1133 667 eo
1151 610 1295 668 charactere
1313 619 1368 682 ipsa
1386 633 1431 668 vox

104 681 179 734 lenae
195 684 320 736 testem
337 685 394 735 isit.
432 685 564 751 (Keplerus
581 687 628 736 boc
647 687 790 738 charactere
808 689 844 738 uti
868 688 1005 741 consuerit.
1032 689 1052 737 si
1078 703 1127 738 uon
1150 690 1230 753 ipsam
1247 690 1328 752 posuit
1345 705 1430 740 rocem

103 753 183 804 Terrae.
211 754 260 806 llos
277 771 321 822 pro
339 756 384 806 illo
401 763 486 808 notem
503 757 575 808 hodie
593 758 711 808 usitatam
731 753 788 824 [3]
807 757 953 824 posuimus.)
983 759 1103 810 Numeros
1120 759 1210 810 tractos
1229 759 1337 810 nondum
1354 761 1431 811 babet

102 826 252 890 typographus,
271 843 347 894 quam
366 828 397 878 ob
413 843 466 878 mm
482 829 539 880 huic
557 829 664 880 delectui
683 830 737 880 aliis
757 831 975 881 combinationibus
993 832 1085 882 mederi
1104 845 1185 890 conor,
1204 830 1283 881 donec
1301 832 1432 895 typotheta

100 896 177 960 placius
194 911 209 948 a
224 913 263 951 me
280 899 328 950 hoc
347 901 375 950 iu
392 903 491 966 negotio
509 901 582 954 fuerit
600 901 740 952 instructus.
776 901 827 953 Itos
846 918 895 952 non
914 907 966 953 tarn
984 902 1062 952 iucilis
1081 909 1120 952 est
1137 916 1211 969 quam
1233 909 1349 968 putatur,
1375 903 1429 954 ideo

99 983 138 1017 sos
152 983 201 1020 raro
217 971 352 1022 fractiones
370 987 413 1035 per
431 987 503 1034 voces
522 973 626 1023 describi
645 974 735 1022 cumei.

155 1039 203 1090 Nisi
214 1043 321 1105 quotidie
335 1058 419 1093 coram
432 1043 556 1094 adstarem
567 1045 712 1108 typothetae
729 1050 755 1095 et
773 1044 932 1110 typographo,
951 1045 1073 1095 interdum
1091 1060 1187 1110 quoque
1205 1046 1256 1109 ipse
1276 1045 1430 1096 amoverem
1528 1085 1529 1088 η

97 1127 183 1170 umus,
204 1114 272 1167 multi
290 1115 429 1179 irreperent
447 1129 553 1166 errores:
579 1117 687 1182 quamvis
712 1116 774 1166 forte
791 1115 913 1166 interdum
932 1116 1054 1181 quaedam
1073 1116 1225 1182 diligentiam
1244 1131 1326 1166 meam
1344 1116 1430 1182 iugero

96 1185 208 1246 pomeriut,
226 1185 353 1250 quaedam
366 1191 449 1238 sutem
461 1185 609 1251 sphalmata,
628 1201 683 1238 cum
696 1202 745 1246 non
756 1189 877 1252 potuerim
890 1189 1005 1238 condono
1018 1203 1135 1252 praesens
1149 1203 1210 1248 esse,
1230 1187 1325 1237 nullam
1342 1193 1431 1252 postea

97 1256 250 1306 mnsotiouem
270 1257 423 1309 admiserint.
460 1257 493 1308 Et
514 1256 578 1310 baec
601 1259 656 1323 ipsa
680 1265 718 1308 est
740 1273 832 1316 cause,
857 1258 922 1324 quod
943 1265 1021 1309 totum
1040 1275 1100 1324 opus
1118 1261 1143 1309 in
1161 1271 1201 1310 me
1218 1260 1327 1323 recipere
1344 1259 1429 1318 malui,

96 1339 155 1390 quam
171 1326 240 1378 alicui
258 1332 389 1394 magistro,
408 1331 447 1379 cui
459 1335 487 1380 tu
499 1331 654 1380 commissum
665 1336 745 1394 potes.
765 1331 909 1396 relinquere.
929 1331 968 1380 oui
986 1337 1012 1380 et
1029 1333 1135 1381 materia
1150 1345 1199 1380 non
1212 1329 1289 1380 solide
1300 1338 1431 1394 perspecta

96 1403 132 1452 tsi.
149 1404 172 1446 st
187 1401 226 1462 qui
243 1415 326 1450 rerum
344 1401 577 1466 typographicam
596 1399 839 1464 (mathematicorum
856 1397 976 1466 inprimis)
996 1418 1045 1452 nou
1062 1405 1155 1466 pesitus
1174 1408 1219 1452 est.

153 1467 219 1530 Quae
236 1471 262 1520 in
280 1473 374 1536 scripto
392 1477 434 1522 tuo
452 1472 560 1536 paucula
577 1475 686 1530 mutari,
711 1473 806 1523 leniora
823 1473 944 1523 interdum
961 1474 1082 1524 vocabula
1099 1473 1225 1538 ponendo,
1251 1472 1344 1522 ridebis
1362 1474 1430 1538 ipset

93 1543 135 1602 ian
150 1555 179 1590 ea
195 1543 299 1593 scribere
317 1559 369 1594 uon
386 1558 494 1608 possum.
521 1543 670 1594 Praesertim
687 1544 752 1610 quod
769 1545 875 1608 pertinet
893 1545 925 1594 ad
943 1545 1047 1611 figuram
1065 1551 1212 1608 postremam
1230 1556 1288 1609 pag.
1308 1539 1343 1594 78
1362 1541 1430 1609 (cap.

95 1609 158 1666 ml.
175 1613 214 1680 tg.
227 1612 270 1664 25.
299 1615 387 1682 comp.
409 1621 475 1665 anot.
496 1610 542 1676 82)
561 1621 639 1665 toturn
661 1617 767 1674 mutavi,
791 1615 848 1680 quie
865 1614 960 1679 lapsum
979 1621 1004 1666 te
1022 1617 1086 1676 sidi3
1104 1631 1163 1666 nam
1180 1631 1230 1665 non
1249 1613 1268 1665 G
1287 1615 1330 1666 sed
1348 1613 1372 1664 D
1393 1621 1431 1664 est
1535 1654 1538 1664 ,

95 1689 187 1732 omtrum
205 1687 346 1750 sequentis.
384 1687 520 1752 Agnosces,
538 1701 617 1750 spero,
635 1686 662 1737 id
680 1701 757 1752 aequo
776 1689 866 1738 animo.
905 1685 976 1747 Quae
995 1689 1059 1738 enim
1078 1702 1095 1738 a
1112 1702 1152 1736 me
1170 1688 1240 1738 lacta
1258 1693 1330 1745 sunt,
1349 1687 1375 1737 in
1393 1687 1428 1735 tui

94 1757 184 1818 natan
202 1765 227 1806 et
245 1773 276 1808 ex
294 1758 442 1824 integritate
461 1759 549 1808 amoris
569 1773 629 1824 erga
643 1764 669 1808 te
687 1758 742 1808 leci.

151 1827 252 1886 Addidi,
271 1835 298 1880 te
317 1829 416 1896 quidem
434 1830 534 1880 inscio
559 1835 589 1880 et
611 1829 805 1886 inconsulto,
829 1829 1048 1880 Narratiouem
1067 1827 1208 1886 Rbetioi,
1233 1843 1306 1880 ame
1324 1830 1428 1879 revisam

94 1897 278 1950 scobematibus
291 1907 404 1959 auctam,
423 1915 474 1952 una
492 1915 548 1952 oum
565 1915 622 1952 mee
639 1901 807 1966 praelatione3
827 1916 858 1952 oe
875 1916 941 1952 nunc
960 1901 1004 1951 sub
1016 1901 1110 1965 prelum
1127 1902 1162 1957 ire
1175 1901 1268 1965 incipit.
1291 1915 1347 1952 oum
1362 1905 1429 1965 post-

94 1970 152 2020 remis
169 1972 215 2022 tuis
232 1972 348 2038 pagellis.
387 1971 462 2039 Spero
481 1978 580 2029 summ,
600 1985 655 2022 eam
673 1973 717 2022 tibi
735 1988 784 2023 non
803 1973 917 2024 dedecori
935 1973 1050 2024 loturam

151 2039 236 2093 Cetera
252 2043 279 2094 in
299 2044 369 2094 aliud
386 2049 482 2108 tempos
499 2057 624 2094 reservare
642 2059 723 2110 cogor.
760 2033 937 2110 typographus
956 2046 1113 2108 conqueritur
1131 2045 1161 2094 de
1180 2043 1299 2116 sumtibus
1317 2041 1429 2093 schema·

93 2119 141 2170 m,
157 2114 286 2178 praepes
306 2115 339 2166 do
359 2131 401 2174 oo,
420 2115 484 2179 quod
503 2115 555 2165 aori
572 2115 675 2179 insculpi
695 2113 795 2165 amavit.
833 2115 883 2167 Sed
901 2115 932 2165 de
950 2115 987 2165 his
1006 2117 1058 2180 ipso
1077 2115 1208 2180 aliquando
1226 2115 1325 2176 scribet

149 2181 209 2236 Vale
226 2185 379 2238 felicissime.
416 2188 508 2236 Actum
525 2187 677 2250 rapidissimo
696 2186 800 2238 calamo.
839 2183 880 2236 lt.
901 2183 959 2250 (25)
977 2185 1040 2237 Nor.
1059 2184 1102 2237 to.

148 2254 200 2307 RS.
236 2257 292 2308 Etsi
309 2263 410 2322 praeter
429 2259 637 2322 exspectationem
654 2259 758 2308 nuncius
784 2258 874 2308 diutins
898 2264 1014 2316 maneat,
1041 2259 1095 2316 allis
1121 2263 1204 2307 tamen
1231 2255 1431 2322 occupationibus

93 2325 176 2377 obrums
193 2343 239 2380 uec
258 2331 304 2380 tibi
324 2344 372 2380 nec
390 2328 449 2378 mihi
471 2329 616 2380 setstacere
639 2345 746 2394 possum.
783 2329 822 2380 Ne
845 2336 929 2380 tamen
954 2329 1013 2378 nihil
1039 2330 1145 2386 iaciens,
1171 2329 1260 2391 adJicic
1282 2333 1432 2392 postremam

91 2396 213 2462 usqum,
231 2402 319 2452 rudem
339 2401 437 2466 quidem
456 2405 482 2449 et
499 2401 607 2450 noudum
624 2406 759 2451 correctam
778 2401 811 2451 ad
828 2401 934 2469 prelum,
953 2401 1017 2452 sicut
1034 2402 1109 2451 rides.
1146 2399 1176 2450 ln
1194 2413 1226 2450 ea
1242 2399 1345 2466 plagula
1362 2397 1430 2451 rides

92 2475 172 2532 panem
189 2473 352 2535 praelationis
369 2486 450 2522 mese.
620 2466 624 2472 '
908 2527 910 2534 ¹

151 2541 284 2608 „Pagala”
299 2545 365 2596 haec
377 2542 508 2594 referenda
524 2549 561 2594 est
576 2543 608 2593 ad
622 2543 698 2593 verba
710 2543 765 2602 „Ab
777 2541 823 2593 hoo
835 2544 909 2610 igitur
921 2542 1045 2607 tempore¹⁴
1061 2549 1108 2594 eto.
1123 2539 1192 2610 (pag.
1201 2557 1251 2606 seq.
1263 2537 1318 2604 26),
1339 2541 1433 2604 reliqua

91 2609 222 2664 Maeotium
247 2618 344 2680 partim
367 2615 480 2681 integra,
505 2615 595 2680 partim
620 2615 759 2680 summatim
783 2616 897 2680 proponit
922 2615 1030 2680 Keplero
1055 2616 1080 2666 iu
1105 2615 1257 2683 poetscriptis
1283 2609 1320 2675 (d.
1340 2612 1363 2662 d.
1392 2609 1431 2662 10.

93 2677 140 2742 lli)
156 2683 228 2748 Nor.)
247 2701 316 2752 quae
333 2687 373 2736 his
392 2686 532 2737 concludit:
560 2684 600 2735 De
619 2686 720 2736 adverso
739 2692 765 2736 et
787 2689 956 2750 inexspectato
982 2691 1050 2736 statu
1072 2685 1220 2735 matrimonii
1242 2686 1277 2734 tui
1301 2697 1332 2734 ex
1350 2684 1432 2732 auimo

92 2751 163 2813 dolco;
187 2759 229 2808 sed
253 2773 345 2823 spero.
371 2756 453 2807 Deum
471 2759 585 2809 daturum
602 2757 712 2822 meliora.
749 2757 795 2807 Pro
814 2760 874 2808 meis
893 2758 1015 2808 laboribus
1035 2753 1133 2807 et'meo
1156 2751 1217 2821 erga'
1239 2762 1264 2806 te
1283 2769 1366 2805 amore
1386 2769 1432 2822 ego

91 2825 169 2876 sulam
186 2828 260 2880 aliam
283 2831 510 2893 compensationem
528 2836 594 2893 peto.
614 2843 688 2893 quem
705 2833 742 2884 ut.
760 2830 824 2878 siout
842 2828 911 2886 iacis,
931 2845 970 2880 me
988 2827 1109 2878 redamus.
1140 2827 1222 2879 Unum
1240 2833 1326 2877 tamen
1344 2831 1369 2876 et
1387 2825 1433 2876 hoo
1455 2855 1459 2862 ·

92 2903 146 2958 itit,
164 2899 255 2966 siquid
279 2903 379 2950 omnino
397 2900 456 2950 mihi
474 2900 677 2951 remunerationis
694 2899 747 2949 loco
767 2901 927 2954 constituisti,
947 2901 972 2950 id
991 2897 1045 2948 aliis
1063 2914 1111 2948 non
1130 2901 1167 2949 sic
1185 2899 1291 2955 scribas,
1311 2897 1349 2946 rel
1368 2896 1434 2962 apud

92 2966 142 3018 alios
157 2973 307 3034 modamos,
329 2973 475 3036 praesertim
497 2970 541 3036 per
563 2986 624 3037 quos
642 2971 676 3022 ad
693 2971 777 3021 aulem
793 2970 1024 3037 wirtembergicem
1042 2984 1074 3021 ea
1090 2985 1129 3020 res
1149 2969 1236 3019 deterri
1253 2972 1344 3034 posset.
1380 2967 1431 3017 De·

92 3037 169 3092 latom
186 3049 212 3093 et
229 3045 422 3101 obtrectatores.
440 3050 469 3094 ut
486 3044 559 3102 nosti,
577 3043 647 3104 sarii,
665 3043 750 3092 faciles
769 3041 881 3093 etmulti
899 3049 965 3093 suut.
1001 3039 1072 3108 Rogo
1091 3054 1158 3107 ergo,
1176 3047 1205 3091 nt
1222 3039 1325 3090 etmihi
1344 3043 1370 3088 et
1386 3039 1430 3088 tibi

93 3111 152 3162 heo
168 3128 264 3177 pareas.
303 3116 357 3181 Ego
375 3121 433 3165 tuus
453 3125 514 3165 eum.
549 3113 615 3165 Vale
634 3116 732 3178 optime.

150 3183 218 3245 Quae
237 3187 407 3246 „matrirmnii
425 3185 534 3236 statumu
553 3185 656 3250 Kepleri
675 3185 796 3247 attinent,
816 3185 910 3234 nullam
929 3185 959 3235 de
976 3185 1015 3235 bis
1026 3183 1141 3246 ,antehac
1161 3181 1194 3232 ad
1211 3181 1370 3232 llaestlinum
1389 3179 1431 3230 do·

95 3251 151 3304 flent
168 3259 305 3321 epistolam,
342 3253 477 3308 Nunciarit
494 3258 556 3307 forte
579 3257 643 3308 telio
659 3255 830 3307 Haienreffero
853 3255 892 3306 rel
910 3257 1030 3312 Besoldo‚
1057 3270 1112 3304 cum
1135 3255 1221 3320 quibus
1243 3259 1296 3302 tum
1318 3251 1433 3316 temporis

92 3324 157 3376 uuita
172 3345 213 3392 per
223 3329 313 3380 literas
326 3330 387 3396 egit.
414 3329 444 3380 ln
456 3330 532 3379 literis
545 3329 702 3393 sequentibus
721 3323 756 3392 (p.
770 3325 817 3389 29)
834 3327 906 3391 plura
922 3328 970 3378 hac
990 3328 1020 3378 de
1032 3343 1058 3378 re
1071 3323 1278 3390 reiert‘lleplerus
1290 3321 1432 3374 Maestlino.

151 3397 340 3457 ,Nuntousm
359 3399 491 3451 Rhaetici¹⁴
511 3415 585 3466 quum
604 3399 725 3450 addiderit
736 3399 883 3449 llaestlinus
895 3398 1027 3455 Prodromo
1047 3397 1140 3458 „inscio
1159 3403 1184 3447 at
1201 3395 1365 3454 inconsulto“‚
1384 3395 1432 3452 rel,

92 3471 114 3516 li
129 3484 141 3518 o
156 3473 316 3536 equentibus
333 3472 438 3538 patebit,
455 3473 531 3522 inrito
549 3470 666 3536 Keplerc
685 3485 788 3536 cumque
806 3470 850 3520 ille
867 3481 953 3536 parum
971 3469 1033 3520 lucis
1052 3468 1142 3519 afferat
1159 3469 1225 3534 operi
1244 3469 1298 3532 ipsi,
1320 3481 1370 3518 non
1388 3463 1431 3518 ad-

93 3537 184 3592 deud'sm
201 3559 259 3596 eam
278 3545 420 3596 omonimus
437 3541 494 3594 huic
513 3542 620 3593 editioni.

149 3612 329 3668 Praefatio
349 3621 433 3666 autem
451 3613 629 3665 Maestliui
647 3613 710 3664 baec
729 3618 782 3666 est:

462 3759 511 3814 M..
527 3757 647 3814 Mioboel
666 3757 798 3813 Maecilio
817 3755 1047 3830 coepiscopos,

617 3833 734 3886 ucetico
753 3833 857 3886 Lecton·
876 3833 904 3885 S.
1091 3847 1095 3854 ·

149 3930 229 3984 Baete
246 3933 382 3985 al’latrns
400 3935 536 4000 mussula
554 3940 580 3984 et
596 3932 753 3984 arithmetlm
771 3931 827 3982 alae
840 3932 1005 3982 astronomiae
1018 3929 1181 3995 appellantur.
1209 3927 1351 3982 Geometria
1368 3929 1433 3980 euius

92 4000 223 4054 boenc
241 4021 356 4072 corpore,
380 4006 445 4070 quod
462 4011 581 4071 quantum
599 4011 638 4055 est
655 4004 781 4070 globosum
799 4008 826 4051 et
843 4002 955 4054 circulari
972 4008 1040 4052 motu
1057 4001 1202 4068 regulariter
1219 4000 1322 4060 mobile,
1341 4015 1371 4050 ex
1390 4001 1432 4050 ob-

93 4077 256 4129 servationibus
275 4078 377 4128 dirersis
395 4078 543 4142 temporibus
560 4075 651 4126 habitis
673 4091 723 4125 uon
740 4079 838 4124 tanturn
855 4076 921 4124 mam
938 4074 1065 4123 stellarum
1081 4073 1188 4130 invenit,
1217 4072 1261 4122 sed
1279 4074 1356 4122 etiam
1373 4073 1437 4122 irre

92 4143 218 4207 aarum&
236 4149 438 4213 apparentiam
456 4163 486 4199 ex
502 4148 654 4215 regularibus
671 4147 776 4198 motibus
795 4146 901 4196 rationes
919 4145 1014 4200 reddit.
1043 4158 1175 4208 earumque
1198 4149 1280 4195 cenas
1305 4157 1433 4195 memoras

92 4215 206 4276 pachom
226 4226 301 4285 atque
314 4233 442 4284 corporum
453 4220 549 4270 illosum
565 4219 703 4270 sublimium
718 4215 899 4282 magnitudines
918 4224 946 4266 ut
964 4223 989 4267 et
1006 4215 1148 4267 altitudines
1161 4214 1321 4266 demonstrat.
1349 4215 1431 4266 Arith-

93 4289 171 4339 nttioa
192 4297 294 4348 auteurs¹
321 4291 380 4342 dum
402 4290 474 4354 hujus
492 4293 577 4356 quanti
596 4292 701 4354 corporis
719 4294 802 4352 partes
820 4288 976 4338 iu-uumeros
994 4288 1108 4350 coniicit,
1129 4286 1187 4336 illes
1208 4286 1390 4352 magnitudines
1408 4290 1434 4334 et

94 4357 221 4413 *diutinos
239 4365 351 4419 metitur,
370 4362 516 4427 tabulasque
535 4363 626 4417 condit.
645 4361 778 4425 exquibus
797 4359 830 4408 ad
847 4360 946 4424 quodvis
965 4359 1050 4408 datum
1068 4365 1163 4422 tempos
1181 4357 1308 4411 stellarum
1325 4357 1432 4406 omnium

93 4425 146 4486 Μ,
162 4433 273 4499 adeoque
291 4441 348 4484 tota
366 4433 428 4484 coeli
446 4434 522 4484 iacies
541 4433 675 4484 exhibetur.
711 4433 764 4481 Etsi
784 4437 867 4480 autem
885 4431 934 4480 ieta
952 4429 1097 4480 admiranda
1115 4434 1141 4478 ot
1159 4429 1238 4479 ardua
1255 4429 1320 4485 sint.
1345 4427 1432 4476 harum

94 4505 164 4553 taum
182 4505 278 4556 mm
297 4505 408 4571 remigiis
427 4505 460 4554 sd
476 4505 549 4571 longe
567 4505 656 4556 altiora
672 4502 800 4553 subvolare
817 4515 862 4552 nos
880 4503 982 4552 eximius
1003 4501 1044 4550 bic
1066 4507 1149 4550 noster
1166 4499 1372 4552 Mathematicus,
1395 4493 1430 4547 lt.

94 4568 216 4626 ioannes
233 4577 412 4642 Keplerus‚
432 4577 509 4628 docet.
540 4577 636 4642 Magna
652 4588 714 4624 sane
730 4579 796 4632 sunt,
816 4587 880 4638 qnae
898 4573 1005 4624 artifices
1022 4570 1222 4621 astronomi-buc
1239 4583 1315 4633 usque
1332 4570 1431 4616 moene-

94 4651 152 4694 tmt:
169 4651 347 4699 asmeuomiaru
366 4655 452 4698 tamen
470 4647 589 4698 hactenus
607 4661 691 4696 omnes
708 4661 758 4695 non
776 4645 823 4693 nisi
841 4641 858 4692 d
874 4649 944 4710 tergo
963 4644 1042 4693 adoro
1059 4648 1125 4699 aunt,
1144 4649 1171 4691 et
1188 4647 1240 4692 mm
1251 4645 1340 4692 motus,
1358 4646 1432 4716 qaam

94 4719 263 4781 multudinea
281 4729 310 4772 et
327 4719 463 4770 thmueos
481 4733 511 4768 ea
527 4720 584 4768 solis
602 4716 810 4768 observationibus
834 4716 954 4781 indagare
979 4714 1122 4765 docueruut.
1158 4711 1197 4760 An
1217 4717 1299 4760 autem
1316 4706 1333 4754 d
1348 4706 1431 4770 orion,

95 4785 135 4836 Μ
150 4786 167 4837 d
181 4791 261 4843 heuto
278 4791 348 4842 ullus
365 4791 418 4840 ista
435 4789 575 4840 dimedeudi
593 4795 680 4853 pateat
698 4788 794 4847 aditus,
816 4787 854 4838 rel
872 4802 937 4837 anus
960 4787 1012 4836 ulla
1022 4806 1024 4814 ·
1036 4784 1101 4840 alia,
1126 4788 1224 4846 praeter
1239 4775 1430 4834 observationes,

96 4864 228 4924 smum„
245 4877 338 4915 norma
356 4862 471 4914 iuremos
487 4868 596 4913 motuum
615 4866 641 4912 et
658 4859 824 4928 quantitatum
841 4873 955 4910 numeros
973 4851 1130 4910 mamiuaudi
1146 4850 1231 4904 haberi
1252 4846 1343 4920 possit,
1370 4843 1432 4894 nulli
