3542 5528
240 259 299 312 XIV

329 416 429 490 Qunm
451 416 578 499 singulis
600 414 725 498 Kepleri
748 414 888 498 operibus
910 416 1151 498 praemiserimus
1173 415 1389 499 praefationes,
1420 414 1526 498 quibos
1549 432 1601 478 res

240 526 411 589 indicantur
433 531 541 587 notatu
564 523 715 604 digniores
740 541 814 604 quae
838 523 877 585 ad
900 523 954 587 illa
977 542 1068 606 opera
1090 523 1259 606 pertinent,
1284 523 1372 586 finem
1400 522 1500 586 facere
1523 539 1600 602 pos-

241 653 344 696 sumus
367 632 435 697 huic
449 630 641 713 praefationi.
688 630 757 693 Una
779 649 829 694 res
862 637 1019 712 superest,
1050 649 1139 712 quam
1161 649 1221 692 non
1244 628 1441 693 omittendam
1461 646 1530 692 esse
1544 628 1601 708 ju-

122 745 124 748 ’
242 740 395 816 dicamus,
428 738 498 822 quia
528 737 688 800 multorum
718 755 878 818 eorumque
903 737 984 800 hand
1005 737 1092 818 parvi
1119 736 1325 800 habendorum
1348 735 1519 800 sententiae
1533 753 1600 804 tre-

240 845 423 928 pugnamus,
457 844 605 908 rationem
629 843 773 921 dicimus,
808 862 867 926 qua
889 842 937 906 usi
960 862 1062 908 snmus
1085 843 1116 904 in
1139 841 1297 906 scribendo
1321 843 1439 905 nomine
1462 840 1600 924 Kepleri.

240 953 450 1016 Hanschius
471 935 505 1013 in
528 950 705 1014 collectione
724 948 920 1030 epistolarum
938 948 1064 1031 Kepleri
1082 949 1250 1034 simplioip
1268 967 1339 1012 usus
1359 956 1408 1012 111
1424 967 1479 1031 per
1502 956 1601 1010 totum

165 1047 172 1057 ’
241 1060 365 1136 librum,
400 1064 529 1138 excepta
559 1055 748 1138 praefatione
781 1063 814 1119 et
845 1055 1054 1136 inscriptione3
1090 1055 1405 1146 Breitscbwertns
1438 1057 1469 1120 in
1501 1055 1603 1132 „Vita

240 1150 440 1248 Κ10111111ιιι
471 1162 581 1246 duplici
603 1184 638 1246 p,
673 1161 857 1245 eandemque
885 1161 1035 1226 scribendi
1067 1161 1214 1225 rationem
1246 1163 1382 1227 defendit
1414 1141 1602 1227 clarissimus

242 1273 275 1333 F.
311 1269 350 1334 G.
381 1271 433 1350 W,
469 1268 604 1333 Struve
637 1269 666 1331 in
699 1267 915 1332 Schamacheri
942 1267 1233 1345 „Astronomischen
1260 1269 1486 1334 Nachrichten“
1511 1267 1601 1342 (Vol.

241 1376 327 1440 XIX.
350 1375 392 1439 N.
417 1370 509 1452 151),
532 1375 610 1438 hanc
634 1375 763 1438 afferens
786 1376 944 1450 rationem,
969 1373 1047 1455 quod
1068 1373 1218 1455 Keplerns
1241 1374 1311 1439 inde
1335 1376 1373 1439 ab
1396 1394 1476 1440 anno
1503 1369 1600 1438 1619.

241 1483 271 1545 in
294 1481 378 1546 libris
403 1481 442 1543 ab
465 1482 532 1562 ipso
557 1481 647 1543 editis
671 1480 782 1561 duplici
804 1500 877 1544 usus
900 1481 941 1544 sit
959 1502 994 1563 p,
1019 1487 1050 1542 et
1073 1479 1151 1560 quod
1169 1479 1248 1544 filius
1267 1481 1440 1546 Ludovicns
1459 1481 1489 1544 io
1510 1499 1601 1563 opere

204 1597 207 1604 '
240 1589 336 1668 patris
369 1588 448 1670 qnod
481 1587 576 1650 edidit
607 1586 767 1668 posthumo
801 1587 927 1650 eundem
959 1585 1118 1650 retinuerit
1140 1586 1290 1650 scribendi
1322 1572 1475 1652 modum'
1510 1583 1602 1658 Quod

239 1695 335 1776 ipsius
369 1693 494 1774 Kepleri
522 1693 691 1772 exemplum
723 1692 864 1762 afferunt,
898 1711 953 1755 nos
981 1699 1116 1756 nostrum
1144 1693 1295 1757 scribendi
1327 1696 1446 1760 modum
1477 1700 1601 1756 tuentes

241 1800 472 1881 respondemus:
506 1795 651 1863 1111129
681 1817 756 1878 quae
784 1798 871 1860 nobis
894 1807 1017 1878 praesto
1048 1807 1118 1861 sunt
1140 1798 1264 1880 Kepleri
1292 1819 1398 1882 opera,
1428 1801 1601 1880 deprehen-

242 1907 338 1968 dimus
366 1902 416 1982 13,
441 1923 563 1986 quorum
591 1903 698 1967 titulus
722 1912 753 1965 et
777 1903 959 1984 subscriptio
983 1903 1183 1966 dedicationis
1208 1905 1321 1969 habent
1348 1906 1533 1987 simplicem,
1562 1901 1598 1968 11
1674 1927 1680 1942 ¹
1752 1885 1753 1950 1

242 2011 389 2092 duplicem
408 2030 449 2094 p3
482 2009 600 2091 reliqua
631 2010 662 2070 in
694 2009 782 2074 titulo
815 2009 980 2089 duplicem,
1014 2010 1043 2072 in
1073 2010 1262 2074 dedicatione
1292 2012 1473 2093 simplicem;
1498 2029 1603 2074 eorum

241 2136 379 2200 operum,
405 2136 480 2197 quae
505 2116 543 2178 ab
567 2134 644 2177 anno
666 2110 761 2178 1619.
781 2115 968 2195 prodierunt,
992 2134 1113 2178 nurnero
1133 2113 1162 2193 9,
1189 2125 1276 2180 terna
1294 2117 1405 2180 habent
1425 2119 1602 2200 Keplerum,

242 2235 329 2286 terna
351 2223 537 2306 Kepplerum
569 2229 601 2284 11
622 2229 709 2284 terna
731 2220 760 2282 in
784 2220 979 2301 inscriptione
1002 2221 1205 2304 Kepplerum,
1236 2223 1266 2285 in
1294 2222 1484 2286 dedicatione
1509 2224 1599 2306 Kep-

243 2329 347 2392 lerum.
380 2327 484 2410 Opera
502 2329 657 2409 graviora:
684 2326 795 2409 Optica
814 2323 942 2404 (1604),
967 2327 1124 2411 Dioptrica
1144 2323 1270 2405 (1611),
1295 2329 1494 2393 Astronomia
1512 2330 1604 2394 Nova

244 2431 381 2510 (1699),
410 2434 544 2498 Tabulae
573 2432 783 2528 Rudolphinae
812 2427 929 2509 (1627)
955 2433 1067 2497 habent
1082 2434 1261 2515 Keplerum:
1290 2431 1603 2510 Η1111101111(1619)

243 2541 367 2604 exhibet
393 2541 424 2603 in
452 2540 541 2604 titulo
564 2539 768 2624 Kepplerum,
801 2539 911 2620 singuli
942 2559 1013 2604 vero
1037 2539 1106 2603 libri
1129 2538 1264 2620 inseripti
1288 2549 1373 2604 sunt:
1412 2540 1603 2624 „Kepleri;“

241 2647 398 2728 Epitomes
422 2641 543 2730 (1618)
562 2646 672 2727 prioris
690 2646 787 2726 partis
805 2646 912 2708 titulus
930 2646 1023 2708 habet
1041 2645 1222 2730 Kepplerue,
1246 2645 1412 2709 dedicatio:
1438 2646 1603 2728 Keplerue,

241 2771 313 2835 pars
336 2771 407 2816 vero
431 2753 565 2818 secunda
596 2752 710 2830 (,‚liber
733 2751 881 2834 quartus“
908 2748 1018 2826 1620.)
1043 2759 1074 2815 11
1096 2751 1188 2815 tertia
1220 2752 1287 2826 (lib.
1311 2751 1460 2816 v-Vll.
1489 2747 1603 2828 1621.)

241 2861 271 2922 in
294 2859 383 2922 titulo
407 2868 440 2923 11
463 2859 651 2923 dedicatione
671 2859 837 2940 simplicem
856 2858 998 2921 exhibent
1011 2880 1046 2941 p.
1078 2857 1295 2939 Ephcmerides
1314 2857 1453 2940 deniqne,
1478 2877 1605 2940 quarum

161 2969 165 2977 '
240 2967 322 3049 prior
344 2986 416 3049 pars
438 2967 552 3048 prodiit
574 2985 651 3030 anno
678 2961 773 3042 1617,
791 2984 869 3047 pars
892 2965 991 3028 altera
1013 2971 1045 3026 ct
1068 2964 1161 3026 tertia
1183 2983 1260 3027 anno
1287 2958 1382 3026 1630.
1407 2971 1456 3026 ter
1480 2964 1604 3026 variant

242 3093 358 3138 nornen.
404 3074 461 3138 His
483 3073 677 3136 manifestum
700 3071 787 3134 nohis
811 3071 946 3144 videtur,
969 3070 1133 3150 Keplerum
1155 3069 1254 3152 ipsum
1277 3089 1335 3132 non
1359 3068 1529 3132 intendisse
1554 3068 1604 3130 di-

242 3181 350 3262 gitum,
388 3200 447 3263 qna
483 3180 601 3241 ratione
621 3195 746 3244 nomen
782 3195 875 3254 suum·
905 3177 1049 3257 scriptum
1085 3176 1173 3252 velit,
1207 3183 1239 3239 et
1271 3175 1298 3239 si
1327 3175 1443 3240 numeri
1465 3175 1603 3250 valeant,

240 3295 376 3350 nostrum
408 3285 527 3348 modum
549 3283 778 3364 praeferendum
810 3301 888 3344 esse.
936 3281 993 3345 Oui
1024 3282 1135 3346 rationi
1167 3282 1193 3344 si
1226 3281 1332 3344 minus
1355 3281 1490 3357 tribuas,
1514 3280 1605 3362 Kep-

199 3425 203 3435 1
242 3396 322 3458 larus
355 3390 458 3472 ntique
491 3391 571 3454 sicut
602 3389 689 3452 multi
721 3389 890 3472 aequalium
913 3387 1033 3451 minime
1056 3389 1147 3451 fixum
1179 3387 1321 3450 habuisse
1342 3386 1464 3450 ridetur
1486 3385 1519 3450 in
1542 3386 1602 3449 hac
1732 3393 1737 3400 “

242 3519 274 3562 11
307 3497 532 3561 fundamentum
562 3504 595 3559 11
627 3495 748 3577 saepius
781 3494 912 3561 fortasse
952 3495 1139 3577 typographo
1172 3493 1220 3555 vel
1258 3491 1433 3555 amanuensi
1472 3492 1606 3556 liberum

241 3602 415 3685 permisisse
438 3601 603 3665 arbitrium.
637 3601 741 3664 Nihilo
772 3601 870 3663 minus
902 3607 937 3663 ut
958 3607 1128 3664 teneremus
1152 3598 1356 3681 simplicemp
1379 3596 1511 3661 maxime
1536 3617 1606 3662 mo-

243 3700 351 3772 verunt
373 3725 428 3770 nos
451 3706 577 3788 Kepleri
601 3708 769 3789 epistolae,
801 3726 926 3790 quarum
959 3725 1069 3787 magna
1099 3706 1185 3769 nobis
1217 3711 1340 3786 praesto
1373 3710 1422 3768 est
1450 3705 1542 3787 copia
1566 3705 1615 3768 ab*

242 3817 308 3898 ipsc
341 3811 578 3893 conscriptarum
611 3820 643 3876 et
674 3815 933 3896 subscriptarum,
967 3812 996 3875 in
1031 3812 1137 3906 quibus
1160 3809 1290 3881 occurrit
1311 3827 1434 3890 perraro
1459 3810 1607 3894 „Kepp-

244 3919 400 3993 lerns“,
434 3917 489 3980 sed
522 3937 640 4001 semper
672 3921 735 3983 fera
768 3919 1011 4002 „Keplerus‘¹,
1040 3926 1074 3991 ut
1107 3915 1245 3980 videatur
1278 3933 1384 3978 nomen
1418 3916 1609 3998 gentilitium

243 4027 338 4108 ipsius
361 4023 565 4106 simplicemp
588 4025 749 4107 requirere.

332 4127 418 4194 Haec
433 4135 505 4191 sunt
518 4147 593 4210 quae
609 4131 779 4202 collectioni
794 4147 915 4212 operum
929 4127 1054 4208 Kepleri
1068 4127 1290 4208 praemittenda
1304 4123 1485 4190 censuimus.
1516 4124 1610 4191 Reli-

245 4257 334 4323 quum
345 4243 392 4299 est
404 4243 438 4310 ‚ut
448 4253 510 4297 rem
522 4236 636 4300 anobis
647 4239 797 4320 inceptam
812 4254 907 4318 aequo
918 4235 1157 4297 commendemus
1172 4238 1315 4298 lectorum
1325 4230 1451 4322 judicio.
1472 4233 1505 4298 A
1520 4235 1610 4298 nobis

244 4346 363 4429 quidem
385 4341 501 4406 sincere
519 4343 691 4422 profitemur
711 4363 827 4408 omnem
839 4341 1005 4404 adhibitam
1019 4359 1087 4403 esse
1103 4359 1204 4412 curam
1219 4348 1250 4401 ct
1264 4337 1464 4418 diligentiam,
1484 4349 1522 4403 ut
1532 4361 1610 4424 opus

243 4452 365 4532 dignam
374 4447 451 4510 Viro
467 4466 581 4511 summo
597 4449 724 4513 formam
738 4451 852 4514 referat
868 4454 898 4511 et
908 4449 973 4512 Deo
989 4447 1108 4510 volente
1124 4443 1296 4524 adfelicem
1310 4445 1398 4508 finem
1410 4445 1610 4526 perducatur.

247 4615 250 4620 -
351 4571 860 4649 811111ιηί1111111011111111
882 4571 962 4636 1867.

812 4685 815 4688 ·
1002 4716 1054 4750 .,
1154 4665 1251 4738 (111.
1286 4660 1526 4740 Frlscln.
