<?xml version="1.0" encoding="UTF-8"?>
<!DOCTYPE html PUBLIC "-//W3C//DTD XHTML 1.0 Transitional//EN"
    "http://www.w3.org/TR/xhtml1/DTD/xhtml1-transitional.dtd">
<html xmlns="http://www.w3.org/1999/xhtml" xml:lang="en" lang="en">
 <head>
  <title>
</title>
<meta http-equiv="Content-Type" content="text/html;charset=utf-8" />
  <meta name='ocr-system' content='tesseract 3.04.00' />
  <meta name='ocr-capabilities' content='ocr_page ocr_carea ocr_par ocr_line ocrx_word'/>
</head>
<body>
  <div class='ocr_page' id='page_1' title='image "./joanniskepleria22frisgoog_0039.png"; bbox 0 0 3542 5528; ppageno 0'>
   <div class='ocr_carea' id='block_1_1' title="bbox 330 264 1079 368">
    <p class='ocr_par' dir='ltr' id='par_1_1' title="bbox 330 264 1079 368">
     <span class='ocr_line' id='line_1_1' title="bbox 330 264 1079 368; baseline -0.016 -35"><span class='ocrx_word' id='word_1_1' title='bbox 330 264 371 333; x_wconf 84' lang='grc' dir='ltr'><strong>ιι</strong></span> <span class='ocrx_word' id='word_1_2' title='bbox 796 353 802 368; x_wconf 31' lang='lat'><strong><em>¹</em></strong></span> <span class='ocrx_word' id='word_1_3' title='bbox 918 265 1079 323; x_wconf 68' lang='grc' dir='ltr'>ιιιωιιιι</span> 
     </span>
    </p>
   </div>
   <div class='ocr_carea' id='block_1_2' title="bbox 326 427 1680 1572">
    <p class='ocr_par' dir='ltr' id='par_1_2' title="bbox 326 427 1680 862">
     <span class='ocr_line' id='line_1_2' title="bbox 326 427 1679 531; baseline 0.001 -41"><span class='ocrx_word' id='word_1_4' title='bbox 326 445 473 490; x_wconf 90' lang='lat' dir='ltr'><strong>merorum</strong></span> <span class='ocrx_word' id='word_1_5' title='bbox 496 429 686 504; x_wconf 84' lang='lat' dir='ltr'><strong>concordent,</strong></span> <span class='ocrx_word' id='word_1_6' title='bbox 711 427 851 531; x_wconf 71' lang='lat' dir='ltr'><strong>exigqam</strong></span> <span class='ocrx_word' id='word_1_7' title='bbox 873 437 905 494; x_wconf 89' lang='lat' dir='ltr'><strong>et</strong></span> <span class='ocrx_word' id='word_1_8' title='bbox 926 429 1128 495; x_wconf 76' lang='lat' dir='ltr'><strong>insensibilem</strong></span> <span class='ocrx_word' id='word_1_9' title='bbox 1144 430 1274 493; x_wconf 88' lang='lat' dir='ltr'><strong>existere</strong></span> <span class='ocrx_word' id='word_1_10' title='bbox 1288 427 1515 492; x_wconf 77' lang='lat' dir='ltr'><strong>differentiam</strong></span> <span class='ocrx_word' id='word_1_11' title='bbox 1505 447 1538 490; x_wconf 92' lang='lat' dir='ltr'><strong>m</strong></span> <span class='ocrx_word' id='word_1_12' title='bbox 1553 427 1679 492; x_wconf 77' lang='lat' dir='ltr'><strong>arcubus</strong></span> 
     </span>
     <span class='ocr_line' id='line_1_3' title="bbox 327 513 1680 600; baseline 0.001 -21"><span class='ocrx_word' id='word_1_13' title='bbox 327 515 462 590; x_wconf 79' lang='lat' dir='ltr'><strong>zodiaci,</strong></span> <span class='ocrx_word' id='word_1_14' title='bbox 496 533 619 596; x_wconf 89' lang='lat' dir='ltr'><strong>quorum</strong></span> <span class='ocrx_word' id='word_1_15' title='bbox 648 517 749 600; x_wconf 80' lang='lat' dir='ltr'><strong>gratia</strong></span> <span class='ocrx_word' id='word_1_16' title='bbox 770 517 852 579; x_wconf 89' lang='lat' dir='ltr'><strong>sinus</strong></span> <span class='ocrx_word' id='word_1_17' title='bbox 875 527 907 582; x_wconf 91' lang='lat' dir='ltr'><strong>et</strong></span> <span class='ocrx_word' id='word_1_18' title='bbox 929 519 1090 582; x_wconf 73' lang='lat' dir='ltr'><strong>distantiae</strong></span> <span class='ocrx_word' id='word_1_19' title='bbox 1112 519 1313 600; x_wconf 89' lang='lat' dir='ltr'><strong>exquiruntur.</strong></span> <span class='ocrx_word' id='word_1_20' title='bbox 1358 517 1403 582; x_wconf 91' lang='lat' dir='ltr'><strong>Ut</strong></span> <span class='ocrx_word' id='word_1_21' title='bbox 1424 513 1585 582; x_wconf 83' lang='grc'><strong>5773503</strong></span> <span class='ocrx_word' id='word_1_22' title='bbox 1608 518 1680 580; x_wconf 82' lang='lat' dir='ltr'><strong>iacit</strong></span> 
     </span>
     <span class='ocr_line' id='line_1_4' title="bbox 327 563 1679 687; baseline 0.002 -20"><span class='ocrx_word' id='word_1_23' title='bbox 327 624 430 668; x_wconf 89' lang='lat' dir='ltr'><strong>arcum</strong></span> <span class='ocrx_word' id='word_1_24' title='bbox 453 563 516 668; x_wconf 81' lang='lat'><strong>’35⁰</strong></span> <span class='ocrx_word' id='word_1_25' title='bbox 540 599 610 681; x_wconf 81' lang='grc'><strong>16’,</strong></span> <span class='ocrx_word' id='word_1_26' title='bbox 646 606 701 668; x_wconf 91' lang='lat' dir='ltr'><strong>sed</strong></span> <span class='ocrx_word' id='word_1_27' title='bbox 728 601 880 670; x_wconf 82' lang='grc'><strong>5831967</strong></span> <span class='ocrx_word' id='word_1_28' title='bbox 909 607 983 678; x_wconf 81' lang='lat' dir='ltr'><strong>iacit</strong></span> <span class='ocrx_word' id='word_1_29' title='bbox 1014 626 1114 670; x_wconf 88' lang='lat' dir='ltr'><strong>arcum</strong></span> <span class='ocrx_word' id='word_1_30' title='bbox 1140 602 1202 672; x_wconf 83' lang='lat'><strong>35·</strong></span> <span class='ocrx_word' id='word_1_31' title='bbox 1223 604 1292 682; x_wconf 78' lang='lat'><strong>40‘,</strong></span> <span class='ocrx_word' id='word_1_32' title='bbox 1324 605 1385 670; x_wconf 87' lang='lat' dir='ltr'><strong>diii.</strong></span> <span class='ocrx_word' id='word_1_33' title='bbox 1412 603 1479 682; x_wconf 84' lang='grc'><strong>24;</strong></span> <span class='ocrx_word' id='word_1_34' title='bbox 1511 605 1609 687; x_wconf 82' lang='lat' dir='ltr'><strong>igitur</strong></span> <span class='ocrx_word' id='word_1_35' title='bbox 1634 606 1679 670; x_wconf 91' lang='lat' dir='ltr'><strong>hic</strong></span> 
     </span>
     <span class='ocr_line' id='line_1_5' title="bbox 327 651 1680 776; baseline 0 -18"><span class='ocrx_word' id='word_1_36' title='bbox 327 689 451 771; x_wconf 87' lang='grc'><strong>58464,</strong></span> <span class='ocrx_word' id='word_1_37' title='bbox 474 712 581 775; x_wconf 82' lang='lat' dir='ltr'><strong>nempe</strong></span> <span class='ocrx_word' id='word_1_38' title='bbox 601 651 625 756; x_wconf 83' lang='lat' dir='ltr'><strong>’o</strong></span> <span class='ocrx_word' id='word_1_39' title='bbox 648 694 711 756; x_wconf 83' lang='lat' dir='ltr'><strong>iere</strong></span> <span class='ocrx_word' id='word_1_40' title='bbox 734 694 885 776; x_wconf 85' lang='lat' dir='ltr'><strong>myriades</strong></span> <span class='ocrx_word' id='word_1_41' title='bbox 907 696 1085 760; x_wconf 90' lang='lat' dir='ltr'><strong>unitatum</strong></span> <span class='ocrx_word' id='word_1_42' title='bbox 1076 716 1106 758; x_wconf 94' lang='grc' dir='ltr'><strong>ιι</strong></span> <span class='ocrx_word' id='word_1_43' title='bbox 1129 697 1246 760; x_wconf 89' lang='lat' dir='ltr'><strong>sinuum</strong></span> <span class='ocrx_word' id='word_1_44' title='bbox 1267 695 1440 759; x_wconf 80' lang='lat' dir='ltr'><strong>differentia</strong></span> <span class='ocrx_word' id='word_1_45' title='bbox 1461 713 1525 759; x_wconf 92' lang='lat' dir='ltr'><strong>nou</strong></span> <span class='ocrx_word' id='word_1_46' title='bbox 1549 695 1680 758; x_wconf 83' lang='lat' dir='ltr'><strong>efficiunt</strong></span> 
     </span>
     <span class='ocr_line' id='line_1_6' title="bbox 328 782 828 862; baseline -0.008 -16"><span class='ocrx_word' id='word_1_47' title='bbox 328 782 480 846; x_wconf 89' lang='lat' dir='ltr'><strong>dimidium</strong></span> <span class='ocrx_word' id='word_1_48' title='bbox 502 783 654 862; x_wconf 78' lang='lat' dir='ltr'><strong>gradum</strong></span> <span class='ocrx_word' id='word_1_49' title='bbox 645 802 675 845; x_wconf 93' lang='lat' dir='ltr'><strong>m</strong></span> <span class='ocrx_word' id='word_1_50' title='bbox 691 784 828 846; x_wconf 84' lang='lat' dir='ltr'><strong>arcubus.</strong></span> 
     </span>
    </p>

    <p class='ocr_par' dir='ltr' id='par_1_3' title="bbox 327 870 1678 1200">
     <span class='ocr_line' id='line_1_7' title="bbox 417 870 1678 954; baseline 0.002 -22"><span class='ocrx_word' id='word_1_51' title='bbox 417 870 532 933; x_wconf 84' lang='lat' dir='ltr'><strong>Deinde</strong></span> <span class='ocrx_word' id='word_1_52' title='bbox 556 871 584 933; x_wconf 88' lang='lat' dir='ltr'><strong>si</strong></span> <span class='ocrx_word' id='word_1_53' title='bbox 605 870 752 953; x_wconf 80' lang='lat' dir='ltr'><strong>fingamus</strong></span> <span class='ocrx_word' id='word_1_54' title='bbox 774 872 897 947; x_wconf 89' lang='lat' dir='ltr'><strong>saltem,</strong></span> <span class='ocrx_word' id='word_1_55' title='bbox 928 871 1003 934; x_wconf 90' lang='lat' dir='ltr'><strong>haec</strong></span> <span class='ocrx_word' id='word_1_56' title='bbox 1025 891 1093 936; x_wconf 90' lang='lat' dir='ltr'><strong>esse</strong></span> <span class='ocrx_word' id='word_1_57' title='bbox 1114 871 1287 948; x_wconf 83' lang='lat' dir='ltr'><strong>verissima,</strong></span> <span class='ocrx_word' id='word_1_58' title='bbox 1317 889 1395 954; x_wconf 87' lang='lat' dir='ltr'><strong>quae</strong></span> <span class='ocrx_word' id='word_1_59' title='bbox 1424 871 1462 934; x_wconf 90' lang='lat' dir='ltr'><strong>de</strong></span> <span class='ocrx_word' id='word_1_60' title='bbox 1484 871 1678 953; x_wconf 79' lang='lat' dir='ltr'><strong>proportione</strong></span> 
     </span>
     <span class='ocr_line' id='line_1_8' title="bbox 327 958 1677 1041; baseline -0.001 -18"><span class='ocrx_word' id='word_1_61' title='bbox 327 978 483 1041; x_wconf 91' lang='lat' dir='ltr'><strong>corporum</strong></span> <span class='ocrx_word' id='word_1_62' title='bbox 505 959 536 1022; x_wconf 95' lang='lat' dir='ltr'><strong>in</strong></span> <span class='ocrx_word' id='word_1_63' title='bbox 559 958 709 1024; x_wconf 90' lang='lat' dir='ltr'><strong>coelorum</strong></span> <span class='ocrx_word' id='word_1_64' title='bbox 732 960 926 1041; x_wconf 86' lang='lat' dir='ltr'><strong>dispositione</strong></span> <span class='ocrx_word' id='word_1_65' title='bbox 949 960 1110 1024; x_wconf 84' lang='lat' dir='ltr'><strong>observata</strong></span> <span class='ocrx_word' id='word_1_66' title='bbox 1132 961 1212 1024; x_wconf 84' lang='lat' dir='ltr'><strong>dixi:</strong></span> <span class='ocrx_word' id='word_1_67' title='bbox 1234 981 1293 1025; x_wconf 90' lang='lat' dir='ltr'><strong>non</strong></span> <span class='ocrx_word' id='word_1_68' title='bbox 1315 961 1467 1024; x_wconf 81' lang='lat' dir='ltr'><strong>mehercle</strong></span> <span class='ocrx_word' id='word_1_69' title='bbox 1490 959 1605 1040; x_wconf 88' lang='lat' dir='ltr'><strong>injuria</strong></span> <span class='ocrx_word' id='word_1_70' title='bbox 1626 980 1677 1022; x_wconf 89' lang='lat' dir='ltr'><strong>ve-</strong></span> 
     </span>
     <span class='ocr_line' id='line_1_9' title="bbox 328 1047 1676 1132; baseline 0 -21"><span class='ocrx_word' id='word_1_71' title='bbox 328 1050 482 1111; x_wconf 88' lang='lat' dir='ltr'><strong>hementer</strong></span> <span class='ocrx_word' id='word_1_72' title='bbox 504 1048 572 1130; x_wconf 89' lang='lat' dir='ltr'><strong>quis</strong></span> <span class='ocrx_word' id='word_1_73' title='bbox 593 1049 694 1116; x_wconf 85' lang='lat' dir='ltr'><strong>mirari</strong></span> <span class='ocrx_word' id='word_1_74' title='bbox 716 1057 835 1130; x_wconf 87' lang='lat' dir='ltr'><strong>posset,</strong></span> <span class='ocrx_word' id='word_1_75' title='bbox 863 1047 1058 1128; x_wconf 84' lang='lat' dir='ltr'><strong>Oopernicum</strong></span> <span class='ocrx_word' id='word_1_76' title='bbox 1084 1057 1148 1113; x_wconf 92' lang='lat' dir='ltr'><strong>tam</strong></span> <span class='ocrx_word' id='word_1_77' title='bbox 1174 1068 1266 1132; x_wconf 91' lang='lat' dir='ltr'><strong>prope</strong></span> <span class='ocrx_word' id='word_1_78' title='bbox 1294 1049 1464 1114; x_wconf 87' lang='lat' dir='ltr'><strong>accessisse</strong></span> <span class='ocrx_word' id='word_1_79' title='bbox 1493 1049 1536 1112; x_wconf 89' lang='lat' dir='ltr'><strong>ad</strong></span> <span class='ocrx_word' id='word_1_80' title='bbox 1559 1049 1604 1112; x_wconf 92' lang='lat' dir='ltr'><strong>rei</strong></span> <span class='ocrx_word' id='word_1_81' title='bbox 1628 1068 1676 1111; x_wconf 89' lang='grc' dir='ltr'><strong>ιι-</strong></span> 
     </span>
     <span class='ocr_line' id='line_1_10' title="bbox 327 1138 457 1200; baseline -0.015 0"><span class='ocrx_word' id='word_1_82' title='bbox 327 1138 457 1200; x_wconf 87' lang='lat' dir='ltr'><strong>ritatem.</strong></span> 
     </span>
    </p>

    <p class='ocr_par' dir='ltr' id='par_1_4' title="bbox 327 1222 1677 1572">
     <span class='ocr_line' id='line_1_11' title="bbox 416 1222 1677 1308; baseline 0.001 -21"><span class='ocrx_word' id='word_1_83' title='bbox 416 1225 496 1287; x_wconf 88' lang='lat' dir='ltr'><strong>Nam</strong></span> <span class='ocrx_word' id='word_1_84' title='bbox 519 1222 649 1288; x_wconf 84' lang='lat' dir='ltr'><strong>artifices</strong></span> <span class='ocrx_word' id='word_1_85' title='bbox 672 1224 832 1288; x_wconf 86' lang='lat' dir='ltr'><strong>distantias</strong></span> <span class='ocrx_word' id='word_1_86' title='bbox 855 1224 967 1287; x_wconf 90' lang='lat' dir='ltr'><strong>orbium</strong></span> <span class='ocrx_word' id='word_1_87' title='bbox 992 1244 1029 1287; x_wconf 88' lang='lat' dir='ltr'><strong>ex</strong></span> <span class='ocrx_word' id='word_1_88' title='bbox 1055 1229 1316 1308; x_wconf 75' lang='lat' dir='ltr'><strong>apocduporpeoa</strong></span> <span class='ocrx_word' id='word_1_89' title='bbox 1337 1223 1462 1307; x_wconf 74' lang='lat' dir='ltr'><strong>ducyap</strong></span> <span class='ocrx_word' id='word_1_90' title='bbox 1492 1225 1621 1306; x_wconf 89' lang='lat' dir='ltr'><strong>capiunt</strong></span> <span class='ocrx_word' id='word_1_91' title='bbox 1648 1234 1677 1288; x_wconf 92' lang='lat' dir='ltr'><strong>et</strong></span> 
     </span>
     <span class='ocr_line' id='line_1_12' title="bbox 328 1312 1675 1395; baseline -0.001 -18"><span class='ocrx_word' id='word_1_92' title='bbox 328 1321 513 1395; x_wconf 89' lang='lat' dir='ltr'><strong>computant.</strong></span> <span class='ocrx_word' id='word_1_93' title='bbox 558 1313 662 1394; x_wconf 86' lang='lat' dir='ltr'><strong>Atque</strong></span> <span class='ocrx_word' id='word_1_94' title='bbox 684 1332 742 1377; x_wconf 93' lang='lat' dir='ltr'><strong>non</strong></span> <span class='ocrx_word' id='word_1_95' title='bbox 765 1315 861 1377; x_wconf 90' lang='lat' dir='ltr'><strong>solum</strong></span> <span class='ocrx_word' id='word_1_96' title='bbox 883 1312 1014 1376; x_wconf 91' lang='lat' dir='ltr'><strong>lubricus</strong></span> <span class='ocrx_word' id='word_1_97' title='bbox 1038 1321 1069 1376; x_wconf 91' lang='lat' dir='ltr'><strong>et</strong></span> <span class='ocrx_word' id='word_1_98' title='bbox 1091 1313 1220 1378; x_wconf 85' lang='lat' dir='ltr'><strong>difficilis</strong></span> <span class='ocrx_word' id='word_1_99' title='bbox 1244 1323 1292 1378; x_wconf 91' lang='lat' dir='ltr'><strong>est</strong></span> <span class='ocrx_word' id='word_1_100' title='bbox 1313 1314 1419 1377; x_wconf 89' lang='lat' dir='ltr'><strong>modus</strong></span> <span class='ocrx_word' id='word_1_101' title='bbox 1443 1315 1485 1378; x_wconf 90' lang='lat' dir='ltr'><strong>ad</strong></span> <span class='ocrx_word' id='word_1_102' title='bbox 1500 1333 1556 1376; x_wconf 89' lang='lat' dir='ltr'><strong>eas</strong></span> <span class='ocrx_word' id='word_1_103' title='bbox 1569 1333 1675 1395; x_wconf 84' lang='lat' dir='ltr'><strong>perve-</strong></span> 
     </span>
     <span class='ocr_line' id='line_1_13' title="bbox 327 1400 1675 1484; baseline 0 -18"><span class='ocrx_word' id='word_1_104' title='bbox 327 1402 429 1466; x_wconf 88' lang='lat' dir='ltr'><strong>niendi</strong></span> <span class='ocrx_word' id='word_1_105' title='bbox 446 1421 501 1483; x_wconf 87' lang='lat' dir='ltr'><strong>per</strong></span> <span class='ocrx_word' id='word_1_106' title='bbox 524 1402 693 1464; x_wconf 84' lang='lat' dir='ltr'><strong>diuturnam</strong></span> <span class='ocrx_word' id='word_1_107' title='bbox 715 1401 963 1477; x_wconf 87' lang='lat' dir='ltr'><strong>observationem,</strong></span> <span class='ocrx_word' id='word_1_108' title='bbox 987 1400 1042 1464; x_wconf 89' lang='lat' dir='ltr'><strong>sed</strong></span> <span class='ocrx_word' id='word_1_109' title='bbox 1065 1402 1187 1464; x_wconf 88' lang='lat' dir='ltr'><strong>etiarn</strong></span> <span class='ocrx_word' id='word_1_110' title='bbox 1178 1422 1262 1484; x_wconf 79' lang='lat' dir='ltr'><strong>ipsae</strong></span> <span class='ocrx_word' id='word_1_111' title='bbox 1286 1403 1436 1465; x_wconf 91' lang='lat' dir='ltr'><strong>interdum</strong></span> <span class='ocrx_word' id='word_1_112' title='bbox 1459 1411 1600 1466; x_wconf 83' lang='lat' dir='ltr'><strong>veterum</strong></span> <span class='ocrx_word' id='word_1_113' title='bbox 1623 1403 1675 1466; x_wconf 91' lang='lat' dir='ltr'><strong>oh·</strong></span> 
     </span>
     <span class='ocr_line' id='line_1_14' title="bbox 328 1489 1675 1572; baseline -0.001 -17"><span class='ocrx_word' id='word_1_114' title='bbox 328 1492 531 1568; x_wconf 73' lang='lat' dir='ltr'><strong>certationes,</strong></span> <span class='ocrx_word' id='word_1_115' title='bbox 554 1490 660 1572; x_wconf 89' lang='lat' dir='ltr'><strong>quibus</strong></span> <span class='ocrx_word' id='word_1_116' title='bbox 683 1509 738 1554; x_wconf 93' lang='lat' dir='ltr'><strong>ceu</strong></span> <span class='ocrx_word' id='word_1_117' title='bbox 760 1489 959 1552; x_wconf 83' lang='lat' dir='ltr'><strong>fundamentis</strong></span> <span class='ocrx_word' id='word_1_118' title='bbox 980 1490 1161 1554; x_wconf 87' lang='lat' dir='ltr'><strong>recentiores</strong></span> <span class='ocrx_word' id='word_1_119' title='bbox 1184 1491 1240 1554; x_wconf 91' lang='lat' dir='ltr'><strong>uiti</strong></span> <span class='ocrx_word' id='word_1_120' title='bbox 1263 1491 1390 1565; x_wconf 89' lang='lat' dir='ltr'><strong>dehent,</strong></span> <span class='ocrx_word' id='word_1_121' title='bbox 1413 1491 1590 1556; x_wconf 83' lang='grc' dir='ltr'>ιιιιίιιιι</span> <span class='ocrx_word' id='word_1_122' title='bbox 1615 1493 1675 1554; x_wconf 90' lang='lat' dir='ltr'><strong>dis-</strong></span> 
     </span>
    </p>
   </div>
   <div class='ocr_carea' id='block_1_3' title="bbox 216 1578 992 1662">
    <p class='ocr_par' dir='ltr' id='par_1_5' title="bbox 216 1578 992 1662">
     <span class='ocr_line' id='line_1_15' title="bbox 216 1578 992 1662; baseline -0.013 -12"><span class='ocrx_word' id='word_1_123' title='bbox 216 1645 219 1650; x_wconf 92' lang='lat'><strong>.</strong></span> <span class='ocrx_word' id='word_1_124' title='bbox 328 1588 476 1662; x_wconf 79' lang='lat' dir='ltr'><strong>crepant,</strong></span> <span class='ocrx_word' id='word_1_125' title='bbox 486 1598 542 1642; x_wconf 91' lang='grc' dir='ltr'><strong>ιιι</strong></span> <span class='ocrx_word' id='word_1_126' title='bbox 564 1578 682 1642; x_wconf 93' lang='lat' dir='ltr'><strong>omnino</strong></span> <span class='ocrx_word' id='word_1_127' title='bbox 705 1579 890 1642; x_wconf 85' lang='lat' dir='ltr'><strong>certissimae</strong></span> <span class='ocrx_word' id='word_1_128' title='bbox 913 1585 992 1641; x_wconf 80' lang='lat' dir='ltr'><strong>sunt.</strong></span> 
     </span>
    </p>
   </div>
   <div class='ocr_carea' id='block_1_4' title="bbox 293 1665 1679 4753">
    <p class='ocr_par' dir='ltr' id='par_1_6' title="bbox 329 1665 1676 1924">
     <span class='ocr_line' id='line_1_16' title="bbox 416 1665 1675 1749; baseline -0.002 -17"><span class='ocrx_word' id='word_1_129' title='bbox 416 1667 506 1740; x_wconf 86' lang='lat' dir='ltr'><strong>Quod</strong></span> <span class='ocrx_word' id='word_1_130' title='bbox 527 1667 619 1749; x_wconf 85' lang='lat' dir='ltr'><strong>igitur</strong></span> <span class='ocrx_word' id='word_1_131' title='bbox 640 1668 754 1731; x_wconf 88' lang='lat' dir='ltr'><strong>numeri</strong></span> <span class='ocrx_word' id='word_1_132' title='bbox 775 1668 806 1730; x_wconf 92' lang='lat' dir='ltr'><strong>in</strong></span> <span class='ocrx_word' id='word_1_133' title='bbox 828 1667 1011 1730; x_wconf 86' lang='lat' dir='ltr'><strong>Mercurio</strong></span> <span class='ocrx_word' id='word_1_134' title='bbox 1034 1665 1191 1742; x_wconf 84' lang='lat' dir='ltr'><strong>dissident,</strong></span> <span class='ocrx_word' id='word_1_135' title='bbox 1214 1667 1402 1730; x_wconf 84' lang='lat' dir='ltr'><strong>excusationi</strong></span> <span class='ocrx_word' id='word_1_136' title='bbox 1415 1665 1505 1730; x_wconf 91' lang='lat' dir='ltr'><strong>nobis</strong></span> <span class='ocrx_word' id='word_1_137' title='bbox 1524 1686 1595 1730; x_wconf 87' lang='lat' dir='ltr'><strong>esse</strong></span> <span class='ocrx_word' id='word_1_138' title='bbox 1609 1675 1675 1748; x_wconf 90' lang='lat' dir='ltr'><strong>pot·</strong></span> 
     </span>
     <span class='ocr_line' id='line_1_17' title="bbox 329 1755 1676 1840; baseline -0.004 -16"><span class='ocrx_word' id='word_1_139' title='bbox 329 1768 379 1824; x_wconf 89' lang='lat' dir='ltr'><strong>est</strong></span> <span class='ocrx_word' id='word_1_140' title='bbox 399 1757 557 1839; x_wconf 86' lang='lat' dir='ltr'><strong>multiplex</strong></span> <span class='ocrx_word' id='word_1_141' title='bbox 578 1757 719 1840; x_wconf 85' lang='lat' dir='ltr'><strong>planetae</strong></span> <span class='ocrx_word' id='word_1_142' title='bbox 741 1756 874 1821; x_wconf 77' lang='lat' dir='ltr'><strong>varietas</strong></span> <span class='ocrx_word' id='word_1_143' title='bbox 897 1763 930 1818; x_wconf 91' lang='lat' dir='ltr'><strong>et</strong></span> <span class='ocrx_word' id='word_1_144' title='bbox 951 1755 1081 1818; x_wconf 80' lang='lat' dir='ltr'><strong>marium</strong></span> <span class='ocrx_word' id='word_1_145' title='bbox 1103 1755 1168 1836; x_wconf 87' lang='lat' dir='ltr'><strong>ejus</strong></span> <span class='ocrx_word' id='word_1_146' title='bbox 1182 1755 1361 1820; x_wconf 85' lang='lat' dir='ltr'><strong>observandi</strong></span> <span class='ocrx_word' id='word_1_147' title='bbox 1377 1755 1555 1832; x_wconf 84' lang='lat' dir='ltr'><strong>difficultas,</strong></span> <span class='ocrx_word' id='word_1_148' title='bbox 1579 1755 1676 1839; x_wconf 92' lang='lat' dir='ltr'><strong>utqui</strong></span> 
     </span>
     <span class='ocr_line' id='line_1_18' title="bbox 329 1843 1022 1924; baseline -0.006 -12"><span class='ocrx_word' id='word_1_149' title='bbox 329 1867 397 1912; x_wconf 88' lang='lat' dir='ltr'><strong>raro</strong></span> <span class='ocrx_word' id='word_1_150' title='bbox 421 1846 580 1910; x_wconf 75' lang='lat' dir='ltr'><strong>admodum</strong></span> <span class='ocrx_word' id='word_1_151' title='bbox 602 1845 740 1908; x_wconf 90' lang='lat' dir='ltr'><strong>cernitur.</strong></span> <span class='ocrx_word' id='word_1_152' title='bbox 788 1843 879 1924; x_wconf 86' lang='lat' dir='ltr'><strong>(Cap.</strong></span> <span class='ocrx_word' id='word_1_153' title='bbox 902 1843 1022 1919; x_wconf 85' lang='lat' dir='ltr'><strong>XVII.)</strong></span> 
     </span>
    </p>

    <p class='ocr_par' dir='ltr' id='par_1_7' title="bbox 330 1931 1677 2372">
     <span class='ocr_line' id='line_1_19' title="bbox 418 1931 1676 2014; baseline -0.002 -16"><span class='ocrx_word' id='word_1_154' title='bbox 418 1935 521 1998; x_wconf 86' lang='lat' dir='ltr'><strong>Etiam</strong></span> <span class='ocrx_word' id='word_1_155' title='bbox 542 1934 617 1997; x_wconf 90' lang='lat' dir='ltr'><strong>illud</strong></span> <span class='ocrx_word' id='word_1_156' title='bbox 641 1933 820 1996; x_wconf 88' lang='lat' dir='ltr'><strong>astronomis</strong></span> <span class='ocrx_word' id='word_1_157' title='bbox 844 1932 1060 1995; x_wconf 88' lang='lat' dir='ltr'><strong>aestimandum</strong></span> <span class='ocrx_word' id='word_1_158' title='bbox 1081 1931 1229 2012; x_wconf 87' lang='lat' dir='ltr'><strong>relinquo,</strong></span> <span class='ocrx_word' id='word_1_159' title='bbox 1257 1939 1357 1994; x_wconf 87' lang='lat' dir='ltr'><strong>utrum</strong></span> <span class='ocrx_word' id='word_1_160' title='bbox 1383 1951 1443 1994; x_wconf 92' lang='grc' dir='ltr'><strong>ιιι</strong></span> <span class='ocrx_word' id='word_1_161' title='bbox 1470 1933 1504 1995; x_wconf 92' lang='lat' dir='ltr'><strong>in</strong></span> <span class='ocrx_word' id='word_1_162' title='bbox 1533 1933 1592 1996; x_wconf 93' lang='lat' dir='ltr'><strong>hoc</strong></span> <span class='ocrx_word' id='word_1_163' title='bbox 1614 1933 1676 2014; x_wconf 86' lang='lat' dir='ltr'><strong>pla-</strong></span> 
     </span>
     <span class='ocr_line' id='line_1_20' title="bbox 330 2019 1677 2103; baseline -0.002 -15"><span class='ocrx_word' id='word_1_164' title='bbox 330 2033 403 2088; x_wconf 88' lang='lat' dir='ltr'><strong>neta</strong></span> <span class='ocrx_word' id='word_1_165' title='bbox 425 2041 569 2103; x_wconf 86' lang='lat' dir='ltr'><strong>vaporum</strong></span> <span class='ocrx_word' id='word_1_166' title='bbox 592 2023 742 2084; x_wconf 86' lang='lat' dir='ltr'><strong>densitate</strong></span> <span class='ocrx_word' id='word_1_167' title='bbox 765 2030 798 2084; x_wconf 90' lang='lat' dir='ltr'><strong>et</strong></span> <span class='ocrx_word' id='word_1_168' title='bbox 818 2021 944 2102; x_wconf 87' lang='lat' dir='ltr'><strong>physica</strong></span> <span class='ocrx_word' id='word_1_169' title='bbox 965 2020 1121 2099; x_wconf 80' lang='lat' dir='ltr'><strong>pensitari,</strong></span> <span class='ocrx_word' id='word_1_170' title='bbox 1145 2039 1233 2100; x_wconf 90' lang='lat' dir='ltr'><strong>quam</strong></span> <span class='ocrx_word' id='word_1_171' title='bbox 1255 2039 1310 2083; x_wconf 91' lang='lat' dir='ltr'><strong>nec</strong></span> <span class='ocrx_word' id='word_1_172' title='bbox 1334 2019 1389 2083; x_wconf 87' lang='lat' dir='ltr'><strong>Sol</strong></span> <span class='ocrx_word' id='word_1_173' title='bbox 1412 2040 1468 2084; x_wconf 91' lang='grc' dir='ltr'><strong>ιιι</strong></span> <span class='ocrx_word' id='word_1_174' title='bbox 1492 2022 1584 2085; x_wconf 90' lang='lat' dir='ltr'><strong>Luna</strong></span> <span class='ocrx_word' id='word_1_175' title='bbox 1606 2023 1677 2085; x_wconf 80' lang='lat' dir='ltr'><strong>cffu-</strong></span> 
     </span>
     <span class='ocr_line' id='line_1_21' title="bbox 331 2108 1676 2196; baseline -0.002 -21"><span class='ocrx_word' id='word_1_176' title='bbox 331 2115 386 2196; x_wconf 72' lang='lat' dir='ltr'><strong>git,</strong></span> <span class='ocrx_word' id='word_1_177' title='bbox 410 2112 559 2175; x_wconf 88' lang='lat' dir='ltr'><strong>interdum</strong></span> <span class='ocrx_word' id='word_1_178' title='bbox 582 2110 733 2172; x_wconf 81' lang='lat' dir='ltr'><strong>fallantur.</strong></span> <span class='ocrx_word' id='word_1_179' title='bbox 779 2111 858 2172; x_wconf 90' lang='lat' dir='ltr'><strong>Nam</strong></span> <span class='ocrx_word' id='word_1_180' title='bbox 880 2109 938 2172; x_wconf 88' lang='lat' dir='ltr'><strong>etsi</strong></span> <span class='ocrx_word' id='word_1_181' title='bbox 961 2109 1109 2171; x_wconf 88' lang='lat' dir='ltr'><strong>interdum</strong></span> <span class='ocrx_word' id='word_1_182' title='bbox 1131 2108 1181 2170; x_wconf 94' lang='lat' dir='ltr'><strong>hic</strong></span> <span class='ocrx_word' id='word_1_183' title='bbox 1201 2108 1356 2188; x_wconf 90' lang='lat' dir='ltr'><strong>planetae</strong></span> <span class='ocrx_word' id='word_1_184' title='bbox 1372 2110 1467 2172; x_wconf 88' lang='lat' dir='ltr'><strong>radiis</strong></span> <span class='ocrx_word' id='word_1_185' title='bbox 1483 2109 1569 2173; x_wconf 88' lang='lat' dir='ltr'><strong>Solis</strong></span> <span class='ocrx_word' id='word_1_186' title='bbox 1583 2131 1676 2174; x_wconf 92' lang='lat' dir='ltr'><strong>emer-</strong></span> 
     </span>
     <span class='ocr_line' id='line_1_22' title="bbox 330 2196 1677 2294; baseline -0.003 -28"><span class='ocrx_word' id='word_1_187' title='bbox 330 2204 394 2282; x_wconf 82' lang='lat' dir='ltr'><strong>git,</strong></span> <span class='ocrx_word' id='word_1_188' title='bbox 427 2215 577 2282; x_wconf 85' lang='lat' dir='ltr'><strong>nunquam</strong></span> <span class='ocrx_word' id='word_1_189' title='bbox 608 2206 709 2262; x_wconf 88' lang='lat' dir='ltr'><strong>tamen</strong></span> <span class='ocrx_word' id='word_1_190' title='bbox 737 2199 795 2261; x_wconf 93' lang='lat' dir='ltr'><strong>nisi</strong></span> <span class='ocrx_word' id='word_1_191' title='bbox 826 2216 917 2278; x_wconf 89' lang='lat' dir='ltr'><strong>prope</strong></span> <span class='ocrx_word' id='word_1_192' title='bbox 949 2196 1131 2260; x_wconf 82' lang='lat' dir='ltr'><strong>horizontem</strong></span> <span class='ocrx_word' id='word_1_193' title='bbox 1158 2215 1212 2277; x_wconf 91' lang='lat' dir='ltr'><strong>per</strong></span> <span class='ocrx_word' id='word_1_194' title='bbox 1238 2197 1430 2294; x_wconf 67' lang='lat' dir='ltr'><strong>interjectam</strong></span> <span class='ocrx_word' id='word_1_195' title='bbox 1453 2199 1677 2262; x_wconf 87' lang='lat' dir='ltr'><strong>exhalatiouum</strong></span> 
     </span>
     <span class='ocr_line' id='line_1_23' title="bbox 334 2284 941 2372; baseline -0.012 -18"><span class='ocrx_word' id='word_1_196' title='bbox 334 2291 450 2372; x_wconf 92' lang='lat' dir='ltr'><strong>copiam</strong></span> <span class='ocrx_word' id='word_1_197' title='bbox 472 2297 576 2351; x_wconf 89' lang='lat' dir='ltr'><strong>uestro</strong></span> <span class='ocrx_word' id='word_1_198' title='bbox 600 2307 634 2350; x_wconf 88' lang='lat' dir='ltr'><strong>sc</strong></span> <span class='ocrx_word' id='word_1_199' title='bbox 657 2284 734 2349; x_wconf 89' lang='lat' dir='ltr'><strong>visui</strong></span> <span class='ocrx_word' id='word_1_200' title='bbox 755 2293 941 2366; x_wconf 88' lang='lat' dir='ltr'><strong>praesentat.</strong></span> 
     </span>
    </p>

    <p class='ocr_par' dir='ltr' id='par_1_8' title="bbox 337 2372 1677 2724">
     <span class='ocr_line' id='line_1_24' title="bbox 425 2372 1676 2451; baseline -0.002 -11"><span class='ocrx_word' id='word_1_201' title='bbox 425 2376 513 2449; x_wconf 83' lang='lat' dir='ltr'><strong>Quod</strong></span> <span class='ocrx_word' id='word_1_202' title='bbox 536 2375 664 2440; x_wconf 88' lang='lat' dir='ltr'><strong>autem</strong></span> <span class='ocrx_word' id='word_1_203' title='bbox 656 2395 687 2438; x_wconf 91' lang='grc' dir='ltr'><strong>ιι</strong></span> <span class='ocrx_word' id='word_1_204' title='bbox 709 2377 826 2438; x_wconf 87' lang='grc' dir='ltr'>Μιιιι</span> <span class='ocrx_word' id='word_1_205' title='bbox 850 2375 940 2438; x_wconf 87' lang='lat' dir='ltr'><strong>etiam</strong></span> <span class='ocrx_word' id='word_1_206' title='bbox 963 2392 1020 2436; x_wconf 93' lang='lat' dir='ltr'><strong>non</strong></span> <span class='ocrx_word' id='word_1_207' title='bbox 1044 2372 1260 2435; x_wconf 89' lang='lat' dir='ltr'><strong>contemnenda</strong></span> <span class='ocrx_word' id='word_1_208' title='bbox 1272 2379 1322 2436; x_wconf 89' lang='lat' dir='ltr'><strong>est</strong></span> <span class='ocrx_word' id='word_1_209' title='bbox 1335 2373 1512 2451; x_wconf 89' lang='lat' dir='ltr'><strong>diversitas,</strong></span> <span class='ocrx_word' id='word_1_210' title='bbox 1536 2375 1611 2440; x_wconf 91' lang='lat' dir='ltr'><strong>nibil</strong></span> <span class='ocrx_word' id='word_1_211' title='bbox 1624 2376 1676 2438; x_wconf 91' lang='lat' dir='ltr'><strong>mi-</strong></span> 
     </span>
     <span class='ocr_line' id='line_1_25' title="bbox 337 2460 1676 2545; baseline -0.004 -13"><span class='ocrx_word' id='word_1_212' title='bbox 337 2487 419 2539; x_wconf 90' lang='lat' dir='ltr'><strong>rum,</strong></span> <span class='ocrx_word' id='word_1_213' title='bbox 442 2485 497 2529; x_wconf 92' lang='lat' dir='ltr'><strong>nec</strong></span> <span class='ocrx_word' id='word_1_214' title='bbox 519 2483 566 2527; x_wconf 90' lang='lat' dir='ltr'><strong>me</strong></span> <span class='ocrx_word' id='word_1_215' title='bbox 589 2473 707 2540; x_wconf 89' lang='lat' dir='ltr'><strong>movet;</strong></span> <span class='ocrx_word' id='word_1_216' title='bbox 739 2471 873 2527; x_wconf 84' lang='lat' dir='ltr'><strong>moveret</strong></span> <span class='ocrx_word' id='word_1_217' title='bbox 894 2462 1012 2542; x_wconf 89' lang='lat' dir='ltr'><strong>potius,</strong></span> <span class='ocrx_word' id='word_1_218' title='bbox 1040 2461 1067 2524; x_wconf 90' lang='lat' dir='ltr'><strong>si</strong></span> <span class='ocrx_word' id='word_1_219' title='bbox 1089 2460 1172 2523; x_wconf 88' lang='lat' dir='ltr'><strong>nulla</strong></span> <span class='ocrx_word' id='word_1_220' title='bbox 1193 2468 1285 2525; x_wconf 88' lang='lat' dir='ltr'><strong>esset.</strong></span> <span class='ocrx_word' id='word_1_221' title='bbox 1332 2462 1459 2526; x_wconf 88' lang='lat' dir='ltr'><strong>hiemini</strong></span> <span class='ocrx_word' id='word_1_222' title='bbox 1482 2483 1612 2545; x_wconf 88' lang='lat' dir='ltr'><strong>namque</strong></span> <span class='ocrx_word' id='word_1_223' title='bbox 1634 2483 1676 2526; x_wconf 92' lang='lat' dir='ltr'><strong>me</strong></span> 
     </span>
     <span class='ocr_line' id='line_1_26' title="bbox 338 2549 1677 2635; baseline -0.002 -16"><span class='ocrx_word' id='word_1_224' title='bbox 338 2579 357 2620; x_wconf 97' lang='lat' dir='ltr'><strong>a</strong></span> <span class='ocrx_word' id='word_1_225' title='bbox 379 2575 445 2618; x_wconf 89' lang='lat' dir='ltr'><strong>meo</strong></span> <span class='ocrx_word' id='word_1_226' title='bbox 467 2561 660 2635; x_wconf 87' lang='lat' dir='ltr'><strong>praeceptore</strong></span> <span class='ocrx_word' id='word_1_227' title='bbox 683 2553 844 2616; x_wconf 88' lang='lat' dir='ltr'><strong>Maestlino</strong></span> <span class='ocrx_word' id='word_1_228' title='bbox 867 2551 1014 2625; x_wconf 88' lang='lat' dir='ltr'><strong>audiisse,</strong></span> <span class='ocrx_word' id='word_1_229' title='bbox 1039 2549 1145 2612; x_wconf 89' lang='lat' dir='ltr'><strong>sideris</strong></span> <span class='ocrx_word' id='word_1_230' title='bbox 1167 2549 1254 2632; x_wconf 88' lang='lat' dir='ltr'><strong>hujus</strong></span> <span class='ocrx_word' id='word_1_231' title='bbox 1278 2569 1394 2614; x_wconf 89' lang='lat' dir='ltr'><strong>errores</strong></span> <span class='ocrx_word' id='word_1_232' title='bbox 1417 2571 1438 2613; x_wconf 91' lang='lat' dir='ltr'><strong>a</strong></span> <span class='ocrx_word' id='word_1_233' title='bbox 1460 2553 1580 2616; x_wconf 87' lang='lat' dir='ltr'><strong>calculo</strong></span> <span class='ocrx_word' id='word_1_234' title='bbox 1604 2554 1677 2616; x_wconf 89' lang='lat' dir='ltr'><strong>iutra</strong></span> 
     </span>
     <span class='ocr_line' id='line_1_27' title="bbox 338 2637 1482 2724; baseline -0.003 -16"><span class='ocrx_word' id='word_1_235' title='bbox 338 2643 561 2724; x_wconf 82' lang='lat' dir='ltr'><strong>2integrcrum</strong></span> <span class='ocrx_word' id='word_1_236' title='bbox 581 2643 725 2724; x_wconf 74' lang='lat' dir='ltr'><strong>graduum</strong></span> <span class='ocrx_word' id='word_1_237' title='bbox 743 2639 899 2721; x_wconf 85' lang='lat' dir='ltr'><strong>angustias</strong></span> <span class='ocrx_word' id='word_1_238' title='bbox 918 2639 984 2720; x_wconf 83' lang='lat' dir='ltr'><strong>cogi</strong></span> <span class='ocrx_word' id='word_1_239' title='bbox 1003 2657 1061 2700; x_wconf 93' lang='lat' dir='ltr'><strong>non</strong></span> <span class='ocrx_word' id='word_1_240' title='bbox 1078 2655 1179 2718; x_wconf 90' lang='lat' dir='ltr'><strong>posse.</strong></span> <span class='ocrx_word' id='word_1_241' title='bbox 1225 2637 1319 2718; x_wconf 82' lang='lat' dir='ltr'><strong>(Gap.</strong></span> <span class='ocrx_word' id='word_1_242' title='bbox 1342 2639 1482 2716; x_wconf 87' lang='lat' dir='ltr'>XVHI.)</span> 
     </span>
    </p>

    <p class='ocr_par' dir='ltr' id='par_1_9' title="bbox 293 2725 1678 3609">
     <span class='ocr_line' id='line_1_28' title="bbox 425 2725 1676 2830; baseline -0.002 -34"><span class='ocrx_word' id='word_1_243' title='bbox 425 2733 471 2796; x_wconf 79' lang='lat' dir='ltr'><strong>As</strong></span> <span class='ocrx_word' id='word_1_244' title='bbox 492 2732 637 2815; x_wconf 89' lang='lat' dir='ltr'><strong>objicias,</strong></span> <span class='ocrx_word' id='word_1_245' title='bbox 670 2730 863 2793; x_wconf 90' lang='lat' dir='ltr'><strong>Saturnum</strong></span> <span class='ocrx_word' id='word_1_246' title='bbox 893 2728 1013 2791; x_wconf 90' lang='lat' dir='ltr'><strong>nimium</strong></span> <span class='ocrx_word' id='word_1_247' title='bbox 1041 2727 1220 2830; x_wconf 87' lang='lat' dir='ltr'><strong>discrepare.</strong></span> <span class='ocrx_word' id='word_1_248' title='bbox 1267 2725 1348 2798; x_wconf 85' lang='lat' dir='ltr'><strong>Quid</strong></span> <span class='ocrx_word' id='word_1_249' title='bbox 1379 2727 1428 2791; x_wconf 91' lang='lat' dir='ltr'><strong>hic</strong></span> <span class='ocrx_word' id='word_1_250' title='bbox 1452 2730 1570 2810; x_wconf 67' lang='grc' dir='ltr'>ιςιιιιι</span> <span class='ocrx_word' id='word_1_251' title='bbox 1605 2731 1676 2793; x_wconf 91' lang='lat' dir='ltr'><strong>Num</strong></span> 
     </span>
     <span class='ocr_line' id='line_1_29' title="bbox 337 2815 1675 2906; baseline -0.005 -20"><span class='ocrx_word' id='word_1_252' title='bbox 337 2823 407 2906; x_wconf 91' lang='lat' dir='ltr'><strong>quid</strong></span> <span class='ocrx_word' id='word_1_253' title='bbox 430 2822 583 2885; x_wconf 84' lang='lat' dir='ltr'><strong>convictus</strong></span> <span class='ocrx_word' id='word_1_254' title='bbox 606 2819 695 2884; x_wconf 86' lang='lat' dir='ltr'><strong>sum?</strong></span> <span class='ocrx_word' id='word_1_255' title='bbox 717 2819 839 2881; x_wconf 88' lang='lat' dir='ltr'><strong>Minime</strong></span> <span class='ocrx_word' id='word_1_256' title='bbox 853 2836 933 2882; x_wconf 83' lang='lat' dir='ltr'><strong>vero.</strong></span> <span class='ocrx_word' id='word_1_257' title='bbox 979 2817 1059 2879; x_wconf 90' lang='lat' dir='ltr'><strong>Nam</strong></span> <span class='ocrx_word' id='word_1_258' title='bbox 1081 2815 1160 2878; x_wconf 89' lang='lat' dir='ltr'><strong>sicut</strong></span> <span class='ocrx_word' id='word_1_259' title='bbox 1180 2815 1285 2896; x_wconf 81' lang='lat' dir='ltr'><strong>ingens</strong></span> <span class='ocrx_word' id='word_1_260' title='bbox 1309 2815 1374 2897; x_wconf 89' lang='lat' dir='ltr'><strong>ejus</strong></span> <span class='ocrx_word' id='word_1_261' title='bbox 1397 2817 1550 2882; x_wconf 85' lang='lat' dir='ltr'><strong>distantia</strong></span> <span class='ocrx_word' id='word_1_262' title='bbox 1572 2819 1675 2882; x_wconf 76' lang='lat' dir='ltr'><strong>facilli-</strong></span> 
     </span>
     <span class='ocr_line' id='line_1_30' title="bbox 337 2902 1675 2990; baseline -0.007 -12"><span class='ocrx_word' id='word_1_263' title='bbox 337 2931 417 2978; x_wconf 86' lang='lat' dir='ltr'><strong>mam</strong></span> <span class='ocrx_word' id='word_1_264' title='bbox 439 2911 532 2976; x_wconf 88' lang='lat' dir='ltr'><strong>errori</strong></span> <span class='ocrx_word' id='word_1_265' title='bbox 555 2927 677 2973; x_wconf 89' lang='lat' dir='ltr'><strong>causam</strong></span> <span class='ocrx_word' id='word_1_266' title='bbox 698 2907 854 2988; x_wconf 89' lang='lat' dir='ltr'><strong>praebet</strong></span> <span class='ocrx_word' id='word_1_267' title='bbox 844 2926 875 2969; x_wconf 93' lang='grc' dir='ltr'><strong>ιι</strong></span> <span class='ocrx_word' id='word_1_268' title='bbox 898 2905 1122 2968; x_wconf 87' lang='lat' dir='ltr'><strong>observatione:</strong></span> <span class='ocrx_word' id='word_1_269' title='bbox 1147 2902 1191 2965; x_wconf 93' lang='lat' dir='ltr'><strong>sic</strong></span> <span class='ocrx_word' id='word_1_270' title='bbox 1214 2923 1296 2968; x_wconf 92' lang='lat' dir='ltr'><strong>error</strong></span> <span class='ocrx_word' id='word_1_271' title='bbox 1317 2905 1347 2967; x_wconf 92' lang='lat' dir='ltr'><strong>in</strong></span> <span class='ocrx_word' id='word_1_272' title='bbox 1363 2905 1522 2984; x_wconf 84' lang='lat' dir='ltr'><strong>distantia,</strong></span> <span class='ocrx_word' id='word_1_273' title='bbox 1547 2907 1675 2990; x_wconf 85' lang='lat' dir='ltr'><strong>quamvis</strong></span> 
     </span>
     <span class='ocr_line' id='line_1_31' title="bbox 336 2991 1677 3079; baseline -0.006 -13"><span class='ocrx_word' id='word_1_274' title='bbox 336 3003 513 3076; x_wconf 91' lang='lat' dir='ltr'><strong>luculentus,</strong></span> <span class='ocrx_word' id='word_1_275' title='bbox 538 2999 675 3079; x_wconf 81' lang='lat' dir='ltr'><strong>exiguam</strong></span> <span class='ocrx_word' id='word_1_276' title='bbox 697 3005 728 3058; x_wconf 89' lang='lat' dir='ltr'><strong>ct</strong></span> <span class='ocrx_word' id='word_1_277' title='bbox 750 2994 887 3077; x_wconf 91' lang='lat' dir='ltr'><strong>opinione</strong></span> <span class='ocrx_word' id='word_1_278' title='bbox 910 2994 1051 3057; x_wconf 89' lang='lat' dir='ltr'><strong>minorem</strong></span> <span class='ocrx_word' id='word_1_279' title='bbox 1066 2991 1183 3054; x_wconf 82' lang='lat' dir='ltr'><strong>eflicit</strong></span> <span class='ocrx_word' id='word_1_280' title='bbox 1175 3011 1204 3054; x_wconf 93' lang='grc' dir='ltr'><strong>ιι</strong></span> <span class='ocrx_word' id='word_1_281' title='bbox 1219 2993 1324 3055; x_wconf 90' lang='lat' dir='ltr'><strong>motu</strong></span> <span class='ocrx_word' id='word_1_282' title='bbox 1314 3013 1403 3075; x_wconf 88' lang='lat' dir='ltr'><strong>mque</strong></span> <span class='ocrx_word' id='word_1_283' title='bbox 1421 3001 1677 3077; x_wconf 76' lang='grc' dir='ltr'>προσθαφιιρισιι</span> 
     </span>
     <span class='ocr_line' id='line_1_32' title="bbox 338 3081 1677 3162; baseline -0.007 -8"><span class='ocrx_word' id='word_1_284' title='bbox 338 3090 556 3156; x_wconf 82' lang='lat' dir='ltr'><strong>diversitatem.</strong></span> <span class='ocrx_word' id='word_1_285' title='bbox 601 3087 644 3150; x_wconf 78' lang='lat' dir='ltr'><strong>Iit</strong></span> <span class='ocrx_word' id='word_1_286' title='bbox 672 3092 774 3148; x_wconf 87' lang='grc' dir='ltr'>ιιιιιι</span> <span class='ocrx_word' id='word_1_287' title='bbox 795 3101 890 3162; x_wconf 91' lang='lat' dir='ltr'><strong>neque</strong></span> <span class='ocrx_word' id='word_1_288' title='bbox 913 3083 1001 3162; x_wconf 91' lang='lat' dir='ltr'><strong>hujus</strong></span> <span class='ocrx_word' id='word_1_289' title='bbox 1024 3081 1129 3143; x_wconf 88' lang='lat' dir='ltr'><strong>sideris</strong></span> <span class='ocrx_word' id='word_1_290' title='bbox 1151 3089 1249 3144; x_wconf 88' lang='lat' dir='ltr'><strong>motus</strong></span> <span class='ocrx_word' id='word_1_291' title='bbox 1271 3083 1439 3146; x_wconf 89' lang='lat' dir='ltr'><strong>certissime</strong></span> <span class='ocrx_word' id='word_1_292' title='bbox 1463 3085 1592 3148; x_wconf 89' lang='lat' dir='ltr'><strong>dimensi</strong></span> <span class='ocrx_word' id='word_1_293' title='bbox 1614 3091 1677 3148; x_wconf 90' lang='lat' dir='ltr'><strong>sunt</strong></span> 
     </span>
     <span class='ocr_line' id='line_1_33' title="bbox 339 3169 1675 3253; baseline -0.005 -10"><span class='ocrx_word' id='word_1_294' title='bbox 339 3177 520 3242; x_wconf 89' lang='lat' dir='ltr'><strong>astronomi:</strong></span> <span class='ocrx_word' id='word_1_295' title='bbox 544 3175 593 3238; x_wconf 90' lang='grc' dir='ltr'><strong>ιιι</strong></span> <span class='ocrx_word' id='word_1_296' title='bbox 616 3174 681 3238; x_wconf 88' lang='grc' dir='ltr'>ιιιι</span> <span class='ocrx_word' id='word_1_297' title='bbox 703 3171 868 3253; x_wconf 89' lang='lat' dir='ltr'><strong>praeterita</strong></span> <span class='ocrx_word' id='word_1_298' title='bbox 890 3169 985 3232; x_wconf 89' lang='lat' dir='ltr'><strong>hieme</strong></span> <span class='ocrx_word' id='word_1_299' title='bbox 1008 3187 1129 3231; x_wconf 86' lang='lat' dir='ltr'><strong>cernere</strong></span> <span class='ocrx_word' id='word_1_300' title='bbox 1152 3176 1228 3231; x_wconf 89' lang='lat' dir='ltr'><strong>erat.</strong></span> <span class='ocrx_word' id='word_1_301' title='bbox 1264 3169 1344 3233; x_wconf 86' lang='lat' dir='ltr'><strong>Nam</strong></span> <span class='ocrx_word' id='word_1_302' title='bbox 1366 3169 1470 3235; x_wconf 83' lang='grc' dir='ltr'>ι1ι2.</span> <span class='ocrx_word' id='word_1_303' title='bbox 1489 3172 1542 3238; x_wconf 88' lang='grc'><strong>12.</strong></span> <span class='ocrx_word' id='word_1_304' title='bbox 1557 3176 1632 3238; x_wconf 85' lang='grc' dir='ltr'>Νοι.</span> <span class='ocrx_word' id='word_1_305' title='bbox 1649 3194 1675 3236; x_wconf 90' lang='grc' dir='ltr'><strong>ι.</strong></span> 
     </span>
     <span class='ocr_line' id='line_1_34' title="bbox 341 3249 1676 3334; baseline -0.006 -2"><span class='ocrx_word' id='word_1_306' title='bbox 341 3263 426 3333; x_wconf 85' lang='grc'><strong>1594</strong></span> <span class='ocrx_word' id='word_1_307' title='bbox 448 3266 532 3328; x_wconf 89' lang='lat' dir='ltr'><strong>visus</strong></span> <span class='ocrx_word' id='word_1_308' title='bbox 555 3269 605 3325; x_wconf 90' lang='lat' dir='ltr'><strong>est</strong></span> <span class='ocrx_word' id='word_1_309' title='bbox 626 3267 732 3323; x_wconf 87' lang='lat' dir='ltr'><strong>exacte</strong></span> <span class='ocrx_word' id='word_1_310' title='bbox 754 3259 833 3320; x_wconf 91' lang='lat' dir='ltr'><strong>inter</strong></span> <span class='ocrx_word' id='word_1_311' title='bbox 856 3257 1000 3320; x_wconf 86' lang='lat' dir='ltr'><strong>cervicem</strong></span> <span class='ocrx_word' id='word_1_312' title='bbox 1028 3263 1060 3318; x_wconf 87' lang='lat' dir='ltr'><strong>et</strong></span> <span class='ocrx_word' id='word_1_313' title='bbox 1086 3273 1138 3318; x_wconf 90' lang='lat' dir='ltr'><strong>cor</strong></span> <span class='ocrx_word' id='word_1_314' title='bbox 1162 3256 1273 3334; x_wconf 90' lang='lat' dir='ltr'><strong>leonis,</strong></span> <span class='ocrx_word' id='word_1_315' title='bbox 1306 3259 1357 3321; x_wconf 91' lang='lat' dir='ltr'><strong>uhi</strong></span> <span class='ocrx_word' id='word_1_316' title='bbox 1382 3249 1453 3324; x_wconf 84' lang='lat' dir='ltr'><strong>esse</strong></span> <span class='ocrx_word' id='word_1_317' title='bbox 1477 3263 1610 3327; x_wconf 88' lang='lat' dir='ltr'><strong>debehat</strong></span> <span class='ocrx_word' id='word_1_318' title='bbox 1630 3281 1676 3324; x_wconf 91' lang='lat' dir='ltr'><strong>se-</strong></span> 
     </span>
     <span class='ocr_line' id='line_1_35' title="bbox 339 3342 1675 3435; baseline -0.004 -16"><span class='ocrx_word' id='word_1_319' title='bbox 339 3354 466 3420; x_wconf 88' lang='lat' dir='ltr'><strong>cundum</strong></span> <span class='ocrx_word' id='word_1_320' title='bbox 489 3349 688 3435; x_wconf 89' lang='lat' dir='ltr'><strong>calculumd.</strong></span> <span class='ocrx_word' id='word_1_321' title='bbox 712 3345 765 3410; x_wconf 88' lang='grc'><strong>21.</strong></span> <span class='ocrx_word' id='word_1_322' title='bbox 791 3342 843 3408; x_wconf 86' lang='grc'><strong>31.</strong></span> <span class='ocrx_word' id='word_1_323' title='bbox 859 3345 929 3408; x_wconf 82' lang='lat' dir='ltr'><strong>Oct</strong></span> <span class='ocrx_word' id='word_1_324' title='bbox 952 3344 1123 3426; x_wconf 82' lang='lat' dir='ltr'><strong>praeterita</strong></span> <span class='ocrx_word' id='word_1_325' title='bbox 1168 3345 1347 3410; x_wconf 81' lang='lat' dir='ltr'><strong>Differentia</strong></span> <span class='ocrx_word' id='word_1_326' title='bbox 1360 3349 1443 3430; x_wconf 84' lang='lat' dir='ltr'><strong>long.</strong></span> <span class='ocrx_word' id='word_1_327' title='bbox 1460 3347 1525 3428; x_wconf 78' lang='lat'><strong>37‘,</strong></span> <span class='ocrx_word' id='word_1_328' title='bbox 1550 3353 1604 3416; x_wconf 90' lang='lat' dir='ltr'><strong>lat.</strong></span> <span class='ocrx_word' id='word_1_329' title='bbox 1618 3347 1675 3420; x_wconf 81' lang='lat'><strong>20¹.</strong></span> 
     </span>
     <span class='ocr_line' id='line_1_36' title="bbox 338 3433 1678 3525; baseline -0.005 -18"><span class='ocrx_word' id='word_1_330' title='bbox 338 3445 406 3525; x_wconf 91' lang='lat' dir='ltr'><strong>plus</strong></span> <span class='ocrx_word' id='word_1_331' title='bbox 430 3441 538 3505; x_wconf 90' lang='lat' dir='ltr'><strong>minus.</strong></span> <span class='ocrx_word' id='word_1_332' title='bbox 585 3435 673 3510; x_wconf 84' lang='lat' dir='ltr'><strong>Quod</strong></span> <span class='ocrx_word' id='word_1_333' title='bbox 696 3437 722 3498; x_wconf 91' lang='lat' dir='ltr'><strong>si</strong></span> <span class='ocrx_word' id='word_1_334' title='bbox 744 3435 825 3496; x_wconf 85' lang='lat' dir='ltr'><strong>intra</strong></span> <span class='ocrx_word' id='word_1_335' title='bbox 846 3433 924 3496; x_wconf 92' lang='lat' dir='ltr'><strong>hunc</strong></span> <span class='ocrx_word' id='word_1_336' title='bbox 945 3433 1102 3495; x_wconf 79' lang='lat' dir='ltr'><strong>terminum</strong></span> <span class='ocrx_word' id='word_1_337' title='bbox 1124 3435 1323 3514; x_wconf 76' lang='lat' dir='ltr'><strong>permanserit</strong></span> <span class='ocrx_word' id='word_1_338' title='bbox 1345 3436 1412 3518; x_wconf 91' lang='lat' dir='ltr'><strong>ejus</strong></span> <span class='ocrx_word' id='word_1_339' title='bbox 1430 3448 1533 3502; x_wconf 90' lang='lat' dir='ltr'><strong>motus</strong></span> <span class='ocrx_word' id='word_1_340' title='bbox 1550 3447 1678 3504; x_wconf 89' lang='lat' dir='ltr'><strong>correcta</strong></span> 
     </span>
     <span class='ocr_line' id='line_1_37' title="bbox 293 3520 1677 3609; baseline -0.001 -14"><span class='ocrx_word' id='word_1_341' title='bbox 293 3563 298 3576; x_wconf 94' lang='lat'><em>·</em></span> <span class='ocrx_word' id='word_1_342' title='bbox 339 3532 426 3595; x_wconf 90' lang='lat' dir='ltr'><strong>modo</strong></span> <span class='ocrx_word' id='word_1_343' title='bbox 446 3528 601 3603; x_wconf 88' lang='lat' dir='ltr'><strong>distantia,</strong></span> <span class='ocrx_word' id='word_1_344' title='bbox 626 3522 803 3588; x_wconf 87' lang='lat' dir='ltr'><strong>existimabo</strong></span> <span class='ocrx_word' id='word_1_345' title='bbox 818 3522 934 3584; x_wconf 90' lang='lat' dir='ltr'><strong>abunde</strong></span> <span class='ocrx_word' id='word_1_346' title='bbox 953 3520 1143 3583; x_wconf 75' lang='lat' dir='ltr'><strong>satisfactum</strong></span> <span class='ocrx_word' id='word_1_347' title='bbox 1157 3521 1219 3586; x_wconf 84' lang='lat' dir='ltr'><strong>iore</strong></span> <span class='ocrx_word' id='word_1_348' title='bbox 1233 3525 1424 3590; x_wconf 87' lang='lat' dir='ltr'><strong>astronomis.</strong></span> <span class='ocrx_word' id='word_1_349' title='bbox 1472 3525 1566 3609; x_wconf 83' lang='lat' dir='ltr'><strong>(Cap.</strong></span> <span class='ocrx_word' id='word_1_350' title='bbox 1580 3527 1677 3601; x_wconf 73' lang='lat' dir='ltr'><strong>xlx)</strong></span> 
     </span>
    </p>

    <p class='ocr_par' dir='ltr' id='par_1_10' title="bbox 298 3609 1679 4753">
     <span class='ocr_line' id='line_1_38' title="bbox 427 3609 1679 3696; baseline -0.002 -16"><span class='ocrx_word' id='word_1_351' title='bbox 427 3617 546 3692; x_wconf 83' lang='lat' dir='ltr'><strong>Quid</strong></span> <span class='ocrx_word' id='word_1_352' title='bbox 521 3637 548 3680; x_wconf 89' lang='grc' dir='ltr'><strong>ιι</strong></span> <span class='ocrx_word' id='word_1_353' title='bbox 561 3633 632 3677; x_wconf 87' lang='grc' dir='ltr'>ιιιι</span> <span class='ocrx_word' id='word_1_354' title='bbox 643 3611 804 3676; x_wconf 88' lang='lat' dir='ltr'><strong>astronomi</strong></span> <span class='ocrx_word' id='word_1_355' title='bbox 818 3611 873 3674; x_wconf 91' lang='lat' dir='ltr'><strong>hoc</strong></span> <span class='ocrx_word' id='word_1_356' title='bbox 888 3610 981 3692; x_wconf 88' lang='lat' dir='ltr'><strong>adjuti</strong></span> <span class='ocrx_word' id='word_1_357' title='bbox 990 3609 1197 3672; x_wconf 84' lang='lat' dir='ltr'><strong>theoremate</strong></span> <span class='ocrx_word' id='word_1_358' title='bbox 1188 3630 1218 3674; x_wconf 90' lang='lat' dir='ltr'><strong>m</strong></span> <span class='ocrx_word' id='word_1_359' title='bbox 1233 3614 1417 3680; x_wconf 88' lang='lat' dir='ltr'><strong>correctione</strong></span> <span class='ocrx_word' id='word_1_360' title='bbox 1433 3617 1590 3681; x_wconf 90' lang='lat' dir='ltr'><strong>motuum</strong></span> <span class='ocrx_word' id='word_1_361' title='bbox 1581 3637 1611 3679; x_wconf 92' lang='grc' dir='ltr'><strong>ιι</strong></span> <span class='ocrx_word' id='word_1_362' title='bbox 1625 3635 1679 3696; x_wconf 88' lang='lat' dir='ltr'><strong>qua</strong></span> 
     </span>
     <span class='ocr_line' id='line_1_39' title="bbox 338 3699 1678 3790; baseline -0.004 -18"><span class='ocrx_word' id='word_1_363' title='bbox 338 3709 452 3790; x_wconf 90' lang='lat' dir='ltr'><strong>pridem</strong></span> <span class='ocrx_word' id='word_1_364' title='bbox 476 3705 624 3769; x_wconf 89' lang='lat' dir='ltr'><strong>desudant</strong></span> <span class='ocrx_word' id='word_1_365' title='bbox 645 3702 771 3782; x_wconf 85' lang='lat' dir='ltr'><strong>posthac</strong></span> <span class='ocrx_word' id='word_1_366' title='bbox 794 3699 910 3763; x_wconf 80' lang='lat' dir='ltr'><strong>felicius</strong></span> <span class='ocrx_word' id='word_1_367' title='bbox 933 3717 1057 3779; x_wconf 80' lang='lat' dir='ltr'><strong>pergere</strong></span> <span class='ocrx_word' id='word_1_368' title='bbox 1078 3699 1216 3778; x_wconf 87' lang='lat' dir='ltr'><strong>possint?</strong></span> <span class='ocrx_word' id='word_1_369' title='bbox 1241 3701 1346 3782; x_wconf 89' lang='lat' dir='ltr'><strong>Neque</strong></span> <span class='ocrx_word' id='word_1_370' title='bbox 1366 3702 1423 3766; x_wconf 92' lang='lat' dir='ltr'><strong>hoc</strong></span> <span class='ocrx_word' id='word_1_371' title='bbox 1438 3706 1516 3768; x_wconf 88' lang='lat' dir='ltr'><strong>adeo</strong></span> <span class='ocrx_word' id='word_1_372' title='bbox 1531 3705 1678 3770; x_wconf 89' lang='lat' dir='ltr'><strong>ridiculum</strong></span> 
     </span>
     <span class='ocr_line' id='line_1_40' title="bbox 340 3785 1676 3876; baseline -0.005 -16"><span class='ocrx_word' id='word_1_373' title='bbox 340 3805 387 3859; x_wconf 88' lang='lat' dir='ltr'><strong>est</strong></span> <span class='ocrx_word' id='word_1_374' title='bbox 410 3796 518 3869; x_wconf 90' lang='lat' dir='ltr'><strong>dicere,</strong></span> <span class='ocrx_word' id='word_1_375' title='bbox 541 3810 611 3856; x_wconf 90' lang='lat' dir='ltr'><strong>nam</strong></span> <span class='ocrx_word' id='word_1_376' title='bbox 633 3791 661 3853; x_wconf 92' lang='lat' dir='ltr'><strong>si</strong></span> <span class='ocrx_word' id='word_1_377' title='bbox 681 3788 784 3851; x_wconf 88' lang='lat' dir='ltr'><strong>haberi</strong></span> <span class='ocrx_word' id='word_1_378' title='bbox 806 3796 912 3868; x_wconf 88' lang='lat' dir='ltr'><strong>posset</strong></span> <span class='ocrx_word' id='word_1_379' title='bbox 933 3785 1038 3850; x_wconf 90' lang='lat' dir='ltr'><strong>similis</strong></span> <span class='ocrx_word' id='word_1_380' title='bbox 1062 3787 1318 3851; x_wconf 86' lang='lat' dir='ltr'><strong>eccentricitatum</strong></span> <span class='ocrx_word' id='word_1_381' title='bbox 1341 3791 1429 3868; x_wconf 87' lang='lat' dir='ltr'><strong>ratio,</strong></span> <span class='ocrx_word' id='word_1_382' title='bbox 1457 3796 1576 3876; x_wconf 89' lang='lat' dir='ltr'><strong>qualem</strong></span> <span class='ocrx_word' id='word_1_383' title='bbox 1598 3793 1676 3856; x_wconf 86' lang='lat' dir='ltr'><strong>vide-</strong></span> 
     </span>
     <span class='ocr_line' id='line_1_41' title="bbox 339 3841 1677 3953; baseline -0.004 -5"><span class='ocrx_word' id='word_1_384' title='bbox 339 3905 404 3948; x_wconf 90' lang='lat' dir='ltr'><strong>mus</strong></span> <span class='ocrx_word' id='word_1_385' title='bbox 427 3881 526 3946; x_wconf 77' lang='lat' dir='ltr'><strong>esse</strong></span> <span class='ocrx_word' id='word_1_386' title='bbox 517 3901 548 3944; x_wconf 91' lang='grc' dir='ltr'><strong>ιι</strong></span> <span class='ocrx_word' id='word_1_387' title='bbox 572 3877 733 3953; x_wconf 86' lang='lat' dir='ltr'><strong>distantiis,</strong></span> <span class='ocrx_word' id='word_1_388' title='bbox 757 3877 894 3939; x_wconf 84' lang='lat' dir='ltr'><strong>confecta</strong></span> <span class='ocrx_word' id='word_1_389' title='bbox 916 3895 965 3938; x_wconf 90' lang='lat' dir='ltr'><strong>res</strong></span> <span class='ocrx_word' id='word_1_390' title='bbox 988 3882 1071 3938; x_wconf 89' lang='lat' dir='ltr'><strong>esset</strong></span> <span class='ocrx_word' id='word_1_391' title='bbox 1088 3883 1120 3937; x_wconf 93' lang='lat' dir='ltr'><strong>et</strong></span> <span class='ocrx_word' id='word_1_392' title='bbox 1141 3875 1264 3939; x_wconf 91' lang='lat' dir='ltr'><strong>cuilibet</strong></span> <span class='ocrx_word' id='word_1_393' title='bbox 1278 3877 1376 3942; x_wconf 87' lang='lat' dir='ltr'><strong>obvia.</strong></span> <span class='ocrx_word' id='word_1_394' title='bbox 1420 3841 1507 3945; x_wconf 70' lang='lat' dir='ltr'><strong>iiam</strong></span> <span class='ocrx_word' id='word_1_395' title='bbox 1520 3883 1597 3945; x_wconf 88' lang='lat' dir='ltr'><strong>adeo</strong></span> <span class='ocrx_word' id='word_1_396' title='bbox 1610 3899 1677 3944; x_wconf 92' lang='lat' dir='ltr'><strong>con·</strong></span> 
     </span>
     <span class='ocr_line' id='line_1_42' title="bbox 340 3964 1678 4050; baseline -0.004 -15"><span class='ocrx_word' id='word_1_397' title='bbox 340 3975 457 4036; x_wconf 91' lang='lat' dir='ltr'><strong>cinnum</strong></span> <span class='ocrx_word' id='word_1_398' title='bbox 479 3969 552 4033; x_wconf 93' lang='lat' dir='ltr'><strong>mihi</strong></span> <span class='ocrx_word' id='word_1_399' title='bbox 573 3968 692 4030; x_wconf 85' lang='lat' dir='ltr'><strong>videtur</strong></span> <span class='ocrx_word' id='word_1_400' title='bbox 713 3966 769 4028; x_wconf 93' lang='lat' dir='ltr'><strong>hoc</strong></span> <span class='ocrx_word' id='word_1_401' title='bbox 792 3966 828 4027; x_wconf 93' lang='lat' dir='ltr'><strong>de</strong></span> <span class='ocrx_word' id='word_1_402' title='bbox 852 3964 1023 4047; x_wconf 88' lang='lat' dir='ltr'><strong>corporibus</strong></span> <span class='ocrx_word' id='word_1_403' title='bbox 1046 3965 1214 4044; x_wconf 83' lang='lat' dir='ltr'><strong>negotium,</strong></span> <span class='ocrx_word' id='word_1_404' title='bbox 1247 3973 1281 4028; x_wconf 92' lang='lat' dir='ltr'><strong>ut</strong></span> <span class='ocrx_word' id='word_1_405' title='bbox 1310 3967 1451 4050; x_wconf 88' lang='lat' dir='ltr'><strong>quioquid</strong></span> <span class='ocrx_word' id='word_1_406' title='bbox 1480 3971 1578 4034; x_wconf 90' lang='lat' dir='ltr'><strong>adhuc</strong></span> <span class='ocrx_word' id='word_1_407' title='bbox 1599 3971 1678 4033; x_wconf 87' lang='lat' dir='ltr'><strong>deest</strong></span> 
     </span>
     <span class='ocr_line' id='line_1_43' title="bbox 341 4052 1675 4135; baseline -0.003 -11"><span class='ocrx_word' id='word_1_408' title='bbox 341 4062 379 4124; x_wconf 89' lang='lat' dir='ltr'><strong>ad</strong></span> <span class='ocrx_word' id='word_1_409' title='bbox 401 4069 532 4123; x_wconf 90' lang='lat' dir='ltr'><strong>motuum</strong></span> <span class='ocrx_word' id='word_1_410' title='bbox 555 4063 692 4120; x_wconf 87' lang='lat' dir='ltr'><strong>exactem</strong></span> <span class='ocrx_word' id='word_1_411' title='bbox 714 4053 930 4135; x_wconf 82' lang='lat' dir='ltr'><strong>cognitionem,</strong></span> <span class='ocrx_word' id='word_1_412' title='bbox 964 4071 1049 4115; x_wconf 89' lang='lat' dir='ltr'><strong>omne</strong></span> <span class='ocrx_word' id='word_1_413' title='bbox 1076 4052 1107 4114; x_wconf 90' lang='lat' dir='ltr'><strong>iu</strong></span> <span class='ocrx_word' id='word_1_414' title='bbox 1129 4053 1385 4118; x_wconf 88' lang='lat' dir='ltr'><strong>eccentricitatum</strong></span> <span class='ocrx_word' id='word_1_415' title='bbox 1413 4059 1493 4121; x_wconf 83' lang='lat' dir='ltr'><strong>vitia</strong></span> <span class='ocrx_word' id='word_1_416' title='bbox 1523 4060 1675 4122; x_wconf 81' lang='lat' dir='ltr'><strong>conferam.</strong></span> 
     </span>
     <span class='ocr_line' id='line_1_44' title="bbox 340 4140 1676 4230; baseline -0.004 -17"><span class='ocrx_word' id='word_1_417' title='bbox 340 4148 487 4230; x_wconf 85' lang='lat' dir='ltr'><strong>Imprimis</strong></span> <span class='ocrx_word' id='word_1_418' title='bbox 520 4148 657 4209; x_wconf 87' lang='lat' dir='ltr'><strong>idoneam</strong></span> <span class='ocrx_word' id='word_1_419' title='bbox 683 4143 752 4205; x_wconf 93' lang='lat' dir='ltr'><strong>hnic</strong></span> <span class='ocrx_word' id='word_1_420' title='bbox 780 4142 824 4204; x_wconf 92' lang='lat' dir='ltr'><strong>rei</strong></span> <span class='ocrx_word' id='word_1_421' title='bbox 846 4160 953 4204; x_wconf 88' lang='lat' dir='ltr'><strong>censeo</strong></span> <span class='ocrx_word' id='word_1_422' title='bbox 976 4140 1127 4204; x_wconf 88' lang='lat' dir='ltr'><strong>Martialis</strong></span> <span class='ocrx_word' id='word_1_423' title='bbox 1151 4143 1384 4207; x_wconf 88' lang='lat' dir='ltr'><strong>eccentricitatis</strong></span> <span class='ocrx_word' id='word_1_424' title='bbox 1412 4147 1676 4227; x_wconf 83' lang='lat' dir='ltr'><strong>amplificationem,</strong></span> 
     </span>
     <span class='ocr_line' id='line_1_45' title="bbox 343 4229 1677 4320; baseline -0.004 -20"><span class='ocrx_word' id='word_1_425' title='bbox 343 4257 418 4320; x_wconf 91' lang='lat' dir='ltr'><strong>qnae</strong></span> <span class='ocrx_word' id='word_1_426' title='bbox 441 4237 502 4298; x_wconf 87' lang='lat' dir='ltr'><strong>fieri</strong></span> <span class='ocrx_word' id='word_1_427' title='bbox 524 4239 630 4316; x_wconf 89' lang='lat' dir='ltr'><strong>posset</strong></span> <span class='ocrx_word' id='word_1_428' title='bbox 650 4251 704 4314; x_wconf 88' lang='lat' dir='ltr'><strong>per</strong></span> <span class='ocrx_word' id='word_1_429' title='bbox 725 4249 850 4310; x_wconf 86' lang='lat' dir='ltr'><strong>parvum</strong></span> <span class='ocrx_word' id='word_1_430' title='bbox 873 4229 1024 4292; x_wconf 90' lang='lat' dir='ltr'><strong>circellum</strong></span> <span class='ocrx_word' id='word_1_431' title='bbox 1047 4229 1184 4309; x_wconf 91' lang='lat' dir='ltr'><strong>(propter</strong></span> <span class='ocrx_word' id='word_1_432' title='bbox 1206 4231 1306 4294; x_wconf 84' lang='lat' dir='ltr'><strong>varios</strong></span> <span class='ocrx_word' id='word_1_433' title='bbox 1329 4233 1441 4296; x_wconf 88' lang='lat' dir='ltr'><strong>Martie</strong></span> <span class='ocrx_word' id='word_1_434' title='bbox 1470 4239 1600 4312; x_wconf 92' lang='lat' dir='ltr'><strong>errores)</strong></span> <span class='ocrx_word' id='word_1_435' title='bbox 1631 4241 1677 4297; x_wconf 91' lang='lat' dir='ltr'><strong>aut</strong></span> 
     </span>
     <span class='ocr_line' id='line_1_46' title="bbox 343 4319 1677 4430; baseline -0.004 -41"><span class='ocrx_word' id='word_1_436' title='bbox 343 4326 603 4430; x_wconf 86' lang='lat' dir='ltr'><strong>quomodocunque</strong></span> <span class='ocrx_word' id='word_1_437' title='bbox 627 4321 723 4384; x_wconf 86' lang='lat' dir='ltr'><strong>aliter.</strong></span> <span class='ocrx_word' id='word_1_438' title='bbox 768 4319 955 4383; x_wconf 76' lang='lat' dir='ltr'><strong>Nomionis</strong></span> <span class='ocrx_word' id='word_1_439' title='bbox 980 4319 1019 4379; x_wconf 90' lang='lat' dir='ltr'><strong>ad</strong></span> <span class='ocrx_word' id='word_1_440' title='bbox 1034 4319 1170 4394; x_wconf 87' lang='lat' dir='ltr'><strong>Martem,</strong></span> <span class='ocrx_word' id='word_1_441' title='bbox 1195 4319 1306 4382; x_wconf 83' lang='lat' dir='ltr'><strong>Terrae</strong></span> <span class='ocrx_word' id='word_1_442' title='bbox 1330 4321 1369 4384; x_wconf 89' lang='lat' dir='ltr'><strong>ad</strong></span> <span class='ocrx_word' id='word_1_443' title='bbox 1387 4323 1541 4386; x_wconf 89' lang='lat' dir='ltr'><strong>Venerem</strong></span> <span class='ocrx_word' id='word_1_444' title='bbox 1557 4341 1677 4405; x_wconf 86' lang='lat' dir='ltr'><strong>propor-</strong></span> 
     </span>
     <span class='ocr_line' id='line_1_47' title="bbox 343 4405 1677 4492; baseline -0.004 -15"><span class='ocrx_word' id='word_1_445' title='bbox 343 4416 385 4478; x_wconf 92' lang='lat' dir='ltr'><strong>tio</strong></span> <span class='ocrx_word' id='word_1_446' title='bbox 409 4414 514 4476; x_wconf 89' lang='lat' dir='ltr'><strong>eadem</strong></span> <span class='ocrx_word' id='word_1_447' title='bbox 536 4429 612 4492; x_wconf 89' lang='lat' dir='ltr'><strong>qnae</strong></span> <span class='ocrx_word' id='word_1_448' title='bbox 633 4410 663 4472; x_wconf 94' lang='lat' dir='ltr'><strong>in</strong></span> <span class='ocrx_word' id='word_1_449' title='bbox 687 4407 876 4487; x_wconf 89' lang='lat' dir='ltr'><strong>corporibus,</strong></span> <span class='ocrx_word' id='word_1_450' title='bbox 910 4405 1041 4481; x_wconf 84' lang='lat' dir='ltr'><strong>indicat,</strong></span> <span class='ocrx_word' id='word_1_451' title='bbox 1074 4407 1104 4468; x_wconf 89' lang='lat' dir='ltr'><strong>in</strong></span> <span class='ocrx_word' id='word_1_452' title='bbox 1126 4406 1254 4469; x_wconf 86' lang='lat' dir='ltr'><strong>maxima</strong></span> <span class='ocrx_word' id='word_1_453' title='bbox 1277 4409 1427 4487; x_wconf 88' lang='lat' dir='ltr'><strong>Veneris,</strong></span> <span class='ocrx_word' id='word_1_454' title='bbox 1460 4411 1567 4476; x_wconf 91' lang='lat' dir='ltr'><strong>intima</strong></span> <span class='ocrx_word' id='word_1_455' title='bbox 1587 4412 1677 4482; x_wconf 76' lang='lat' dir='ltr'><strong>Iovis,</strong></span> 
     </span>
     <span class='ocr_line' id='line_1_48' title="bbox 343 4495 1678 4579; baseline -0.006 -12"><span class='ocrx_word' id='word_1_456' title='bbox 343 4505 414 4567; x_wconf 89' lang='lat' dir='ltr'><strong>item</strong></span> <span class='ocrx_word' id='word_1_457' title='bbox 436 4503 466 4564; x_wconf 92' lang='lat' dir='ltr'><strong>in</strong></span> <span class='ocrx_word' id='word_1_458' title='bbox 489 4507 556 4563; x_wconf 87' lang='lat' dir='ltr'><strong>tota</strong></span> <span class='ocrx_word' id='word_1_459' title='bbox 578 4499 688 4560; x_wconf 88' lang='lat' dir='ltr'><strong>Terrae</strong></span> <span class='ocrx_word' id='word_1_460' title='bbox 712 4495 933 4558; x_wconf 87' lang='lat' dir='ltr'><strong>eccentricitate</strong></span> <span class='ocrx_word' id='word_1_461' title='bbox 957 4513 1015 4556; x_wconf 93' lang='lat' dir='ltr'><strong>nou</strong></span> <span class='ocrx_word' id='word_1_462' title='bbox 1038 4495 1083 4556; x_wconf 85' lang='lat' dir='ltr'><strong>itu</strong></span> <span class='ocrx_word' id='word_1_463' title='bbox 1096 4495 1183 4557; x_wconf 81' lang='lat' dir='ltr'><strong>facile</strong></span> <span class='ocrx_word' id='word_1_464' title='bbox 1197 4496 1266 4576; x_wconf 91' lang='lat' dir='ltr'><strong>quid</strong></span> <span class='ocrx_word' id='word_1_465' title='bbox 1280 4495 1505 4579; x_wconf 89' lang='lat' dir='ltr'><strong>mutariposse.</strong></span> <span class='ocrx_word' id='word_1_466' title='bbox 1551 4501 1678 4564; x_wconf 84' lang='lat' dir='ltr'><strong>Videant</strong></span> 
     </span>
     <span class='ocr_line' id='line_1_49' title="bbox 344 4584 1677 4670; baseline -0.002 -19"><span class='ocrx_word' id='word_1_467' title='bbox 344 4594 451 4666; x_wconf 86' lang='lat' dir='ltr'><strong>stiam,</strong></span> <span class='ocrx_word' id='word_1_468' title='bbox 486 4587 592 4670; x_wconf 91' lang='lat' dir='ltr'><strong>quibus</strong></span> <span class='ocrx_word' id='word_1_469' title='bbox 611 4594 659 4648; x_wconf 87' lang='lat' dir='ltr'><strong>est</strong></span> <span class='ocrx_word' id='word_1_470' title='bbox 680 4584 786 4658; x_wconf 88' lang='lat' dir='ltr'><strong>otium,</strong></span> <span class='ocrx_word' id='word_1_471' title='bbox 819 4592 916 4646; x_wconf 90' lang='lat' dir='ltr'><strong>utrum</strong></span> <span class='ocrx_word' id='word_1_472' title='bbox 939 4602 996 4644; x_wconf 93' lang='lat' dir='ltr'><strong>non</strong></span> <span class='ocrx_word' id='word_1_473' title='bbox 1021 4592 1123 4645; x_wconf 87' lang='lat' dir='ltr'><strong>cetera</strong></span> <span class='ocrx_word' id='word_1_474' title='bbox 1144 4601 1284 4663; x_wconf 85' lang='lat' dir='ltr'><strong>corpora,</strong></span> <span class='ocrx_word' id='word_1_475' title='bbox 1309 4603 1384 4664; x_wconf 89' lang='lat' dir='ltr'><strong>quae</strong></span> <span class='ocrx_word' id='word_1_476' title='bbox 1407 4589 1527 4669; x_wconf 89' lang='lat' dir='ltr'><strong>species</strong></span> <span class='ocrx_word' id='word_1_477' title='bbox 1550 4591 1677 4652; x_wconf 84' lang='lat' dir='ltr'><strong>diversas</strong></span> 
     </span>
     <span class='ocr_line' id='line_1_50' title="bbox 298 4670 1677 4753; baseline -0.003 -11"><span class='ocrx_word' id='word_1_478' title='bbox 298 4679 300 4684; x_wconf 83' lang='grc'><strong>’</strong></span> <span class='ocrx_word' id='word_1_479' title='bbox 344 4680 451 4744; x_wconf 88' lang='lat' dir='ltr'><strong>sortita</strong></span> <span class='ocrx_word' id='word_1_480' title='bbox 472 4686 551 4752; x_wconf 73' lang='lat' dir='ltr'><strong>sunt,</strong></span> <span class='ocrx_word' id='word_1_481' title='bbox 575 4673 763 4738; x_wconf 87' lang='lat' dir='ltr'><strong>occasionem</strong></span> <span class='ocrx_word' id='word_1_482' title='bbox 785 4672 949 4753; x_wconf 86' lang='lat' dir='ltr'><strong>praebeant</strong></span> <span class='ocrx_word' id='word_1_483' title='bbox 970 4670 1032 4734; x_wconf 90' lang='lat' dir='ltr'><strong>suis</strong></span> <span class='ocrx_word' id='word_1_484' title='bbox 1054 4671 1228 4734; x_wconf 84' lang='lat' dir='ltr'><strong>differentiis</strong></span> <span class='ocrx_word' id='word_1_485' title='bbox 1256 4679 1288 4734; x_wconf 92' lang='lat' dir='ltr'><strong>et</strong></span> <span class='ocrx_word' id='word_1_486' title='bbox 1311 4675 1347 4735; x_wconf 92' lang='lat' dir='ltr'><strong>de</strong></span> <span class='ocrx_word' id='word_1_487' title='bbox 1371 4678 1631 4742; x_wconf 87' lang='lat' dir='ltr'><strong>eccentricitatum</strong></span> <span class='ocrx_word' id='word_1_488' title='bbox 1651 4683 1677 4740; x_wconf 89' lang='lat' dir='ltr'><strong>et</strong></span> 
     </span>
    </p>
   </div>
   <div class='ocr_carea' id='block_1_5' title="bbox 0 0 1777 5528">
    <p class='ocr_par' dir='ltr' id='par_1_11' title="bbox 0 0 1777 5528">
     <span class='ocr_line' id='line_1_51' title="bbox 0 0 1777 5528; baseline 0 0"><span class='ocrx_word' id='word_1_489' title='bbox 0 0 1777 5528; x_wconf 95' lang='lat' dir='ltr'><strong> </strong></span> 
     </span>
    </p>
   </div>
  </div>
 </body>
</html>
