3718 5520
394 973 938 1070 ILLUSTRISSIMO
977 977 1243 1055 DOMINO
1320 1049 1325 1061 ,

450 1157 502 1260 n.
533 1157 732 1262 rurae
763 1157 909 1262 uon
939 1159 1183 1264 onemo.

258 1345 375 1410 Domus
398 1347 650 1430 Rosembergicae
676 1349 878 1414 Gubernatori
898 1361 956 1414 eto.
981 1351 1108 1414 Domino
1133 1370 1198 1414 meo
1223 1351 1369 1416 clement:

226 1506 388 1586 Praeclare
413 1505 518 1570 Cicero
542 1507 618 1571 libro
641 1509 736 1589 primo
761 1507 935 1572 Officiorum
959 1517 1080 1572 monet:
1110 1529 1177 1572 esse
1201 1510 1302 1594 magni
1331 1510 1436 1587 animi,
1466 1519 1498 1574 et

145 1593 230 1657 luisse
253 1595 368 1658 multos
392 1595 484 1660 etiam
507 1597 536 1659 in
565 1599 630 1661 vita
657 1598 774 1675 otiosa,
807 1599 855 1680 qui
884 1607 936 1661 aut
968 1599 1201 1678 investigarent,
1236 1608 1289 1662 ant
1320 1609 1498 1663 conarentur

144 1701 247 1764 magna
270 1685 429 1765 quaedam,
454 1704 591 1766 seseque
605 1707 725 1750 suarum
749 1707 847 1750 rerum
870 1687 977 1750 finibus
1001 1687 1199 1749 continerent.
1246 1687 1344 1760 Quam
1373 1697 1497 1752 senteu-

143 1772 211 1834 tiam
243 1773 433 1836 Reinholdus
466 1780 569 1837 noster
591 1775 785 1856 peculiariter
812 1777 851 1838 sd
874 1777 1078 1838 astronomiae
1102 1777 1233 1839 studium
1258 1767 1501 1854 accommodans,

143 1860 282 1936 bortatur,
308 1881 347 1924 ne
371 1863 515 1926 deterreri
539 1881 572 1928 se
596 1865 634 1927 ab
657 1865 705 1927 his
729 1865 836 1927 studiis
859 1871 945 1927 recta
967 1864 1087 1944 ingenis
1111 1865 1213 1927 sinant
1239 1865 1425 1928 indoctorum
1444 1867 1498 1948 ju·

142 1949 232 2024 diciis,
257 1951 308 2031 qni
333 1957 451 2013 tantum
475 1961 674 2032 quaestuosas
699 1962 781 2016 artes
800 1954 953 2017 mirentur.
999 1955 1079 2016 Nam
1103 1973 1171 2016 cum
1193 1955 1269 2016 haec
1293 1953 1355 2017 sint
1373 1954 1497 2017 virtutis
1546 1997 1549 2002 -

142 2039 254 2114 studia,
289 2039 500 2103 fortitudinem
532 2041 623 2104 etiarn
653 2043 681 2105 in
715 2044 759 2104 eis
791 2043 924 2108 colendis
954 2043 1078 2124 requiri,
1113 2061 1188 2123 quae
1212 2043 1328 2105 animos
1353 2045 1497 2106 adversus

141 2128 246 2189 stultas
269 2123 367 2208 vulgi
385 2129 540 2209 opiniones
569 2130 708 2194 obfirmet
744 2139 776 2193 et
805 2149 949 2212 perversa
976 2131 1093 2212 judicia
1126 2139 1313 2208 contemnat,
1348 2131 1426 2212 quod
1459 2133 1496 2194 de

141 2225 260 2297 utraque
285 2217 472 2298 astrologiae
496 2227 584 2299 parte
609 2221 685 2282 dixit
708 2221 838 2300 optimus
862 2221 922 2296 vir,
955 2220 985 2282 id
1015 2220 1071 2282 hoc
1095 2229 1229 2302 tempore
1252 2220 1442 2301 potissimum
1465 2221 1496 2282 iu

142 2305 235 2367 altera
252 2305 446 2386 judicatrice,
472 2326 549 2386 quae
572 2309 712 2391 physices
735 2327 806 2390 pars
831 2317 887 2384 est,
912 2309 983 2370 mihi
1008 2310 1120 2371 dictum
1141 2329 1208 2372 esee
1222 2307 1336 2390 putavi.
1374 2308 1495 2370 Etenim

140 2393 185 2472 qni
206 2394 406 2475 prognostica
428 2395 517 2457 officii
540 2399 658 2460 ratione
682 2397 795 2474 scribit,
825 2398 900 2460 duas
922 2397 1112 2480 potissimum
1135 2397 1217 2480 vulgi
1240 2395 1394 2478 opiniones
1417 2398 1496 2460 inter

140 2501 170 2543 se
192 2483 364 2546 contrarias
388 2484 450 2547 alto
475 2485 572 2548 animo
597 2495 801 2564 contemnere,
830 2505 921 2567 seque
952 2495 1058 2549 contra
1086 2487 1160 2548 dnos
1184 2485 1304 2548 humilis
1328 2493 1361 2548 et
1383 2483 1495 2568 abjecti

139 2572 224 2634 animi
256 2573 387 2635 affectus
419 2573 533 2639 munire
567 2575 673 2648 debet,
707 2576 903 2656 cupiditatem
935 2576 1049 2656 gloriae
1082 2583 1113 2637 et
1144 2583 1264 2640 metum.
1312 2571 1389 2637 Ourn
1416 2575 1494 2636 enim

140 2677 246 2742 magna
270 2661 315 2724 sit
339 2661 422 2741 voigi
445 2663 624 2738 curiositas,
652 2667 752 2728 auimo
785 2663 990 2728 contaminato
1014 2671 1080 2738 eet,
1115 2663 1165 2744 qui
1192 2661 1221 2724 iu
1255 2662 1336 2742 vulgi
1364 2663 1494 2742 gratiam

138 2761 167 2812 et
187 2759 314 2833 propter
339 2751 534 2815 vanissimam
557 2753 683 2832 gloriam
706 2753 755 2816 vel
779 2774 816 2816 ea
837 2753 1004 2835 profitetur,
1030 2769 1105 2832 quae
1130 2759 1239 2812 natura
1257 2768 1316 2812 uon
1335 2759 1494 2825 monstrat,

139 2839 183 2901 vel
206 2843 301 2902 etiam
327 2847 454 2902 naturae
479 2841 608 2921 genuina
632 2841 774 2906 miracula
796 2843 947 2923 propalat,
973 2841 999 2902 si
1022 2859 1129 2902 causas
1149 2839 1302 2919 graviores
1322 2857 1380 2899 non
1395 2839 1494 2918 respi-

138 2929 184 2990 o't
229 2928 353 2992 Contra
384 2937 455 2991 sunt
486 2931 535 3011 qui
567 2940 680 3011 negant
709 2949 831 3013 gravem
855 2931 949 2992 virurn
973 2936 1005 2991 et
1027 2927 1236 3010 philosophum
1260 2927 1384 3002 decere,
1409 2927 1493 2990 utin

138 3019 263 3082 materia
288 3025 338 3081 tot
362 3017 572 3098 nugacissimis
598 3029 629 3082 et
652 3019 824 3083 vanissimis
849 3016 1076 3081 ariolationibus
1101 3015 1262 3098 quotannis
1294 3023 1495 3096 conspurcata

138 3107 244 3170 laruam
278 3107 395 3188 ingenii
426 3115 458 3169 et
488 3109 631 3172 honorem
656 3108 831 3172 eruditionis
854 3108 1038 3189 prostituat,
1062 3105 1328 3186 curiositatemque
1351 3104 1435 3186 vulgi
1462 3113 1495 3167 et

138 3197 370 3275 superstitiones
394 3197 585 3260 imbecillium
618 3199 803 3279 ingeniorum
837 3195 1066 3259 subministrato
1096 3195 1151 3258 boc
1180 3193 1266 3276 qnasi
1290 3193 1394 3255 fomite
1419 3193 1493 3256 alat.

137 3285 247 3348 Fateor
280 3285 361 3348 haec
394 3304 505 3366 magua
537 3287 796 3352 verisimilitudine
821 3285 925 3365 objici,
950 3293 981 3346 et
1003 3285 1113 3347 idonea
1136 3302 1215 3358 esse,
1237 3301 1312 3364 quae
1336 3282 1522 3344 honestum*

137 3375 238 3450 virum,
265 3375 294 3438 si
320 3375 475 3454 graviores
499 3393 607 3438 causas
631 3391 688 3438 non
704 3376 826 3452 habeat,
852 3375 970 3436 abhoc
994 3391 1103 3453 genere
1127 3370 1299 3452 scriptionis
1314 3370 1495 3434 deterreant.

137 3465 179 3525 At
202 3464 228 3528 si
252 3463 302 3526 cui
327 3463 461 3526 rationes
484 3463 615 3527 instituti
639 3467 685 3527 sui
708 3465 787 3526 tales
811 3470 984 3544 suppetant,
1010 3479 1086 3542 quae
1109 3479 1164 3542 per
1185 3479 1253 3522 sese
1272 3459 1405 3522 cordatis
1424 3459 1498 3521 viria

137 3553 363 3634 approbentur:
396 3553 532 3632 proiecto
560 3573 619 3615 non
649 3561 753 3634 potest
776 3553 833 3615 uisi
857 3553 979 3614 timidus
1003 3549 1124 3626 baberi,
1155 3550 1204 3611 ubi
1228 3569 1260 3611 ee
1284 3547 1392 3611 alienia
1415 3547 1497 3609 hisce

138 3651 168 3702 et
191 3643 385 3704 extrinsecus
419 3641 646 3705 advenientibus
679 3641 845 3706 obstaculis
869 3662 888 3702 a
910 3639 1064 3722 proposito
1088 3639 1233 3700 deterreri
1259 3655 1369 3717 passus
1397 3637 1497 3710 fuerit,

136 3749 270 3795 rumores
296 3750 406 3793 curans
431 3738 463 3792 et
487 3731 593 3793 falsam
618 3739 754 3794 metuens
779 3731 944 3794 infamiam.
990 3729 1069 3791 Nam
1098 3727 1157 3790 etsi
1180 3745 1291 3806 magna
1313 3743 1384 3805 pars
1407 3741 1521 3805 prae-·

137 3827 293 3900 ceptorum
328 3819 357 3880 in
390 3819 448 3881 hac
477 3827 542 3882 arte
566 3821 702 3883 Arabum
734 3819 821 3900 nugis
845 3818 1042 3881 consumitur:
1073 3823 1106 3878 at
1134 3835 1193 3878 nou
1217 3813 1284 3876 ideo
1308 3813 1437 3893 quaein
1461 3831 1500 3874 ea

139 3917 208 3971 sunt
241 3927 360 3972 arcana
391 3917 538 3983 naturae,
570 3910 619 3972 vel
651 3928 748 3990 nugae
778 3917 865 3984 suut,
901 3909 950 3970 vel
976 3924 1042 3967 cum
1071 3905 1157 3984 nugis
1181 3903 1272 3983 abjici
1296 3903 1421 3978 debentt
1445 3901 1500 3963 sed

139 4017 275 4076 gemmae
302 4015 320 4058 e
344 3998 406 4059 luto
431 3998 637 4080 colligendae,
673 3997 766 4060 honor
793 3997 870 4072 Dei,
901 3995 1058 4078 proposita
1080 4001 1206 4056 naturae
1235 3989 1497 4071 contemplatione,

137 4087 357 4160 illustrandus,
381 4086 528 4149 invitandi
552 4089 689 4170 exemplo
714 4086 783 4163 alii,
808 4095 840 4148 et
863 4105 956 4166 opera
979 4083 1080 4146 danda
1103 4092 1170 4157 est,
1202 4087 1236 4146 nt
1263 4098 1339 4160 quae
1368 4081 1437 4142 olim
1461 4081 1500 4141 ad

139 4176 289 4257 insignem
315 4175 448 4256 aliquam
471 4176 591 4238 humani
614 4176 733 4257 generis
756 4175 923 4238 utilitatem
952 4173 1065 4236 servire
1088 4179 1223 4253 possent,
1248 4169 1327 4231 omni
1351 4176 1460 4232 conato
1484 4189 1500 4230 e
1548 4255 1558 4264 ἱ

139 4264 274 4328 tenebris
299 4263 489 4344 ignorantiae
512 4263 697 4348 inopertam
720 4265 921 4345 proferantur.
968 4261 1015 4325 Ac
1039 4263 1097 4325 etsi
1120 4279 1193 4323 eane
1217 4277 1275 4322 uon
1299 4257 1404 4322 statim
1431 4276 1500 4319 res-

139 4355 254 4432 pondet
278 4361 424 4430 eventus,
453 4372 621 4436 magnaque
648 4353 888 4436 praedictionum
916 4349 1097 4413 incertitudo
1131 4355 1179 4412 est
1210 4349 1240 4410 in
1271 4353 1319 4409 tot
1341 4363 1501 4409 causarum

139 4441 336 4506 contusione:
361 4443 554 4506 annitendum
576 4450 680 4506 tamen
704 4451 791 4506 tauto
815 4441 922 4522 magis,
947 4459 1013 4502 cum
1036 4439 1067 4500 in
1092 4438 1156 4500 solo
1179 4436 1283 4500 labore
1299 4435 1394 4497 virtus
1409 4451 1499 4534 spec-

140 4539 230 4595 tetur.
280 4531 376 4603 Quod
398 4550 470 4594 vero
493 4532 580 4595 multi
602 4533 685 4596 hisce
709 4532 748 4594 ad
772 4529 980 4594 curiositatem
1004 4545 1089 4591 suam
1113 4527 1285 4599 abutuntur,
1305 4521 1499 4622 superstitio-

140 4639 252 4704 nesqne
276 4639 354 4684 suas
377 4620 567 4684 confirmant:
598 4621 630 4685 id
652 4621 744 4683 nihilo
767 4618 865 4700 magis
889 4635 936 4680 me
960 4617 1129 4692 absterret,
1155 4633 1244 4695 qnam
1271 4613 1380 4674 bonum
1403 4627 1500 4688 impe·

140 4717 274 4774 retorem
300 4711 353 4781 (ut
375 4707 602 4774 innumerabilia
626 4709 765 4790 exempla
788 4708 941 4781 omittam)
966 4705 1004 4767 ab
1028 4704 1252 4785 oppugnatione
1271 4697 1353 4761 urbis
1368 4695 1503 4759 deterret

139 4815 306 4880 paucorum
330 4797 459 4862 militnm
476 4799 618 4881 jactura,
643 4817 726 4880 quos,
751 4797 777 4860 ei
799 4803 914 4879 posset,
941 4793 1078 4875 equidem
1101 4801 1132 4855 et
1155 4790 1399 4942 ipsosYservatoe
1418 4786 1502 4848 velit.

1229 4893 1244 4942 2
1272 4893 1288 4925 fl
