3698 5516
779 281 902 348 Au⁰¹⁰t¹⁸
919 282 1051 346 mucra.
1534 281 1598 374 237

209 431 363 497 emittere
389 438 592 516 profiteatur,
617 440 686 500 dum
710 458 813 502 omnes
837 447 869 502 et
891 440 1047 504 evidenter
1069 439 1229 502 Dominum
1243 441 1416 524 Tyohonem
1437 439 1538 502 Bralre
1561 441 1598 502 ds

210 521 321 601 palma
357 525 607 607 magisterioque
639 527 855 590 mathematico
884 529 914 590 iu
943 537 1095 592 certamen
1118 536 1225 591 vocat:
1258 529 1469 608 percommode
1502 547 1599 590 meam

218 611 389 690 epistolam
419 615 454 676 in
486 615 589 678 libello
613 634 667 677 ceu
693 615 850 694 cujusdam
872 616 982 698 judicis
1006 617 1072 680 loco
1099 617 1276 692 introducit,
1313 637 1388 700 quae
1416 617 1511 678 talem
1539 618 1599 678 lert

222 703 425 779 seutentiam,
450 711 487 764 ut
505 703 585 766 Urso
607 705 709 784 palma
731 704 785 767 illa
809 705 886 767 citra
900 704 1137 768 controversiam
1154 704 1315 769 debeatur.
1363 705 1499 785 Denique
1515 705 1599 767 iece-

227 807 292 851 ram
314 809 374 870 ego
399 791 432 852 in
458 792 566 853 eadem
588 793 643 854 illa
666 792 797 872 epistola
819 795 1001 856 mentionem
1020 793 1170 876 Tychonis
1189 793 1444 874 perhonorilicam,
1470 794 1598 856 Ursum-

231 897 286 959 que
310 897 486 954 oraveram,
511 885 545 942 ut
568 883 645 943 hauc
669 901 767 944 meam
791 882 994 944 inventionem
1018 884 1056 945 ad
1080 883 1177 962 ipsum
1192 883 1222 944 iu
1236 882 1367 945 Daciam
1386 883 1597 963 perscriberet.

231 967 353 1030 Placuit
375 968 472 1049 igitur
495 969 589 1039 Urso,
618 989 675 1032 non
700 971 791 1033 aliter
814 989 860 1032 me
885 972 921 1032 de
945 972 1003 1034 hac
1032 972 1060 1032 in
1086 971 1258 1052 Tychcnom
1281 970 1489 1033 adversarium
1512 989 1597 1032 suum

235 1057 393 1118 affectione
418 1058 536 1136 optima
563 1058 681 1134 ulcisci,
716 1077 806 1138 quam
836 1059 862 1121 si
886 1060 1045 1139 epistolam
1075 1077 1188 1133 meam,
1221 1061 1336 1122 extrita
1358 1059 1509 1120 mentione
1533 1059 1596 1139 Ty·

235 1144 348 1219 chonis,
374 1165 442 1206 eum
465 1147 496 1208 in
515 1145 648 1209 libellum
670 1147 833 1222 insereret,
863 1149 913 1228 qui
942 1167 1001 1209 nou
1025 1149 1063 1210 ad
1094 1148 1175 1210 aliud
1209 1139 1362 1229 quam'ad
1384 1146 1598 1209 lancinandam

236 1235 345 1296 lamam
368 1235 522 1316 Tychonis
544 1244 736 1318 comparatus
761 1245 793 1299 et
816 1236 915 1298 editus
939 1244 1001 1298 est:
1031 1243 1065 1298 ut
1087 1236 1146 1306 ita,
1182 1237 1232 1317 qui
1256 1236 1427 1319 Tychonem
1455 1235 1598 1314 privatim

234 1323 312 1385 Urso
334 1322 541 1397 laudaveram,
565 1342 680 1403 poenae
704 1325 771 1387 loco
795 1319 1027 1387 convitiatorem
1050 1325 1201 1407 Tychonis
1223 1325 1343 1405 publice
1367 1323 1502 1386 omnibus
1527 1324 1596 1386 lau-

237 1411 308 1474 dare
332 1429 467 1491 cogerer.
516 1413 575 1474 Tot
606 1412 774 1475 nominibus
803 1433 869 1476 cum
893 1414 973 1475 Urso
1003 1413 1123 1476 libuerit
1136 1463 1138 1466 .
1151 1413 1237 1476 abuti
1264 1433 1331 1476 mea
1362 1413 1501 1492 epistola,
1530 1412 1597 1492 jam

235 1500 347 1561 clarum
376 1508 441 1576 est,
461 1507 527 1562 'our
558 1501 624 1564 luce
653 1501 775 1581 dignam
802 1502 996 1581 judicaverit.
1041 1503 1122 1564 Nam
1150 1502 1229 1585 quod
1262 1502 1465 1565 inventionem
1498 1519 1597 1562 meam

235 1589 355 1663 attinet,
380 1589 409 1649 si
431 1589 528 1652 lucem
551 1609 588 1651 ea
610 1599 751 1659 merctur.
771 1591 837 1670 jam
852 1610 919 1652 cam
933 1591 1051 1654 fatente
1066 1591 1144 1654 Urso
1160 1590 1288 1664 viderat,
1314 1597 1456 1654 exstante
1472 1589 1502 1650 in
1517 1609 1596 1650 nun·

235 1677 311 1738 dinis
335 1677 455 1756 integro
479 1678 594 1753 libello,
628 1697 684 1740 nec
708 1678 856 1759 epistolae
880 1679 936 1741 hac
960 1698 1035 1760 opus
1064 1679 1123 1740 fuit
1144 1679 1287 1741 editione.
1334 1677 1433 1750 Quam
1461 1677 1597 1757 graviter
1639 1689 1643 1699 ’

235 1773 336 1827 autem
360 1765 436 1828 haec
460 1767 552 1828 editio
575 1786 623 1828 me
639 1766 788 1842 ¹liaberet,
820 1786 886 1828 cum
910 1769 1006 1830 literis
1030 1767 1068 1830 ad
1091 1768 1130 1830 D.
1156 1767 1331 1850 Tycbcnem
1354 1775 1386 1828 et
1409 1766 1449 1828 ad
1471 1765 1595 1828 Roesli-

234 1872 302 1914 uum
326 1855 505 1934 perscriptis
528 1861 673 1918 testatum
697 1856 771 1918 ieci:
796 1863 859 1918 tum
874 1857 953 1920 Urso
977 1856 1036 1935 ipsi
1059 1856 1204 1935 superiori
1219 1855 1365 1918 Januario
1389 1851 1506 1928 (1600)
1531 1853 1596 1932 pri·

235 1961 315 2004 mum
339 1949 431 2022 atque
454 1942 586 2023 Pragam
608 1946 688 2014 veni,
712 1945 742 2008 io
767 1945 873 2007 faciem
899 1944 970 2018 dixi,
996 1963 1159 2025 suppresso
1184 1953 1286 2007 tamen
1303 1961 1369 2006 mec
1384 1943 1520 2015 nomine;
1546 1961 1593 2015 ne,

234 2031 259 2092 si
284 2049 352 2092 cum
374 2041 537 2110 praesente
560 2033 692 2112 Keplerc
716 2032 774 2095 sibi
797 2053 862 2096 rem
885 2052 952 2095 esse
977 2035 1085 2108 sciret,
1115 2053 1179 2095 rem
1203 2033 1242 2094 ad
1268 2032 1372 2112 jurgia
1394 2030 1594 2113 protraheret.

233 2118 352 2182 Addidi
377 2127 409 2180 et
427 2119 518 2182 haec:
544 2123 661 2202 quando
686 2121 817 2184 lubuerit
839 2122 893 2196 illi,
918 2141 975 2197 me,
1002 2123 1051 2202 qui
1075 2121 1214 2202 discipuli
1237 2121 1292 2183 sub
1306 2139 1438 2200 persona
1461 2118 1593 2199 scripse-

233 2227 307 2280 ram,
327 2208 358 2270 in
379 2208 490 2287 judicis
514 2210 659 2272 subsellia
682 2210 806 2286 invitum
829 2211 1019 2290 protrahere,
1052 2217 1208 2290 pateretur
1238 2228 1309 2290 ergo
1334 2229 1379 2271 mo
1410 2209 1439 2271 in
1464 2208 1518 2270 illa
1542 2208 1594 2270 lito

233 2297 371 2358 literaria
394 2298 446 2368 (de
470 2298 609 2360 convitiis
633 2300 712 2362 enirn
740 2308 771 2361 et
797 2298 913 2379 injuriis
940 2299 1072 2378 politicis
1089 2301 1251 2361 actionem
1274 2297 1409 2380 Tychoni
1441 2296 1593 2376 relinque-

232 2385 333 2460 bam),
363 2394 456 2448 exuta
479 2387 617 2468 discipuli
640 2387 790 2460 modestia
809 2387 921 2467 judicis
941 2388 1154 2451 auctoritatem
1169 2405 1339 2462 assumere,
1363 2397 1395 2448 et
1419 2386 1497 2467 quod
1522 2405 1537 2446 e
1561 2403 1593 2446 re

232 2474 450 2536 mathematica
472 2475 535 2538 lore
560 2476 697 2538 videatur
719 2477 836 2556 publice
859 2476 992 2538 vicissim
1007 2477 1176 2540 decernere.
1223 2475 1333 2556 Sicque
1348 2493 1454 2538 nomen
1470 2474 1594 2536 taudem

232 2563 388 2641 professus
410 2563 535 2643 pacifice
564 2564 691 2645 abipso
716 2565 853 2628 discessi.
1420 2595 1425 2603 ·

321 2649 391 2720 Quo
414 2653 510 2716 scrius
525 2661 624 2716 autem
639 2654 851 2715 denunciatum
865 2654 944 2716 Urso
958 2653 1170 2716 refutationem
1194 2652 1274 2714 illius
1289 2652 1393 2732 scripti
1418 2651 1472 2713 sub
1487 2669 1593 2718 manus

232 2758 391 2814 sumerem,
415 2741 528 2803 multae
551 2761 587 2803 ac
609 2742 768 2822 praecipue
792 2739 976 2804 domesticae
999 2744 1212 2826 occupationes
1236 2740 1445 2820 impedierunt.
1491 2740 1592 2802 Inter-

232 2829 315 2890 venit
338 2837 371 2891 et
394 2847 474 2891 mors
489 2829 569 2906 Ursi,
593 2849 670 2910 quae
685 2850 733 2893 me
747 2831 880 2893 nonnihil
904 2831 1024 2893 dubium
1038 2831 1157 2893 habuit:
1182 2849 1219 2891 ne
1241 2837 1332 2903 esset,
1358 2828 1408 2910 qui
1431 2829 1508 2890 hauc
1527 2845 1594 2890 cum

230 2925 348 2980 mortuo
372 2936 503 2998 pugnam
526 2919 768 2982 calumniaretur.
815 2918 878 2982 Sed
901 2921 971 2999 quia
992 2920 1172 2999 promissum
1195 2937 1294 2980 meum
1316 2917 1354 2979 D.
1376 2917 1478 2999 Tycho
1492 2915 1592 2978 Bralre

230 3007 375 3086 urgebat,
401 3026 420 3067 a
443 3007 526 3087 cujus
545 3007 675 3070 humeris
700 3009 755 3070 hoc
779 3027 855 3070 cous
879 3007 1029 3070 scribendi
1051 3009 1145 3087 primo
1169 3007 1248 3068 ultro
1271 3006 1301 3068 in
1316 3025 1364 3068 me
1379 3022 1589 3085 susceperam:

231 3103 262 3156 et
285 3097 357 3176 quia
381 3113 435 3174 per
458 3115 491 3158 se
514 3115 563 3158 res
587 3105 654 3160 erat
675 3098 819 3172 honesta,
851 3097 1018 3178 exstirpare
1044 3095 1211 3158 exanimis
1246 3094 1424 3156 discentium
1448 3111 1591 3155 erroneas

232 3183 405 3263 opiniones,
441 3185 603 3248 obliterare
636 3185 666 3248 io
697 3187 908 3249 Maecenatum
937 3186 1150 3267 persuasiones
1180 3185 1358 3266 impressam
1389 3182 1592 3245 inventionum

231 3273 517 3336 mathematicorum
539 3275 735 3337 calumniam:
770 3293 825 3336 nec
848 3275 1042 3348 inusitatum,
1077 3275 1115 3336 de
1148 3283 1332 3336 mortuorum
1369 3271 1591 3353 quanticunque

230 3362 339 3424 luerint
365 3362 491 3443 placitis
522 3372 553 3425 et
573 3363 702 3443 publicis
725 3363 924 3426 monumentis
948 3364 1108 3426 decernere
1133 3363 1313 3443 superstites
1334 3361 1429 3444 (quod
1448 3361 1514 3442 ipse
1528 3359 1591 3424 Ur-

229 3469 278 3513 sus
311 3452 364 3514 sol.
396 3450 431 3514 Ο.
456 3449 488 3514 2.
522 3451 550 3513 in
579 3452 734 3514 demortuo
761 3452 860 3514 Ramo
891 3452 1025 3514 taxando
1054 3453 1246 3531 comprobat)
1280 3453 1404 3514 taudem
1434 3469 1505 3530 ergo
1541 3448 1592 3510 diu

228 3541 375 3620 agitatam
398 3541 480 3603 hauc
499 3541 743 3620 scriptiunculam
769 3541 868 3603 auimo
893 3541 1009 3603 sincero
1033 3549 1065 3602 et
1087 3541 1131 3603 rei
1150 3541 1383 3603 mathematicae
1403 3539 1504 3602 studio
1519 3555 1592 3598 sus-

228 3631 301 3710 cepi,
329 3639 470 3712 putoque
500 3629 545 3692 sic
569 3650 635 3692 eam
661 3631 865 3712 perterruisse,
897 3638 932 3692 ut
955 3637 987 3691 et
1009 3631 1049 3692 ad
1071 3650 1119 3692 me
1149 3631 1293 3692 defensae
1326 3638 1357 3691 et
1386 3629 1426 3691 ad
1448 3629 1591 3690 lectorem
1676 3625 1680 3630 “

108 3798 109 3802 ¹
225 3721 341 3802 agnitae
365 3718 519 3782 veritatis
542 3719 660 3783 utilitas
683 3727 715 3782 et
737 3720 803 3782 laus
827 3719 962 3782 reditura
985 3718 1035 3782 sit.
