3674 5528
673 273 795 324 εεω
814 274 975 342 ωψσε
1054 279 1057 284 ·
1438 206 1503 344 ψ

146 425 358 507 multiplicatio
383 430 521 509 ejusdem
543 428 572 492 in
597 426 653 492 sibi
677 431 786 506 simile,
808 430 964 511 quodlibet
987 451 1023 494 eo
1041 431 1140 506 modo,
1166 452 1223 515 qno
1248 435 1400 498 essentiae
1417 436 1504 498 modo

148 514 244 578 utitur.
295 518 405 598 Imago
438 517 590 607 ejectis,
623 538 698 599 quae
723 521 753 582 in
776 539 866 582 manu
890 529 952 595 eet,
982 521 1159 602 relinquitur
1182 519 1212 584 in
1236 523 1336 604 lapide
1365 523 1504 586 stillum

149 603 228 666 vehit
251 624 374 668 sursum
408 608 499 686 fitque
531 607 689 690 impressio
718 628 811 670 cansa
830 609 977 671 materiae
1007 617 1038 670 et
1060 611 1222 690 temporis,
1256 612 1327 692 quia
1349 621 1504 694 utrumqne

148 692 185 754 ad
208 701 310 756 motus
335 695 503 757 essentiam
525 696 700 776 requiritnr;
724 697 825 777 imago
850 695 924 759 lucit
949 717 968 758 a
991 697 1055 759 lnce
1079 699 1177 760 effluit
1200 719 1293 762 cansa
1317 700 1409 762 soline
1434 701 1502 776 loci,

149 781 216 861 quia
239 790 328 845 caret
351 784 403 845 lux
427 783 555 845 materia
577 793 608 846 et
631 793 775 865 tempore.
820 785 927 866 Imago
960 786 1052 866 igitur
1085 795 1116 849 et
1145 788 1210 867 ejus
1234 789 1392 870 temporis,
1427 789 1505 868 quod

146 880 214 950 post
236 879 359 951 partum
382 872 516 952 proxime
541 873 611 947 init,
640 875 755 950 effluit,
791 875 950 954 elongatur
973 896 992 938 a
1014 884 1148 954 tempore
1172 875 1223 937 illo
1257 877 1287 938 in
1311 877 1504 956 proportione

147 968 317 1038 temporum
343 961 479 1036 illorum,
514 970 545 1025 et
568 962 726 1042 elongatur
754 963 784 1024 in
809 964 905 1026 locum
929 964 1073 1042 temporis
1106 965 1236 1039 ratione,
1271 965 1341 1046 qnia
1364 974 1505 1028 etenum

147 1045 294 1127 originale
328 1069 383 1112 seu
412 1050 479 1112 fons
508 1051 631 1130 ejusque
660 1051 796 1113 essentia
822 1060 941 1131 tempus
976 1059 1032 1116 est.
1079 1053 1130 1114 Ita
1155 1051 1325 1115 tricesimus
1349 1053 1414 1115 dies
1439 1073 1505 1116 cum

146 1137 400 1200 antecedentibus
423 1147 602 1218 prorogatur
625 1137 654 1201 in
679 1136 722 1202 30
745 1158 849 1214 annos,
876 1140 1012 1220 qnodque
1032 1141 1088 1203 fnit
1111 1141 1159 1203 die
1179 1141 1332 1204 tricesimo
1355 1141 1385 1203 in
1408 1143 1502 1218 coelo,

145 1232 290 1306 operatur
313 1245 393 1288 anno
417 1225 569 1290 tricesimo
592 1228 623 1289 in
647 1227 779 1301 homine,
812 1228 935 1307 perinde
959 1247 995 1289 ac
1018 1228 1045 1289 si
1078 1236 1140 1290 tum
1165 1231 1281 1292 demum
1305 1231 1452 1293 existeret
1473 1231 1503 1294 iu

145 1315 245 1389 coelo,
271 1314 363 1394 plane
388 1322 422 1376 nt
439 1316 521 1378 calor
544 1315 610 1388 ille,
635 1317 684 1398 qni
709 1325 757 1378 est
780 1316 810 1379 in
834 1315 921 1390 Sole,
954 1325 1096 1396 operatur
1119 1318 1348 1381 calefactionem
1373 1319 1402 1380 in
1426 1319 1504 1381 Ter-

146 1422 227 1475 ram,
263 1402 389 1483 perinde
413 1423 449 1464 ac
473 1403 500 1464 si
523 1403 577 1466 Sol
600 1405 664 1484 ipse
687 1413 770 1466 esset
802 1405 831 1466 in
856 1405 960 1472 Terra.
1006 1405 1065 1468 Hic
1089 1406 1186 1468 distat
1207 1407 1326 1486 patiens
1355 1415 1387 1469 et
1411 1425 1504 1487 agene

145 1511 241 1554 cansa
266 1491 338 1566 loci,
372 1491 434 1553 illic
456 1510 550 1554 cansa
573 1493 724 1573 temperie.
769 1493 904 1556 Medium
927 1493 975 1555 hic
999 1493 1083 1556 radio
1106 1495 1312 1569 continuatur,
1346 1495 1408 1557 illic
1431 1513 1503 1575 pre-

145 1581 301 1661 portione,
335 1580 406 1661 quia
433 1579 489 1642 boc
519 1581 569 1642 lux
593 1589 656 1655 est,
693 1581 768 1642 illud
798 1589 895 1644 mutue
928 1581 956 1643 in
990 1589 1072 1645 certo
1103 1601 1223 1646 numero
1257 1591 1289 1646 et
1310 1585 1503 1665 proportione

145 1679 403 1807 temlifoarlrsr'iciue:
420 1755 525 1806 Praetor
542 1756 656 1816 cardines
681 1757 744 1808 cosli
762 1757 871 1808 nullae
889 1759 1041 1823 agnoscis
1060 1757 1141 1808 aliae
1160 1758 1274 1809 demur.
1310 1758 1395 1810 muer.
1425 1759 1502 1811 Prae·

145 1835 185 1878 ter
202 1833 323 1892 aspectus
341 1825 593 1877 cardinalesalios
621 1835 773 1891 aspectus
798 1830 991 1887 introducta
1020 1834 1087 1880 certe
1116 1835 1236 1880 erueras
1254 1830 1340 1880 domne
1363 1831 1504 1890 tsbmceba,

145 1913 205 1948 nanu
224 1905 344 1962 aspectus
363 1898 488 1947 domorum
506 1898 640 1948 interstitia
659 1900 820 1948 constituunt.

236 1970 443 2051 Keplerns:
478 1969 615 2044 Miraris,
651 1970 729 2050 qnod
753 1989 907 2032 numerum
926 1971 1080 2031 domorum
1102 1969 1291 2044 imminuam,
1325 1980 1502 2051 aspectuum

146 2059 301 2139 augeam?
348 2055 428 2127 Quia
451 2057 526 2119 illnd
549 2057 684 2120 homines
709 2067 887 2133 sanxerunt,
913 2059 969 2121 hoc
993 2066 1111 2120 natura.
1158 2057 1209 2120 Sic
1234 2059 1306 2121 mibi
1329 2060 1504 2124 demonstra

145 2156 270 2209 veteres
296 2147 472 2219 domuerat
495 2165 551 2227 ego
577 2145 632 2208 tibi
651 2165 744 2208 novos
762 2156 913 2229 aspectus.
960 2147 1121 2209 Rationem
1137 2147 1228 2209 redde
1243 2149 1357 2212 numeri
1365 2167 1374 2223 ;
1397 2148 1502 2228 proba,

145 2237 249 2318 plures
280 2243 312 2298 et
339 2234 497 2315 panciores
529 2254 595 2312 esse
626 2255 683 2297 non
708 2255 813 2316 posse;
848 2236 942 2298 deduc
966 2255 1088 2298 cansam
1118 2252 1156 2296 ex
1180 2235 1245 2315 ipso
1270 2237 1368 2298 mnndi
1394 2239 1501 2299 arche-

144 2336 234 2408 typo,
271 2345 310 2386 ex
333 2324 531 2404 geometriae,
567 2325 714 2404 genuinae
738 2325 870 2399 scilicet,
905 2324 1077 2404 principiis,
1110 2324 1236 2385 ostende
1261 2326 1400 2405 exempla
1422 2325 1503 2388 illius

146 2414 374 2477 distributionis
405 2412 528 2481 indubia
551 2423 583 2474 et
607 2413 780 2492 splendida;
813 2412 938 2493 denique
962 2412 1103 2488 ostende,
1127 2411 1157 2473 in
1180 2413 1305 2492 proclivi
1330 2433 1414 2487 esse,
1448 2434 1503 2492 ιιι-1

145 2504 332 2584 perientiam
355 2521 479 2583 capere,
505 2521 560 2562 nec
584 2501 693 2580 leviter
716 2503 885 2581 capientem
910 2501 1015 2563 tallere
1039 2501 1131 2577 banc,
1157 2519 1211 2562 nec
1236 2501 1451 2582 ambiguitates
1475 2504 1503 2563 in

144 2591 334 2672 experiundo
359 2591 460 2670 objici.
507 2591 591 2651 Haec
618 2590 718 2652 omnia
741 2590 798 2652 leci
823 2591 898 2652 meis
915 2589 1099 2670 aspectibus.
1147 2589 1284 2653 Proclive
1309 2590 1365 2653 tibi
1384 2600 1433 2652 est
1456 2591 1503 2652 rel

145 2683 255 2762 cuique
282 2679 343 2758 alii,
368 2699 406 2740 ex
429 2678 515 2741 nevis
540 2679 712 2758 aspectibus
736 2689 767 2740 et
780 2697 876 2740 novas
892 2677 1040 2740 fabricare
1056 2679 1170 2751 domus,
1196 2681 1275 2758 qnia,
1300 2698 1347 2740 me
1363 2681 1502 2756 Hercule,

147 2791 240 2850 quam
271 2787 386 2849 paucae
416 2773 486 2828 sunt
519 2768 556 2828 ad
582 2769 820 2847 respondendum
854 2768 893 2848 ad
917 2767 1015 2829 omnia
1039 2767 1236 2846 interrogata.
1284 2769 1328 2829 Tu
1353 2787 1423 2829 vero
1448 2769 1503 2828 de-

143 2868 285 2922 monstra
318 2865 370 2919 aut
394 2877 412 2917 a
433 2855 611 2918 Ptolemaeo
644 2864 820 2935 usurpatum
849 2855 1078 2930 dnodenarium,
1112 2862 1164 2915 aut
1197 2855 1260 2917 alia
1288 2855 1325 2917 ab
1349 2855 1503 2918 Arabibns

144 2948 335 3009 introducta.
383 2943 473 3016 Quod
503 2963 574 3006 vero
608 2945 754 3006 rationem
787 2944 825 3006 ab
854 2944 1028 3024 aspectibus
1062 2943 1165 3016 ducis,
1199 2943 1330 3005 concedo
1359 2944 1415 3006 tibi
1447 2945 1504 3005 hoc

144 3047 241 3118 pacto
267 3037 381 3109 domus,
406 3043 440 3094 ut
463 3033 525 3096 sint
551 3033 580 3094 in
604 3033 758 3112 patiendo,
783 3033 861 3114 quod
884 3034 1007 3112 planeta
1030 3033 1058 3093 in
1075 3033 1202 3111 agendo.
1248 3031 1291 3094 Et
1310 3040 1409 3094 tamen
1425 3034 1503 3093 malo

144 3127 267 3199 dicere,
293 3123 458 3186 Saturnum
481 3123 510 3182 in
534 3123 635 3183 sextili
655 3121 747 3185 Medii
763 3119 857 3194 Coeli,
882 3140 969 3202 qnam
994 3119 1022 3182 in
1038 3120 1214 3182 duodecima
1229 3119 1325 3196 domo,
1351 3121 1411 3183 nisi
1426 3121 1504 3202 quod

144 3225 179 3277 et
203 3213 378 3276 memoriam
397 3211 487 3291 juvat
509 3211 690 3272 distributio.
736 3211 805 3274 Non
828 3229 938 3292 pugno,
964 3218 999 3272 ut
1020 3209 1075 3271 has
1095 3209 1259 3284 destruam,
1286 3210 1339 3272 sed
1360 3227 1503 3292 repugno,

143 3323 183 3366 ne
211 3301 369 3364 aedificem
392 3309 446 3362 aut
468 3299 598 3362 sarciam
620 3299 698 3361 illos.

221 3390 406 3446 Fabricius:
435 3387 583 3449 Quaeritur,
610 3401 643 3436 en
661 3387 765 3450 planeta
785 3388 859 3448 Juxta
879 3383 1092 3435 latitudinem
1110 3385 1293 3451 dirigendus
1312 3387 1344 3436 sit
1364 3385 1396 3436 ad
1415 3399 1504 3436 asceu-

145 3465 251 3514 dantam
277 3461 317 3511 rel
335 3459 431 3517 Solam,
455 3460 493 3509 rel
519 3460 573 3509 eine
598 3457 747 3508 latitudine?
783 3457 882 3521 Magni·
899 3459 1016 3506 momenti
1034 3470 1074 3506 res
1094 3463 1145 3513 eat.
1176 3458 1245 3507 etin
1264 3458 1438 3508 directionibus
1456 3472 1505 3506 uon

145 3549 255 3600 parram
275 3534 335 3582 lacit
348 3531 527 3604 differentiam.
565 3531 616 3596 Ego
634 3529 706 3579 rideo
724 3529 805 3593 potins
824 3529 877 3578 sine
895 3527 1027 3578 latitudine
1041 3527 1189 3578 mentones
1201 3529 1358 3592 respondere,
1378 3531 1436 3594 quia
1447 3527 1506 3581 lati·

144 3607 243 3655 tudinis
262 3605 297 3653 ris
316 3609 355 3653 eet
372 3604 398 3652 in
417 3601 496 3666 gradu
512 3601 680 3667 longitudinis,
700 3606 726 3649 et
744 3599 848 3663 planeta
865 3599 962 3650 radone
981 3598 1141 3663 longitudinis
1159 3600 1207 3648 rim
1229 3599 1324 3650 aedium
1338 3601 1504 3664 consequitur,

145 3691 215 3742 quae
233 3675 351 3725 videlicet
368 3673 404 3722 illi
421 3675 495 3722 inest.

238 3745 449 3827 Keplerus:
474 3743 579 3822 Dirige
604 3741 713 3816 sidera,
739 3749 772 3802 nt
795 3739 939 3816 oriuntur,
966 3740 1004 3802 ad
1020 3739 1232 3802 ascendentem
1249 3749 1281 3803 et
1294 3741 1337 3802 M.
1356 3737 1407 3814 0.,
1433 3757 1504 3818 ergo

146 3855 204 3917 per
227 3835 417 3898 latitudines.
464 3833 498 3893 ld
522 3832 782 3912 Regiomontanns
805 3829 977 3890 inculcavit.
1024 3827 1100 3891 Cum
1119 3827 1174 3891 Sol
1198 3829 1369 3910 dirigendus
1394 3836 1442 3891 est
1466 3830 1505 3890 ad

148 3925 316 3996 Venerem,
341 3931 373 3984 et
395 3921 449 3984 illa
470 3921 564 3982 babet
589 3915 634 3983 9⁰
658 3921 728 3994 lat,
753 3918 820 3981 dico
845 3917 962 3980 fatuam
985 3917 1198 3994 directionem,
1233 3919 1317 4000 quia,
1341 3937 1407 3980 cnm
1431 3936 1504 3997 pro-

145 4013 221 4076 ximi
245 4012 319 4075 sacti
342 4019 424 4086 sunt,
449 4005 492 4074 9⁰
514 4009 698 4072 distiterunt.
746 4008 790 4068 Tn
814 4007 915 4068 nescio
940 4007 1009 4086 quid
1033 4027 1198 4086 repascere:
1227 4009 1364 4088 planeta,
1391 4006 1501 4087 inquis,

146 4107 266 4166 ratione
289 4099 488 4188 longitudinis
511 4099 571 4159 vim
594 4096 710 4160 zodiaci
734 4095 935 4175 consequitur.
983 4095 1051 4158 Non
1072 4095 1212 4157 zodiacus
1235 4096 1378 4176 planctis,
1403 4096 1458 4156 sed
1474 4095 1504 4157 bi

146 4192 271 4254 rodiam
295 4192 357 4252 vim
382 4187 560 4266 largiuntur.
607 4187 753 4248 Planctus
778 4185 855 4245 enim
879 4183 910 4244 in
934 4203 966 4245 se
990 4183 1066 4263 ipsis
1090 4191 1171 4245 snnt.

220 4280 405 4331 Fabricius:
426 4275 572 4340 Eelipses
590 4275 677 4324 intra
695 4272 824 4322 Terram
844 4271 1016 4338 confingentes
1033 4274 1060 4322 in
1078 4272 1211 4338 generibus
1229 4286 1279 4321 non
1298 4277 1356 4322 sunt
1373 4272 1504 4338 negligen-

147 4352 203 4412 dae,
222 4364 278 4402 cum
295 4353 361 4402 vires
379 4361 440 4398 suae
460 4352 592 4398 exerceant
610 4345 643 4396 ad
660 4344 760 4394 modum
778 4343 942 4407 planetarum.

189 4471 194 4480 .
234 4423 446 4504 Keplerns:
478 4419 550 4482 Illas
579 4417 682 4499 ntique
706 4413 874 4477 censuerim
897 4414 1146 4487 considerandas,
1179 4421 1212 4476 at
1234 4434 1293 4475 non
1317 4415 1421 4489 aliter,
1446 4413 1505 4473 nini

149 4514 393 4594 conjunctionem
424 4508 621 4587 corporalem.
668 4505 749 4566 Nam
783 4501 901 4565 luminis
931 4501 1062 4564 subitam
1092 4503 1292 4582 privationem
1320 4502 1403 4563 nulla
1425 4500 1504 4560 ratio

127 4605 277 4668 ¹admittit
300 4601 362 4666 nisi
389 4616 427 4660 eo
454 4597 519 4658 loco
543 4596 744 4667 considerare,
769 4591 819 4654 ubi
835 4591 975 4652 cernitur.
1028 4591 1093 4652 Tua
1112 4589 1333 4676 argumentatio
1356 4588 1437 4650 nulla
1457 4595 1505 4648 est

147 4697 378 4776 aplanetarum
415 4684 530 4747 viribus
561 4685 599 4746 ad
618 4684 698 4744 vires
722 4679 887 4761 eclipsium.
933 4679 1064 4741 Planeta
1091 4687 1141 4740 est
1163 4677 1347 4750 substantia,
1382 4675 1505 4754 eclipsis

143 4795 187 4850 est
205 4783 356 4870 privatio,
385 4773 592 4840 determinata
615 4772 676 4836 situ
699 4771 775 4834 certi
798 4767 866 4832 loci.
912 4763 977 4833 Illis
991 4767 1085 4848 igitur
1108 4786 1176 4829 esse
1199 4767 1280 4826 vires
1298 4763 1341 4826 nil
1354 4763 1505 4843 prohibet,
1538 4789 1540 4794 v
