3742 5522
326 273 391 340 olo
924 273 1086 337 Prooemium.

418 435 567 512 Keplerus
592 453 680 514 quum
714 432 742 494 in
767 433 865 494 indice
890 451 1035 496 summam
1065 433 1158 494 libelli
1183 435 1228 494 sui
1253 433 1316 512 ipse
1344 433 1523 514 prodiderit,
1553 433 1594 494 nil
1616 451 1684 495 anr-

328 525 405 604 plius
429 522 597 584 addendum
622 523 680 582 ruti
705 539 806 582 sumus
831 523 867 582 de
890 522 943 596 iis,
977 541 1053 601 quae
1078 522 1179 582 insunt
1203 521 1270 583 huie
1294 523 1378 584 suavi
1404 523 1563 602 opusculo,
1593 540 1686 601 prae-

330 614 416 690 cipue
432 629 499 671 cum
524 610 638 684 eadem,
665 629 740 689 quae
756 611 786 671 in
803 609 877 670 libro
893 611 929 672 de
945 609 1045 672 Stella
1060 611 1149 672 Nova
1163 608 1335 690 conscripto
1360 629 1419 672 non
1434 610 1533 672 omitti
1546 617 1686 698 possunt,

328 701 376 762 hie
400 699 507 760 iisdem
536 699 598 760 iere
627 697 726 759 verbis
754 699 977 777 praemittenda
1009 699 1147 760 fuissent.
1193 699 1259 760 Hoc
1286 706 1420 775 tantum,
1454 700 1532 780 qnod
1564 697 1687 778 saepius

329 789 473 862 diximus,
504 806 672 858 monemus,
705 807 742 847 ea
770 788 851 860 loca,
880 787 908 847 in
939 787 1044 866 quibus
1074 787 1291 849 defendendam
1324 788 1460 868 suscepit
1487 786 1685 866 astrologiam

329 877 488 956 Keplerus,
513 895 570 936 uon
595 877 624 935 in
649 876 735 954 pejus
759 875 785 936 ei
811 876 956 936 vertenda
980 895 1057 944 esse,
1083 875 1152 955 quia
1176 884 1207 937 et
1230 895 1335 938 munus
1359 875 1494 950 babebat
1516 873 1685 939 aansare

206 964 210 968 ’
330 965 556 1038 demandatum,
588 972 619 1024 et
642 963 705 1042 ipse
734 983 784 1036 ea,
818 963 924 1042 quibus
959 963 1141 1042 astrologiae
1176 965 1275 1038 „filiae
1309 973 1435 1026 matrem
1467 963 1684 1028 astronomiam

330 1053 461 1115 alentis“
486 1053 553 1131 plus
573 1053 658 1131 justo
682 1053 813 1113 tribuere
837 1053 969 1124 videtur,
992 1051 1162 1130 restringit,
1192 1071 1311 1133 semper
1333 1071 1512 1133 comparans
1536 1053 1685 1114 rationem

331 1141 516 1219 astrologiae
540 1160 606 1202 oum
631 1140 683 1201 illa
706 1140 882 1215 medicinae,
907 1159 995 1220 qnam
1020 1141 1156 1203 Feselius
1179 1142 1371 1222 profiteatur,
1395 1143 1441 1203 oui
1466 1161 1554 1222 quam
1578 1159 1685 1220 parum

329 1239 414 1292 certa
437 1230 512 1290 fides
537 1237 665 1302 constet,
690 1247 744 1309 per
763 1229 835 1308 Jooa
857 1236 890 1290 et
912 1229 993 1290 seria
1014 1229 1134 1308 probat

417 1318 493 1398 Agit
517 1318 553 1378 de
577 1318 633 1378 lroo
657 1317 818 1379 libelluli.
845 1315 1086 1379 Scheibolinsin
1114 1313 1375 1391 ,Oskonomisohe
1399 1317 1609 1380 Nachrichten
1627 1318 1685 1379 der

325 1407 536 1469 Schlesischen
561 1406 783 1467 Patriotisoheu
809 1404 1036 1468 Gesellsohait“
1062 1408 1125 1477 (an.
1155 1402 1269 1479 1776),
1293 1406 1431 1468 refutans
1456 1405 1599 1469 vaticinia
1615 1403 1684 1469 Ga-

327 1496 453 1557 lendarii
477 1543 485 1570 ,
512 1493 590 1574 quod
615 1500 721 1558 vooant
745 1496 890 1556 seculare.
937 1493 1125 1555 Scheibelius
1150 1494 1277 1555 laudans
1301 1495 1419 1572 quidem
1443 1495 1568 1575 Kepleri
1591 1494 1683 1574 inge-

325 1585 415 1658 nium,
440 1603 506 1644 cum
529 1585 617 1662 longe
642 1583 702 1644 alia
725 1583 783 1662 ipsi
806 1584 847 1644 sit
871 1581 1021 1644 sententia
1044 1583 1132 1644 nimis
1155 1582 1265 1662 premit
1289 1601 1333 1654 ea,
1359 1603 1436 1663 quae
1461 1584 1498 1645 de
1514 1581 1685 1662 astrologia

325 1673 477 1752 Keplerus
510 1673 538 1732 in
573 1672 628 1732 hoc
661 1672 762 1754 libello
794 1671 949 1751 proponit,
983 1671 1103 1734 minime
1137 1671 1284 1734 rationem
1313 1671 1427 1733 babens
1451 1690 1569 1747 eorum,
1604 1691 1709 1754 quae,

326 1763 413 1823 modo
437 1761 565 1821 diximus
590 1761 627 1822 de
650 1759 703 1823 illa
726 1759 849 1839 Keplori
871 1759 1052 1822 conditione.

415 1848 590 1910 Sohareri
616 1850 840 1927 responsionem
864 1849 902 1909 ad
926 1848 1038 1911 Feselii
1061 1847 1204 1921 libellum,
1228 1846 1317 1908 nimis
1341 1846 1480 1910 diffusam
1505 1844 1586 1920 (220
1608 1863 1683 1928 pag.

325 1939 354 1999 in
378 1935 442 2011 1.),
467 1938 496 1998 in
521 1957 580 2016 qua
602 1938 800 2017 astrologiam
824 1937 912 1999 anxie
938 1937 1087 2011 defendit,
1119 1953 1198 1996 auno
1224 1930 1321 1998 1611.
1346 1937 1508 2014 prodiisse,
1529 1935 1685 1998 monuisse

325 2027 465 2088 sufficiat.
512 2028 578 2088 Hoo
602 2033 720 2087 tanturn
743 2025 890 2097 addimus,
916 2023 1096 2088 Souoremn
1119 2025 1148 2085 in
1173 2023 1256 2086 oaloe
1282 2024 1349 2087 libri
1364 2025 1410 2087 sui
1435 2035 1583 2088 munuum
1602 2041 1683 2086 uun-

325 2115 405 2177 oiare
428 2115 580 2177 Feselium
603 2133 705 2178 meuse
729 2112 902 2193 Septembri
929 2109 1023 2176 1610.
