3718 5520
702 308 1003 423 &fflQ
1467 305 1532 373 383

174 467 272 540 litate,
298 483 394 528 consa
415 463 496 528 souti
519 471 552 525 et
573 463 687 542 grume,
710 463 810 544 sitque
833 463 929 527 omnis
952 465 1088 536 lucrosus
1111 473 1144 528 ot
1165 465 1291 545 speciali
1305 467 1422 528 nomine
1442 469 1534 546 φθογ-

173 577 234 635 γοςς
257 554 289 616 iu
313 553 401 616 coelo
422 561 528 614 contre
550 571 655 615 omnes
677 553 759 626 soni,
784 551 948 633 (siquidem
971 554 1139 619 existerent
1160 555 1241 628 soni)
1265 563 1336 616 sont
1358 553 1532 626 demererer,

174 652 208 708 ut
228 641 261 706 in
283 642 427 704 continuo
458 639 633 704 intentionis
664 649 698 702 et
729 640 914 704 remissionis
941 650 1030 715 actu,
1064 659 1100 703 ac
1131 642 1156 703 si
1188 641 1253 723 quis
1276 641 1418 704 chordam
1443 643 1530 705 simul

172 732 324 812 pulsaret,
359 729 447 794 simul
475 728 645 806 intenderet
667 736 700 790 et
722 729 901 792 remitteret.
948 730 1095 792 Planetse
1119 730 1197 793 enim
1225 729 1353 812 apogaei
1374 739 1555 792 mouentur*

173 819 312 894 remisse,
347 819 376 880 in
400 817 542 898 perigseo
566 817 732 880 incitatius.
778 818 886 898 Itoque
910 817 1038 898 apogaei
1062 835 1185 896 gravem
1215 819 1393 880 exhiberent
1414 836 1528 894 sonum,

171 907 461 988 perigaeiaeutum.
506 906 555 968 Ac
579 905 639 968 etsi
662 905 749 984 buius
773 905 919 968 acuminis
942 907 1160 986 etgravitatis,
1184 907 1373 980 intensionis,
1398 907 1530 987 iuquam.

171 1004 202 1059 et
222 993 413 1060 remissionis
435 1012 576 1057 mensuro
597 994 745 1074 soporinus
766 993 905 1075 proxime
926 994 958 1058 in
982 995 1129 1057 distentia
1150 996 1292 1075 planetae
1315 1013 1335 1055 a
1356 1003 1472 1068 contro,
1495 1005 1530 1058 ut

171 1086 200 1148 in
226 1085 334 1146 Marte
360 1082 501 1162 probavi,
535 1091 637 1146 temen
666 1083 745 1146 ratio
774 1083 855 1146 fallit
883 1083 913 1144 in
942 1084 1165 1163 comparatione
1196 1083 1319 1146 duorum
1333 1083 1530 1165 ‚planetarum

169 1175 248 1238 iuter
270 1191 324 1247 se;
349 1190 407 1234 non
430 1171 510 1234 euim
533 1180 567 1233 ut
589 1171 741 1242 diametri,
765 1172 808 1234 sic
831 1181 940 1246 motus,
966 1190 1060 1234 causa
1082 1172 1258 1234 intensionis
1282 1181 1315 1234 et
1332 1171 1529 1234 remissionis.

168 1263 317 1326 Deiectus
339 1267 429 1340 patet
451 1279 489 1322 ex
508 1259 657 1342 Mysterio
683 1257 951 1340 Oosmographioo.
998 1261 1108 1322 Altera
1131 1279 1233 1336 cause,
1256 1280 1309 1322 our
1331 1279 1398 1322 oum
1412 1261 1529 1342 Pytha.

169 1350 290 1432 goraeis
323 1357 357 1412 et
379 1347 477 1412 Plinio
509 1357 590 1412 erret
611 1347 823 1424 Rsinhsrdus,
858 1367 896 1410 ex
928 1349 1009 1412 sonis
1042 1349 1165 1412 musicis
1197 1350 1330 1411 tonnano
1366 1348 1530 1412 diametros

131 1487 138 1506 .
168 1441 382 1520 planetarum,
420 1444 468 1500 est
499 1437 591 1512 haec,
631 1439 708 1520 qnod
741 1437 880 1500 diametri
914 1437 1124 1518 intelliguntur
1156 1438 1351 1519 sphaeramm
1378 1437 1528 1513 diametri,

169 1529 303 1608 sphaera
325 1543 398 1590 vero
422 1525 471 1588 rel
493 1545 601 1606 corpus
624 1534 672 1588 est
695 1526 859 1588 secuudum
880 1526 1032 1608 physicos,
1056 1527 1105 1587 vel
1129 1528 1216 1588 locos
1236 1526 1360 1600 solidus,
1386 1526 1417 1588 in
1440 1545 1529 1607 qoem

122 1631 131 1644 ·
169 1618 296 1697 planeta
320 1633 463 1678 successu
486 1617 654 1677 seculorum
677 1615 778 1676 venire
799 1623 914 1696 potest.
961 1613 1109 1678 Diametri
1129 1615 1221 1695 igitur
1238 1614 1434 1696 sphaerarum
1451 1634 1528 1678 nan-

167 1706 325 1768 ciscuntur
349 1703 559 1783 proportiones
582 1722 653 1767 suas
677 1723 715 1766 ox
737 1704 841 1784 liguris
864 1703 985 1776 solidis,
1012 1711 1047 1767 ut
1074 1702 1193 1766 ostendi
1220 1703 1251 1766 in
1274 1703 1422 1785 Mystsrio
1446 1701 1527 1767 Cos-

167 1793 375 1874 mograpbieo.
422 1789 539 1854 Contra
561 1809 653 1854 sonus
676 1800 725 1854 est
747 1800 861 1866 motns;
885 1793 981 1854 omnis
1004 1811 1075 1854 vero
1100 1799 1199 1854 motus
1223 1792 1252 1854 in
1273 1792 1367 1854 linas:
1393 1802 1527 1854 motuum

166 1884 258 1963 igitur
282 1881 439 1961 proportio
463 1880 688 1942 oouvenientius
712 1881 867 1961 quaeritur
889 1898 928 1942 ex
951 1880 1053 1960 figuris
1077 1881 1268 1960 geometricis
1290 1881 1404 1960 planis,
1430 1881 1528 1942 circu-

167 1972 227 2034 lum
251 1973 370 2044 (motos
394 1969 535 2031 coelestis
555 1969 681 2043 bucam)
706 1968 920 2031 dividentibus.
966 1969 1010 2032 Ut
1032 1969 1109 2030 enim
1133 1988 1166 2031 se
1190 1969 1284 2030 habet
1298 1970 1378 2030 linea
1400 1970 1440 2031 ad
1459 1988 1528 2031 cor-

166 2079 221 2140 pus
245 2059 389 2132 solidum,
415 2055 460 2118 sic
483 2077 516 2120 se
541 2056 634 2120 babet
656 2058 875 2136 quodammodo
898 2067 999 2120 motus
1022 2057 1061 2118 ad
1085 2075 1193 2136 corpus
1217 2058 1383 2139 physicum.

258 2149 308 2210 De
347 2145 538 2221 „enarmonio
562 2145 747 2208 chromatico
771 2154 804 2208 et
827 2147 1001 2209 diatonioo“
1036 2164 1124 2226 quum
1148 2163 1252 2224 parom
1276 2146 1365 2208 bodie
1389 2145 1529 2220 sciamus,

166 2255 222 2299 noc
244 2237 345 2298 ullum
370 2235 538 2314 exemplum
560 2232 709 2296 melodice
733 2241 827 2310 extet,
852 2253 891 2295 ex
913 2251 972 2314 quo
995 2233 1156 2297 discrimen
1180 2234 1286 2297 horum
1309 2251 1452 2314 geuemm
1471 2255 1529 2316 ap-

163 2332 284 2406 pareat,
312 2323 506 2385 frustrares
529 2323 634 2402 opinor
654 2321 801 2386 desudare
825 2321 1099 2402 comparationibus
1124 2341 1178 2402 per
1200 2313 1238 2384 ea
1260 2322 1465 2387 instituendis.

253 2413 304 2476 De
330 2411 453 2473 vocibus
477 2417 541 2486 ‚,ut,
565 2429 607 2485 re,
632 2410 682 2486 mi,
707 2409 749 2486 fs,
773 2413 829 2486 sol,
855 2411 906 2472 la“
930 2412 1037 2474 eadem
1061 2410 1100 2473 ad
1116 2409 1283 2474 Calvisium
1307 2411 1424 2492 scripsi,
1450 2429 1527 2490 quse
1564 2485 1574 2496 ¹

165 2503 214 2564 bic
242 2500 369 2582 quaerit
397 2499 603 2585 Reinhardus:
642 2499 760 2562 scilicet
791 2499 905 2564 aboleri
935 2517 1044 2579 posse,
1079 2506 1111 2560 et
1133 2499 1197 2580 jam
1230 2499 1268 2562 de
1292 2500 1374 2562 iacto
1397 2498 1529 2562 abolitas

166 2610 236 2653 esse
260 2589 281 2652 7
309 2589 426 2652 literis:
451 2609 479 2663 s,
503 2589 531 2661 b,
558 2609 584 2657 c,
609 2589 637 2662 d,
663 2607 689 2662 e,
714 2590 735 2662 f,
760 2591 813 2669 g,“
836 2589 863 2650 si
886 2589 974 2650 modo
997 2588 1064 2670 quis
1088 2589 1249 2651 assuescat
1270 2588 1452 2650 nominibus:
1477 2606 1529 2661 „sn

166 2679 212 2756 be,
238 2697 285 2754 oe,
313 2678 363 2752 de,
388 2697 414 2750 e,
440 2678 478 2752 ef,
504 2677 576 2756 ge.“
1504 2697 1506 2705 =

253 2763 526 2846 Comparationem
548 2765 626 2827 hauc
650 2765 845 2845 sphaerarum
869 2783 936 2826 oum
960 2764 1043 2828 souis
1067 2763 1188 2826 musicis
1209 2763 1447 2826 Ptolemaeus
1471 2763 1529 2824 tri·

164 2857 220 2920 bus
244 2853 366 2920 ultimis
388 2853 537 2935 oepitibus
562 2853 630 2916 libri
653 2852 737 2916 tertii
760 2852 1006 2914 Harmonices
1031 2852 1188 2933 complecti
1212 2852 1321 2926 voluit,
1346 2852 1401 2913 sed
1424 2850 1529 2912 titulos

165 2944 383 3008 tantummodo
407 2942 557 3023 capitibus
580 2941 729 3020 praefixit.
777 2942 906 3004 Textum
932 2939 1087 3020 Gregoras
1111 2939 1242 3014 addidit,
1268 2941 1321 3003 sed
1345 2940 1474 3001 alienum
1497 2946 1530 3000 et

164 3033 425 3113 impertinentem‚
449 3038 483 3091 ut
506 3030 695 3092 demonstrat
709 3027 891 3092 Baarlamus
915 3029 1088 3104 monachus,
1114 3047 1201 3110 quem
1215 3028 1303 3090 verti.
1340 3027 1529 3090 Difficultate

165 3121 314 3184 materiae
342 3117 496 3184 absterriti
519 3117 660 3198 progredi
684 3137 740 3180 non
765 3125 937 3197 potueruut.
977 3118 1011 3179 In
1037 3115 1242 3197 Copernico
1267 3125 1337 3179 sunt
1360 3115 1458 3180 omnia
1473 3133 1529 3176 ex-

163 3211 328 3289 peditiora.
377 3209 412 3272 In
436 3208 511 3269 libro
535 3205 577 3268 ds
602 3207 731 3270 Stella
762 3225 828 3286 esp.
857 3201 905 3270 16.
938 3205 1072 3268 inuenies
1105 3223 1211 3268 orasse
1233 3204 1373 3272 Minerva
1401 3221 1529 3284 propor-

164 3301 262 3362 tiones
288 3295 460 3360 celeritatis
487 3296 678 3376 plsnetarum
712 3295 742 3355 iu
769 3293 969 3356 mediocribus
998 3294 1061 3356 suis
1095 3294 1250 3356 distantiis
1278 3293 1402 3356 uSole.
1449 3292 1530 3354 Nem

162 3385 236 3466 liin
260 3407 327 3449 una
358 3385 432 3446 hora
455 3383 587 3445 absolvit
614 3382 755 3445 milliaria
778 3379 864 3457 300,
896 3379 1032 3458 74400,
1067 3378 1201 3456 6000,
1236 3378 1369 3457 5720,
1404 3375 1529 3454 9800,

163 3479 183 3555 t}
210 3473 309 3540 1000.
360 3475 455 3554 igitur
477 3473 533 3536 hoc
556 3479 648 3552 pacto
671 3471 751 3534 inter
773 3467 793 3549 ij
818 3479 850 3532 et
872 3469 901 3546 ll
925 3479 975 3534 est
996 3477 1203 3550 dsoraooupus
1226 3471 1381 3551 (quarta),
1405 3465 1426 3554 b
1451 3476 1482 3530 et
1505 3475 1531 3537 d

163 3571 323 3627 mucor
360 3563 518 3636 (octava),
552 3557 629 3637 liet
653 3562 677 3636 ὅ
703 3565 841 3637 deeeptus
868 3559 970 3622 mollis
1003 3569 1037 3624 et
1063 3566 1215 3622 omanus
1247 3559 1354 3632 (tertia
1376 3557 1475 3618 mollis
1499 3567 1531 3618 et

157 3655 302 3727 'notarat
329 3648 352 3728 ij
376 3659 409 3712 et
431 3649 457 3723 Ω
481 3649 650 3728 composita
673 3669 711 3710 ex
733 3659 823 3710 sexta
841 3649 917 3710 durs
940 3656 1083 3710 etsexta
1107 3649 1197 3722 molli,
1211 3643 1244 3725 ,ij
1268 3649 1340 3724 stt}
1363 3644 1530 3724 composita

162 3761 200 3804 ex
223 3749 318 3805 sexta
344 3740 419 3802 dura
441 3746 473 3800 et
496 3743 658 3812 dmuucus,
681 3737 797 3812 iletd
815 3743 950 3800 daurom
974 3737 1121 3817 (quinta),
1145 3736 1264 3812 liet&
1288 3733 1458 3812 ἀεαρμοςοι
1478 3725 1538 3813 70,

163 3850 221 3893 nou
244 3837 356 3892 temen
379 3825 500 3904 dusius,
526 3833 576 3890 est
598 3827 676 3889 anim
700 3835 789 3888 sexta
813 3825 913 3888 mollis
938 3837 969 3887 et
993 3833 1081 3902 tonus
1106 3827 1211 3906 major,
1235 3825 1312 3900 liet
1327 3823 1352 3898 9
1367 3828 1528 3892 omanus,

163 3920 286 3998 lietb
310 3923 450 3995 durosor
473 3916 549 3978 dura
571 3923 605 3978 et
627 3919 789 3989 dmuuour,
812 3917 1077 3994 ἀειόὄιατριωι

163 4009 278 4083 mollis,
315 4003 448 4078 deti?
477 4010 688 4083 διαιιιιαρων,
723 4012 805 4074 det
828 4004 850 4081 Q
876 4001 909 4065 δι’
934 3998 966 4075 ἑξ
989 4003 1074 4078 durs,

164 4101 247 4174 &et
271 4095 299 4171 9
328 4107 418 4158 tonus
440 4093 537 4156 minor
563 4086 639 4174 iim,
665 4095 690 4168 ὃ
715 4099 747 4154 et
770 4095 792 4170 Q
815 4097 1021 4170 omssccopus
1043 4099 1075 4152 et

164 4186 274 4258 diesis,
308 4185 341 4248 b.
364 4202 391 4246 e.
423 4175 508 4262 ¹⁸22„
543 4181 669 4260 denique
693 4180 773 4244 iuter
796 4180 821 4254 ῼ
846 4189 877 4242 et
899 4183 922 4260 ζξ
945 4189 993 4242 est
1015 4185 1074 4242 dsu-

163 4297 251 4356 ιριιπ
275 4274 366 4336 durs.
413 4272 533 4345 Mirum,
558 4269 661 4336 omnia
682 4269 842 4332 intervallo
865 4288 934 4330 esse
952 4266 1072 4346 ὀμμιλη,
1421 4311 1490 4368 -5

163 4383 229 4428 cam
253 4381 318 4428 non
338 4359 497 4439 cogitarim
521 4361 558 4420 de
581 4359 705 4431 musica,
731 4358 849 4437 quaudo
873 4357 942 4421 illos
965 4375 1071 4420 nume·
1096 4361 1495 4444 -ἶ-’Ξ-ῒ-Ξη

163 4471 213 4516 ros
246 4449 431 4515 oonoiuuavi
463 4449 492 4510 iu
526 4448 602 4512 libro
634 4447 671 4509 de
704 4445 813 4508 Stella.
860 4446 924 4508 Neo
958 4447 1072 4510 mutavi

164 4541 349 4622 quicquam,
383 4537 441 4600 uisi
463 4535 610 4612 Telluris,
643 4534 693 4597 ubi
716 4552 771 4614 pro
795 4530 860 4598 740
889 4534 995 4614 scripsi
1029 4532 1103 4598 720.
1148 4535 1255 4615 Neque
1282 4541 1381 4596 temen
1411 4532 1529 4594 excessi

163 4629 280 4694 limites
308 4625 424 4707 sphelii
455 4625 602 4699 Telluris,
635 4625 665 4685 iu
685 4643 752 4703 ‚quo
780 4623 882 4689 Tellus
909 4623 1003 4689 currit
1033 4623 1129 4686 minus
1162 4641 1252 4703 quam
1281 4618 1345 4685 720
1375 4618 1526 4685 milliaris.

164 4719 299 4783 Telluris
332 4715 412 4778 euim
436 4721 534 4778 motos
558 4713 596 4776 ab
620 4713 738 4791 aphelio
766 4710 994 4792 inperihelium
1021 4710 1186 4774 intenditur
1216 4711 1306 4790 poulo
1329 4708 1427 4774 misus
1450 4706 1528 4769 diesi

168 4800 259 4892 uin,
285 4803 408 4870 seilicet
435 4795 519 4885 ''lw
565 4799 675 4863 Mertis
698 4819 769 4862 vero
792 4807 892 4862 motus
913 4800 1051 4880 perfecta
1073 4806 1164 4862 sexta
1185 4797 1268 4860 molli
1287 4789 1322 4878 ‘lg
1349 4795 1526 4860 intenditur.
