3698 5516
312 297 378 366 256
861 301 984 370 Apologia
1001 301 1125 366 morosa

314 468 432 524 stantes
462 479 481 522 a
507 459 585 541 polis
615 459 721 539 hujus,
756 469 899 540 quantum
933 461 1097 541 quantitati
1129 425 1400 544 retrogradationis
1429 459 1553 534 sufficit,
1587 475 1678 537 super

315 550 419 631 quibus
444 548 524 611 orbis
547 547 595 611 hio
618 547 743 609 interior
766 548 795 608 in
819 549 1001 611 contrarium
1025 551 1183 612 exterioris
1199 551 1318 631 aequali
1333 559 1467 630 tempore
1482 547 1676 610 restituatur.

313 642 359 702 At
380 639 437 701 hoc
460 645 550 718 pacto
576 635 702 717 planeta
724 655 844 718 semper
871 637 901 698 in
933 638 1074 718 ecliptica
1104 646 1157 700 aut
1180 658 1297 718 semper
1320 637 1491 718 inaequali
1514 636 1677 699 latitudine

314 733 402 790 extra
425 725 595 807 eclipticam
617 733 729 800 manet,
756 734 838 787 motu
862 725 1031 788 librationis
1055 727 1099 788 cis
1123 735 1155 790 et
1179 728 1259 789 ultra
1283 727 1388 790 Solem
1411 745 1591 798 excurrens,
1626 731 1679 784 aut

317 815 346 878 si
379 815 470 877 fuerit
497 815 657 894 inaequale
687 823 806 895 tempus
834 814 1072 892 restitutionum,
1103 816 1155 876 liet
1182 823 1216 878 ut
1239 817 1310 878 olim
1339 819 1464 896 planeta
1487 811 1678 876 latitudinem

313 903 427 966 habeat
449 902 605 984 aequalem
628 903 893 983 retrogradationi.
940 903 982 966 Et
1003 912 1039 965 ut
1061 905 1174 980 demus,
1199 905 1370 986 neglectam
1393 904 1431 968 ab
1449 902 1577 965 Eudoxo
1603 900 1678 962 lati-

313 991 447 1055 tudinem
474 992 682 1072 planetarum,
715 1011 774 1054 non
802 1001 902 1054 tamen
932 1000 982 1054 est
1008 991 1185 1068 verisimile,
1218 1013 1304 1055 usum
1334 1014 1402 1056 esse
1425 991 1584 1053 Eudoxum
1615 997 1678 1051 tam

312 1081 470 1144 recondita
500 1082 597 1143 forma
619 1081 824 1161 hypotheseos
848 1082 887 1142 ad
910 1081 1202 1161 retrogradationem
1230 1083 1430 1147 efficiendam:
1460 1099 1525 1142 cum
1549 1077 1679 1160 epicycli

314 1179 477 1250 conceptus
496 1188 563 1230 sese
591 1169 690 1248 ipsum
715 1168 801 1250 quasi
824 1171 932 1232 offerat
948 1171 1025 1233 ultro
1041 1171 1333 1249 retrogradatiouom
1352 1169 1566 1244 consideranti,
1593 1176 1626 1229 et
1648 1165 1678 1226 in

315 1257 542 1340 disciplinarum
571 1257 786 1320 constitutione
806 1257 1028 1338 simplicissima
1051 1267 1083 1320 et
1113 1259 1256 1322 facillima
1280 1280 1414 1341 quaeque
1443 1259 1539 1338 primo
1564 1274 1677 1335 sequa-

314 1366 394 1419 mur,
432 1347 650 1409 necessitatem
683 1340 906 1427 perpendentes
944 1366 1003 1408 non
1031 1347 1197 1427 ingenium,
1232 1355 1266 1410 ut
1291 1350 1521 1411 Fracastoreus.
1568 1345 1677 1424 Neque

316 1443 435 1498 tautum
457 1434 621 1498 verisimile
650 1455 709 1496 non
733 1444 790 1511 est,
816 1436 869 1498 sed
888 1435 978 1515 plane
993 1444 1100 1497 contra
1118 1454 1235 1498 ornnem
1253 1437 1410 1512 rationem,
1434 1435 1562 1498 Eudoxo
1578 1433 1677 1494 visum

315 1543 383 1586 esse
407 1525 486 1587 hunc
508 1523 779 1603 retrogradationis
805 1533 919 1586 motum
942 1523 971 1585 iu
996 1525 1185 1586 concentrico
1209 1525 1272 1588 lieri
1299 1535 1382 1588 motu
1408 1522 1596 1596 librationis,
1633 1521 1678 1581 ita

317 1621 350 1676 ut
373 1613 500 1676 eandem
528 1632 547 1674 a
569 1613 665 1675 Terra
688 1613 865 1675 distantiam
893 1613 1018 1692 planeta
1045 1623 1219 1676 conservet:
1253 1634 1320 1676 cum
1351 1614 1443 1676 etiarn
1466 1611 1550 1692 vulgi
1574 1609 1678 1672 oculos

314 1701 504 1785 perstringat
526 1701 637 1764 Martis
662 1702 833 1784 acronychii
858 1702 964 1779 ingens
984 1702 1169 1780 magnitudo,
1196 1703 1245 1783 qui
1264 1704 1330 1782 jam
1352 1704 1391 1764 ad
1406 1701 1508 1765 Solem
1529 1699 1679 1762 accedeus

318 1812 337 1854 a
362 1789 473 1852 tertiae
498 1789 714 1870 magnitudinis
738 1791 836 1854 stellis
860 1797 1027 1869 superatur,
1053 1809 1172 1870 exque
1196 1792 1359 1854 manifesta
1382 1798 1430 1853 est
1453 1792 1517 1870 ejus
1541 1811 1560 1851 a
1583 1789 1680 1849 Terra

314 1878 523 1942 diversissima
546 1877 684 1959 utrinque
709 1879 867 1942 distantia.
915 1875 1016 1948 Quam
1038 1877 1229 1943 librationem
1257 1881 1284 1943 si
1307 1880 1400 1941 etiam
1423 1877 1587 1941 statuisset
1613 1877 1679 1937 Eu-

318 1967 428 2042 doxus,
459 1967 610 2030 luisseta
639 1965 766 2051 Calippo
798 1967 1011 2048 reprehensus,
1043 1975 1075 2029 et
1100 1969 1225 2047 proinde
1251 1969 1366 2030 orbium
1389 1967 1506 2030 Eudoxi
1537 1983 1679 2028 numerus

319 2063 351 2118 et
373 2056 446 2117 ordo
469 2063 614 2132 mutatus,
639 2057 722 2137 cujus
747 2055 927 2118 contrarium
947 2055 1077 2118 affirmat
1099 2055 1294 2120 Aristoteles.
1342 2055 1420 2119 Cum
1443 2057 1545 2136 itaque
1569 2051 1678 2130 Calip-

318 2164 374 2226 pus
398 2144 572 2223 diligentior
602 2163 660 2206 non
689 2145 816 2208 haberet
849 2146 928 2224 quod
951 2145 1000 2206 hio
1023 2145 1053 2206 in
1075 2143 1202 2212 Eudoxo
1226 2146 1472 2224 reprehenderet,
1507 2161 1565 2206 non
1591 2143 1680 2203 decet

318 2251 384 2303 nos,
406 2233 533 2294 Eudoxo
556 2239 675 2294 tantam
698 2233 898 2313 ignorantiam
923 2233 1064 2295 tribuere.
1112 2231 1173 2295 Sed
1198 2235 1236 2296 ad
1251 2233 1409 2296 Eudoxum
1422 2233 1594 2296 redeamus.
1631 2227 1680 2290 Ex

319 2321 411 2383 tertio
435 2327 467 2382 et
490 2321 592 2401 quinto
620 2323 707 2397 orbe,
741 2323 885 2395 diximus,
914 2321 1040 2384 alterurn
1071 2321 1225 2384 latitudini
1249 2323 1361 2385 servire
1391 2322 1515 2397 debere,
1550 2320 1681 2381 alterum

320 2407 586 2489 retrogradationi.
634 2407 721 2493 Quod
750 2412 845 2491 primo
874 2412 940 2472 loco
969 2417 1115 2472 tenemus.
1166 2410 1284 2474 Deinde
1312 2431 1379 2472 cum
1407 2411 1549 2473 distincte
1577 2414 1682 2469 narret

319 2497 508 2563 Aristoteles
532 2497 684 2579 deprimo
708 2507 739 2561 et
762 2499 893 2562 secundo
918 2497 1004 2574 orbe,
1037 2498 1116 2579 quod
1137 2499 1165 2560 is
1190 2500 1326 2564 omnibus
1352 2500 1484 2580 planetis
1513 2496 1681 2560 communis

320 2586 377 2662 sit,
402 2587 439 2647 de
464 2587 555 2647 tertio
578 2605 649 2648 vero
677 2589 726 2650 vel
750 2597 856 2669 quarto
885 2586 905 2650 5
929 2587 1121 2666 planetarum
1149 2607 1208 2650 uon
1232 2589 1377 2662 affirmet,
1409 2589 1589 2650 alterutrum
1614 2603 1680 2648 cum

320 2675 410 2737 tertio
440 2673 627 2737 luminarium
656 2695 725 2737 esse
751 2678 893 2750 eundem;
927 2675 996 2737 hinc
1024 2683 1107 2738 reete
1137 2676 1274 2739 concludi
1304 2677 1459 2753 existimo,
1490 2677 1549 2739 etsi
1574 2675 1681 2736 horum

320 2764 467 2826 alteruter
497 2763 577 2825 idem
606 2783 673 2825 cum
704 2764 795 2827 tertio
819 2750 1007 2826 luminariu‘m
1033 2764 1127 2826 habet
1159 2765 1289 2827 officium
1328 2765 1456 2827 vehendi
1484 2766 1627 2845 planetas
1651 2761 1680 2823 in

319 2853 518 2926 latitudinem,
542 2853 692 2931 positione
716 2862 817 2916 tamen
840 2853 1000 2933 plurimum
1024 2853 1154 2915 differre.
1200 2853 1303 2916 Tertio
1319 2851 1569 2917 considerandum
1594 2851 1681 2912 nobis

319 2949 377 3012 est,
402 2940 471 3022 quid
497 2960 535 3002 cx
558 2960 592 3002 eo
617 2951 771 3021 sequatur,
795 2942 873 3022 quod
897 2941 1008 3004 tertiae
1031 2941 1178 3024 sphaerae
1202 2942 1265 3024 poli
1287 2942 1316 3003 in
1342 2942 1367 3016 Ω
1393 2951 1424 3004 et
1447 2943 1469 3020 p
1492 2942 1554 3003 sint
1575 2940 1680 3002 iidem.

319 3028 396 3093 Cum
423 3029 517 3109 igitur
543 3029 627 3092 hisce
655 3031 770 3093 duobus
795 3049 949 3092 commune
979 3030 1052 3093 nihil
1081 3030 1122 3091 sit
1146 3031 1190 3103 (in
1218 3032 1334 3094 usitata
1358 3032 1477 3112 quidem
1508 3030 1545 3092 de
1569 3028 1682 3093 mundo

319 3121 546 3198 conceptione),
577 3128 699 3199 praeter
723 3121 830 3181 lineam
854 3119 944 3181 medii
968 3127 1082 3196 motus,
1116 3139 1192 3201 quae
1215 3139 1270 3199 per
1293 3126 1430 3182 centrum
1458 3119 1589 3200 epieycli
1614 3125 1681 3178 tra·

315 3207 436 3287 jioitur:
470 3208 600 3269 latitudo
630 3210 708 3270 enirn
732 3208 853 3270 diversa
876 3216 940 3282 est,
971 3209 1241 3287 retrogradationis
1271 3217 1302 3294 et
1325 3217 1444 3289 tempus
1468 3217 1501 3270 et
1524 3207 1683 3288 quantitas

318 3296 424 3357 itidem
447 3295 583 3358 diversa:
608 3298 743 3378 sequitur
766 3297 868 3377 igitur,
891 3295 974 3359 tertii
998 3297 1079 3360 orbis
1102 3299 1188 3379 polos
1211 3298 1342 3378 pendere
1362 3319 1380 3360 a
1404 3298 1483 3359 linea
1507 3294 1600 3360 medii
1615 3313 1683 3356 mo-

320 3392 379 3446 tus.
426 3383 469 3444 Et
491 3385 633 3464 amplius,
669 3405 734 3448 cum
765 3393 878 3449 certum
907 3387 948 3447 sit
980 3386 1157 3449 latitudines
1188 3386 1213 3460 Ω
1247 3389 1323 3464 etl}
1354 3387 1384 3448 in
1410 3387 1538 3449 diversis
1563 3382 1683 3446 zodiaci

322 3471 395 3534 locis
417 3471 535 3552 perfici,
564 3490 619 3536 nec
642 3494 761 3555 semper
785 3475 952 3555 aequaliter
975 3476 1014 3536 ab
1038 3475 1166 3538 invicem
1195 3474 1343 3537 removeri
1367 3476 1549 3538 baseleca:
1579 3481 1683 3536 retro-

320 3562 509 3642 gradationis
532 3581 604 3624 vero
627 3563 656 3626 in
681 3572 806 3644 utroque
830 3565 955 3643 planeta
978 3565 1046 3626 loca
1068 3563 1168 3627 media
1192 3583 1311 3645 semper
1334 3583 1402 3626 esse
1423 3565 1599 3645 conjuncta:
1631 3581 1683 3621 se-

322 3650 421 3730 quitur
442 3651 544 3730 igitur,
569 3653 691 3715 tertium
715 3654 816 3715 orbem
840 3652 1092 3733 retrogradatioui
1111 3653 1234 3726 servire,
1258 3661 1396 3735 quartum
1412 3653 1576 3726 latitudini,
1604 3649 1685 3731 quod

322 3740 441 3819 quidem
471 3749 502 3802 ct
530 3741 623 3802 verba
647 3741 825 3804 Aristotelis
854 3760 913 3803 non
942 3741 1067 3804 obscure
1096 3742 1232 3806 innuunt.
1278 3743 1345 3804 Hoc
1374 3743 1419 3803 ita
1447 3751 1550 3804 tamen
1578 3757 1684 3800 verum

229 3907 234 3915 ῃ
322 3835 380 3903 est,
404 3835 438 3890 ut
462 3835 493 3889 et
516 3847 607 3908 supra
629 3831 660 3892 in
675 3831 762 3892 Luna
785 3831 862 3892 suits
882 3849 988 3910 nempe
1013 3831 1121 3893 tertius
1135 3832 1230 3893 nodos
1244 3831 1364 3906 vehere,
1390 3839 1514 3912 quartus
1534 3837 1683 3891 etretro-

321 3915 530 3994 gradationem
554 3924 585 3979 et
609 3919 798 3982 latitudinem
822 3918 883 3982 uari
907 3910 1051 3981 be'nefioio
1075 3919 1158 3982 tertii
1184 3921 1302 3982 efficere
1321 3927 1434 4000 potest.
1483 3917 1601 3990 Quarto
1627 3917 1683 3978 de·

322 4005 410 4085 nique
435 4006 671 4085 consideremus,
703 4010 781 4088 quod
805 4009 936 4070 affirmat
961 4007 1159 4078 Aristoteles,
1191 4009 1278 4089 polos
1307 4009 1389 4070 tertii
1419 4027 1487 4070 esse
1515 4008 1546 4069 in
1571 4005 1684 4067 circulo

321 4112 382 4174 per
397 4094 528 4157 medium
551 4096 713 4176 signorum.
760 4097 795 4160 Id
817 4097 1014 4159 multifariam
1037 4097 1100 4159 fieri
1123 4105 1239 4176 potest.
1285 4097 1351 4160 Aut
1365 4098 1445 4159 enim
1468 4095 1603 4177 oppositi
1622 4092 1684 4174 poli

321 4185 352 4245 in
381 4183 673 4263 oppositis.zodiaci
702 4185 776 4248 locis
805 4196 976 4261 cernentur,
1011 4205 1077 4248 cum
1105 4205 1147 4248 sc.
1172 4186 1267 4248 Terra
1293 4185 1323 4246 iu
1348 4185 1437 4266 hujus
1456 4177 1549 4248 'tertii
1578 4189 1684 4246 centro
1725 4227 1728 4233 .

322 4279 388 4334 est:
415 4280 470 4334 aut
491 4281 616 4354 uterque
639 4274 777 4355 polorum
800 4273 829 4335 in
854 4277 958 4336 eodem
982 4275 1097 4337 zodiaci
1122 4276 1198 4348 loco,
1221 4294 1288 4338 cum
1311 4295 1354 4336 so.
1370 4275 1464 4338 Terra
1479 4283 1568 4336 extra
1582 4271 1684 4333 orbem

323 4361 399 4423 hunc
423 4361 624 4446 constituitur,
649 4365 694 4424 ita
716 4371 751 4424 ut
773 4363 853 4424 orbis
877 4364 925 4425 hic
950 4364 1100 4447 epicyclus
1125 4363 1175 4440 sit,
1201 4371 1232 4426 et
1255 4365 1336 4427 linea
1359 4383 1397 4427 ex
1420 4365 1516 4426 Terra
1538 4380 1594 4443 per
1618 4360 1684 4441 epi·

323 4451 399 4533 cycli
432 4459 567 4514 centrum
595 4451 747 4514 coincidat
776 4470 843 4514 cum
878 4453 943 4532 ejus
974 4473 1041 4516 are.
1088 4455 1153 4515 Aut
1181 4452 1307 4534 denique
1341 4455 1407 4515 axis
1435 4453 1524 4533 hujus
1555 4447 1685 4531 epicycli

322 4541 485 4604 secundum
514 4540 671 4620 eclipticae
701 4541 914 4622 longitudinem
939 4541 1030 4619 situs,
1064 4551 1220 4624 utrumque
1248 4544 1349 4622 polum
1378 4543 1408 4604 in
1432 4542 1538 4604 vicinis
1566 4539 1685 4602 zodiaci

322 4629 396 4692 locis
427 4629 616 4694 constituet·
649 4629 780 4692 Primum
804 4631 1005 4692 Fraoastoreo
1032 4633 1152 4712 placet,
1184 4633 1237 4692 sed
1262 4633 1299 4693 ob
1324 4651 1433 4692 causas
1462 4649 1555 4712 supra
1583 4629 1685 4690 dictas

323 4735 390 4781 esse
414 4739 471 4782 non
495 4729 609 4800 potest.
655 4721 734 4782 Nam
767 4720 913 4798 ejusmodi
942 4719 1023 4784 orbis
1052 4740 1109 4783 non
1139 4731 1188 4783 est
1215 4720 1259 4782 ita
1282 4726 1489 4801 comparatus,
1518 4728 1553 4780 ut
1582 4727 1686 4780 retro-

323 4808 532 4886 gradationem
555 4809 674 4873 efficere
702 4809 810 4890 possit.
857 4807 1041 4886 Secundum,
1074 4809 1100 4872 si
1123 4809 1217 4873 verba
1243 4810 1380 4892 praecise
1408 4826 1585 4890 urgeamus,
1618 4821 1686 4868 esso
