3718 5520
333 288 398 355 384
751 288 851 340 Literna
869 287 972 352 Kapleri
991 287 1261 352 mmeramme

332 444 353 524 fi
378 452 409 506 ct
431 442 462 516 ιι
484 442 565 504 circa
588 450 690 505 tonum
715 443 868 519 minorem,
894 462 988 522 eoque
1011 445 1108 506 minus
1133 445 1246 525 aliquid
1259 451 1427 522 versantur,
1455 445 1481 518 Ω
1504 445 1557 507 vin
1575 461 1690 506 comma

338 529 405 614 wi„
436 530 570 610 attingit.
616 534 661 592 At
685 535 706 608 d
729 539 801 611 puto
827 533 950 611 assequi
971 537 1186 613 διαιισσαρωι,
1211 541 1266 594 ιιι
1288 533 1320 594 id
1343 535 1421 595 forte
1446 553 1603 614 superare.
1650 533 1692 596 Ut

333 620 354 698 5
378 629 411 681 et
432 620 461 694 ιι
485 627 615 699 possunt
638 639 802 681 consonare
826 622 949 682 tertiam
973 621 1086 696 duram,
1111 631 1239 700 possunt
1262 631 1294 683 et
1308 623 1452 703 quintam,
1478 641 1532 685 seu
1546 626 1689 684 διαιιιιι.

332 710 390 770 Ηιι
414 713 620 787 ὃιαιισσαρωι
652 708 686 769 ιιι
708 710 846 772 medium.
893 709 945 770 Fit
967 708 1058 789 igitur
1081 711 1138 770 bac
1161 710 1329 784 intentione
1362 719 1394 772 et
1423 711 1602 772 remissione
1624 727 1691 772 mo·
1719 713 1721 716 ’

333 808 417 860 tuum
439 796 622 875 singulorum
646 797 846 875 planetarum,
870 805 904 858 ut
927 798 1086 859 continuae
1110 799 1329 877 quodammodo
1354 799 1417 860 sint
1438 799 1468 859 in
1489 799 1573 861 coele
1589 799 1691 862 disse·

334 887 471 960 uantiae,
495 884 705 946 interstinctus
729 892 829 946 tamen
854 885 946 946 certis
969 887 1087 964 punctis
1111 895 1386 949 momentanearum
1410 887 1691 962 consonantiarum

334 973 582 1056 quemadmodum
614 974 699 1051 ipsae
731 975 823 1034 etiarn
856 973 1042 1036 radiatienes
1075 983 1224 1038 astrorum
1257 976 1397 1038 continue
1431 983 1538 1037 carent
1565 985 1691 1056 aspectu

334 1062 535 1144 geometrice,
569 1062 704 1123 incidunt
732 1071 832 1123 tamen
864 1062 1059 1141 inaspectos
1088 1065 1288 1142 geometricos
1311 1066 1403 1127 certis
1425 1064 1587 1126 momentis
1611 1071 1691 1125 tem-

334 1171 447 1234 porum,
473 1150 593 1212 circiter
617 1147 660 1211 70
683 1150 713 1210 in
737 1151 824 1212 aunis
848 1150 986 1229 singulis.
1034 1153 1138 1232 ltaque
1168 1152 1196 1214 io
1223 1152 1449 1233 „disputatione
1481 1153 1689 1232 astrologiea“

334 1239 584 1302 considerandum
608 1238 724 1318 reliqui,
748 1259 786 1300 au
810 1239 889 1300 sicut
912 1240 944 1300 hi
967 1248 1108 1319 aspectus
1132 1242 1334 1304 momentanei
1348 1241 1515 1304 incidentes
1534 1241 1692 1302 concitant

296 1339 297 1342 ’
333 1339 472 1392 naturam
496 1328 535 1388 ad
558 1327 667 1388 cienda
689 1335 842 1403 metente,
874 1348 941 1390 curn
965 1331 1109 1408 langueat
1132 1331 1186 1391 illa
1209 1331 1440 1410 utplurimum,
1473 1330 1594 1410 quando
1617 1329 1690 1392 nulli

334 1428 405 1481 sunt
429 1423 587 1496 aspectus,
623 1416 715 1486 adeo,
748 1425 781 1478 ut
803 1418 976 1496 plerumque
1009 1437 1147 1480 serenum
1178 1427 1209 1481 et
1241 1419 1433 1499 tranquillum
1462 1418 1503 1480 sit
1525 1427 1614 1493 tunc3
1649 1419 1691 1480 sic

335 1509 426 1574 etiam
445 1508 502 1567 bae
517 1505 701 1573 harmoniae,
725 1505 892 1567 incidentes
907 1507 998 1568 certis
1013 1507 1181 1581 momentis,
1208 1507 1320 1587 aliquid
1341 1509 1369 1569 in
1386 1508 1496 1568 muodo
1517 1515 1689 1568 causentur.

425 1593 618 1657 Amicissime
642 1593 766 1668 Tancki,
791 1594 861 1655 boni
877 1597 1017 1656 consulas
1032 1596 1199 1658 discursum
1221 1597 1312 1658 istum
1331 1614 1422 1675 super
1434 1596 1604 1658 Reinbardi
1619 1613 1690 1675 spe-

335 1685 496 1746 culatione.
543 1683 644 1744 Prima
667 1683 742 1744 baec
765 1684 865 1762 opella
891 1692 948 1755 est,
972 1702 1049 1764 quae
1073 1703 1119 1745 me
1144 1685 1304 1763 astrepitn
1323 1684 1450 1764 nuptiali
1474 1685 1634 1746 revocavit
1653 1684 1692 1744 ad

335 1776 505 1846 Musarum,
537 1771 596 1832 imo
621 1769 797 1833 Gratiarum
830 1791 928 1836 saera.
975 1773 1086 1835 Martis
1115 1774 1194 1834 enirn
1222 1774 1312 1834 lituos
1341 1791 1398 1834 uon
1428 1793 1514 1849 curo,
1549 1773 1623 1855 quia
1646 1791 1691 1834 me

336 1863 464 1924 nondum
490 1861 628 1922 attinent.
1110 1923 1115 1933 ι

424 1950 559 2012 Libellos
574 1966 656 2009 meos
680 1948 802 2022 excude,
827 1955 862 2010 ut
884 1949 941 2010 vis.
986 1949 1077 2011 Mitte
1092 1949 1231 2029 pagellas
1248 1949 1430 2012 successive.
1478 1950 1569 2011 Vale.
1614 1951 1690 2012 Pro·

335 2041 414 2102 xime
438 2039 564 2100 movebo
588 2037 691 2115 aliqua
713 2037 839 2110 medica,
864 2055 922 2098 non
946 2055 1017 2098 vero
1042 2057 1080 2100 ex
1104 2037 1231 2114 Galcno,
1252 2039 1311 2101 sed
1335 2058 1374 2100 ex
1397 2057 1455 2119 me.

425 2127 544 2204 Progne
569 2124 597 2186 d.
626 2123 674 2186 12.
699 2125 775 2203 Maji
802 2121 895 2188 1608.

409 2216 522 2278 Apparet
544 2213 716 2277 epraemiss'u
734 2213 837 2276 Kepleri
855 2214 933 2262 literis
953 2219 978 2262 et
995 2214 1038 2270 iis,
1064 2227 1129 2280 quae
1147 2214 1263 2280 leguntur
1281 2229 1356 2278 supra
1375 2212 1410 2278 [p.
1433 2212 1509 2275 197).
1536 2217 1619 2278 ipsum
1636 2214 1693 2264 inde

337 2289 369 2337 ab
388 2301 453 2336 anno
475 2282 543 2333 1600
561 2286 714 2348 proposuisse
733 2285 778 2333 sibi
798 2285 1002 2335 conscribendum
1020 2285 1109 2334 librum
1126 2283 1203 2344 illum,
1223 2301 1295 2350 quem
1310 2301 1375 2336 aune
1389 2286 1487 2334 demum
1505 2283 1583 2335 1819.
1604 2286 1693 2349 publici

335 2360 397 2421 juris
416 2357 488 2415 lecit,
519 2354 701 2413 „Harmonicen
720 2353 833 2411 Mundi“,
854 2364 891 2412 et,
911 2355 1068 2420 Pythagorae
1087 2365 1199 2405 secutum
1217 2356 1444 2420 philosophemata,
1471 2363 1554 2406 motus
1574 2357 1694 2406 coelestes

339 2441 482 2491 comparare
500 2437 627 2490 nunquam
649 2425 749 2474 desiisse
773 2439 828 2474 cum
847 2430 954 2476 numeris
972 2427 1119 2476 harmonicis
1138 2429 1252 2490 senisque
1270 2427 1442 2484 musicalibus,
1468 2441 1566 2491 semper
1585 2429 1694 2477 innixum

339 2498 546 2552 theorematibus,
566 2509 629 2559 quae
648 2497 673 2545 in
695 2495 858 2553 „Predrome“
877 2499 1011 2560 proposuit.
1049 2497 1165 2547 Ceterum
1189 2498 1236 2546 boc
1257 2499 1311 2547 loco
1334 2499 1407 2547 verbe
1433 2503 1531 2548 tantum
1555 2498 1621 2548 baec
1644 2511 1694 2545 mo·

340 2571 423 2620 nuisse
442 2575 483 2617 sat
502 2574 547 2623 est.
566 2567 674 2630 pluribus
692 2568 718 2616 iu
738 2569 891 2630 praefatione
911 2569 944 2618 ad
958 2568 1151 2626 „Harmoniam“
1172 2569 1202 2618 da
1215 2568 1252 2618 his
1271 2569 1396 2634 agendum
1409 2571 1462 2620 erit
1501 2569 1559 2630 Qua
1587 2583 1648 2618 usos
1665 2569 1696 2618 ιιι

340 2643 435 2691 ratione
454 2638 653 2688 Reinhardus
678 2639 704 2686 in
730 2639 848 2688 divisione
873 2639 1045 2701 monochordi,
1071 2655 1128 2689 cum
1156 2655 1206 2690 nen
1234 2643 1365 2706 contigerit
1392 2642 1461 2690 nobis
1480 2643 1605 2704 inspicere
1630 2641 1693 2690 illius

242 2766 244 2778 Ι
338 2713 434 2767 librum,
454 2711 586 2766 nescimus,
606 2723 685 2772 neque
705 2709 772 2758 aliud
791 2709 821 2757 da
841 2717 941 2758 auctore
961 2709 1048 2759 afferre
1067 2725 1204 2773 possumus,
1223 2727 1297 2774 quam
1315 2727 1416 2760 munere
1435 2711 1548 2760 iunctum
1565 2727 1622 2762 esse
1635 2727 1695 2761 cau·

340 2784 398 2832 toria
418 2783 442 2830 in
462 2779 729 2844 oppideSchneeberg.
766 2780 858 2829 Eodem
885 2782 992 2829 cantoris
1015 2795 1116 2831 munere
1144 2781 1294 2846 fungebatur
1312 2779 1426 2832 Sethus
1447 2781 1611 2832 Calvisius
1630 2779 1695 2844 (nat.

341 2849 410 2902 teet
428 2852 561 2907 Forslebii,
589 2865 655 2915 page
674 2848 851 2915 Thuringiae),
877 2853 943 2915 prius
961 2851 1068 2908 Portae,
1094 2853 1198 2916 posthac
1217 2853 1325 2915 Lipsiae.
1363 2853 1416 2902 Ille,
1436 2867 1493 2902 vero
1518 2868 1570 2902 nou
1598 2859 1697 2902 ιιιιιιι

339 2925 438 2975 musicis
457 2939 484 2973 se
503 2922 580 2980 dedit,
599 2922 644 2972 sed
663 2923 838 2972 astronomiam
858 2937 953 2986 quoque
973 2929 998 2972 et
1016 2923 1199 2989 chronologiam
1212 2923 1320 2980 colebat,
1339 2931 1365 2974 at
1378 2923 1456 2974 debis
1469 2924 1606 2988 disciplinis
1618 2925 1699 2974 multa

341 3012 386 3060 per
398 2997 483 3044 literas
503 2995 555 3059 egit
574 3009 630 3044 oum
648 2993 700 3043 ιιι.
720 2992 857 3058 Scaligero,
876 2993 985 3056 Keplere
1005 2999 1031 3042 ιι
1050 2995 1117 3052 aliis,
1147 3010 1255 3059 opusque
1274 2995 1352 3044 edidit
1372 2994 1698 3060 chronologicuma

341 3066 518 3130 posterioribus
537 3066 631 3128 passim
648 3064 785 3112 laudatum.
823 3063 852 3111 In
872 3063 1049 3129 chronologicis
1059 3080 1107 3114 non
1126 3065 1201 3130 plana
1220 3067 1344 3116 consentit
1362 3081 1418 3116 cum
1436 3065 1561 3128 Keplere,
1592 3081 1698 3130 quocum

339 3139 436 3202 publice
463 3152 508 3200 per
527 3137 612 3185 literas
632 3135 766 3198 disputavit
786 3133 833 3194 „de
853 3148 918 3184 anne
936 3136 1073 3184 nativitatis
1088 3135 1204 3194 Christi“,
1222 3141 1333 3200 'eamque
1352 3139 1382 3186 ob
1402 3151 1504 3186 causam
1531 3138 1643 3200 pluribus
1662 3137 1697 3186 di·

343 3209 436 3258 cendus
462 3209 508 3257 erit
532 3209 559 3255 ιιι
582 3206 649 3256 libris
667 3205 769 3268 Kepleri
788 3206 973 3270 chronologicis.
1011 3205 1079 3267 Ques
1103 3208 1163 3257 dicit
1181 3207 1304 3271 Keplerus
1323 3207 1368 3272 (μ’
1380 3205 1443 3269 379)
1464 3223 1597 3267 ,numeros
1617 3208 1698 3257 Calvi-

338 3278 448 3328 sianos“:
468 3279 485 3326 ii
502 3279 588 3326 insunt
605 3278 667 3326 forte
686 3277 767 3326 libelle
778 3277 877 3328 Calvisii
894 3278 1027 3339 inscripto:
1049 3278 1217 3335 „Exercitatio
1235 3279 1357 3336 musica“,
1376 3293 1449 3344 quem
1466 3280 1533 3341 typis
1551 3281 1699 3344 impressum

341 3351 402 3400 dicit
420 3349 563 3399 Jeecherus.
583 3345 720 3409 (Mortuum
746 3347 879 3398 Calvisium
902 3349 1005 3397 nunciet
1023 3349 1132 3413 Keplero
1150 3349 1217 3400 Petr.
1238 3348 1424 3415 Criigerusbia
1443 3351 1536 3406 uerbis:
1563 3349 1699 3400 Calvisium

340 3435 426 3469 mense
445 3419 577 3468 Novembri
597 3415 688 3480 [1615]
709 3420 828 3468 decidisse
847 3417 966 3480 nostin'i)
987 3443 1019 3454 -

410 3491 456 3540 His
474 3490 614 3552 praemissis
633 3491 745 3538 addimus
764 3490 811 3538 duo
832 3489 987 3549 „themata“,
1008 3489 1112 3540 alterurn
1131 3487 1223 3539 Medici
1243 3491 1379 3552 cuiusdam,
1400 3493 1425 3541 in
1443 3507 1490 3557 quo
1509 3507 1561 3541 rem
1574 3493 1699 3557 Keplerus

342 3567 437 3612 tractat
448 3563 507 3624 joca
526 3561 594 3608 scriis
613 3562 733 3619 miscens,
753 3561 857 3610 alterum
875 3561 1114 3617 Wallenstenii,
1134 3561 1199 3625 qued
1216 3576 1291 3624 supra
1309 3563 1395 3626 paucis
1415 3563 1527 3612 diximus.

430 3632 475 3695 Ol.
503 3632 540 3692 D.
565 3630 689 3693 Ductor.
736 3633 805 3692 Etsi
828 3633 900 3694 mihi
924 3651 957 3693 es
982 3632 1018 3693 de
1043 3632 1119 3693 faeie
1144 3633 1283 3712 ignotus,
1319 3633 1573 3711 ἀποσπασμαιιιι
1596 3642 1698 3696 tamen

342 3733 460 3784 tuarum
484 3721 639 3782 literarum
664 3721 702 3781 ad
727 3740 773 3781 me
797 3721 921 3783 missurn
945 3721 1151 3794 childerico,
1177 3723 1273 3783 amico
1298 3732 1359 3798 tuo,
1385 3724 1421 3785 de
1446 3725 1507 3786 tuis
1531 3723 1699 3801 postulatis

340 3831 387 3872 me
411 3809 569 3871 certiorem
594 3809 733 3884 reddidit,
759 3829 864 3890 meque
888 3809 1020 3871 vicissim
1045 3810 1202 3889 permovit,
1227 3817 1262 3872 ut
1285 3812 1323 3873 ad
1350 3821 1381 3885 te
1405 3812 1581 3874 scriberem.
1621 3812 1698 3873 Petu

342 3910 443 3960 autem
468 3898 523 3960 abs
547 3906 587 3972 te,
612 3905 647 3958 ut
670 3897 698 3958 in
723 3916 770 3959 me
794 3898 875 3959 feras
899 3917 965 3960 sam
992 3898 1172 3974 libertatern,
1200 3917 1288 3980 quam
1312 3901 1341 3962 ιι
1358 3909 1389 3963 ιι
1414 3902 1514 3964 lerunt
1538 3901 1625 3980 aegri
1645 3899 1698 3962 tui.

342 3987 484 4068 Epistola
507 3995 560 4047 tua
583 3986 673 4066 plena
698 3995 746 4048 est
770 3986 1005 4067 superstitionis.
1054 3985 1141 4058 Quod
1168 3989 1369 4051 valetudinem
1399 3990 1526 4064 attinet,
1563 3990 1611 4051 ita
1634 3997 1698 4050 est:

345 4087 495 4138 astrorum
520 4095 611 4137 causa
634 4076 721 4138 bomo
746 4075 906 4157 aliquando
931 4076 1034 4138 multis
1060 4084 1187 4139 vexatur
1210 4077 1419 4154 incommodis,
1446 4079 1514 4158 ipsa
1537 4087 1641 4140 tamen
1666 4096 1699 4140 se

342 4165 427 4245 ipsis,
453 4163 497 4225 uti
521 4184 579 4225 non
604 4166 671 4226 sola
694 4173 860 4244 genuerunt
883 4166 1015 4240 morbos,
1039 4165 1084 4227 ita
1107 4167 1174 4227 sola
1197 4165 1374 4228 medicinam
1389 4173 1551 4249 praestant
1574 4169 1698 4230 nullam.

341 4255 435 4317 Utere
462 4261 614 4327 artatus,
640 4254 755 4332 corrige
780 4254 928 4328 diaetam,
953 4255 1042 4316 animi
1068 4255 1319 4334 tranquillitatem
1343 4255 1558 4336 complectere,
1585 4265 1619 4319 et
1642 4257 1699 4320 im-

344 4341 449 4424 primis
472 4341 569 4403 Deum
593 4342 695 4419 placa:
729 4361 782 4420 per
806 4341 862 4404 has
886 4344 966 4405 enim
989 4351 1200 4406 concurrentes
1224 4363 1348 4419 causas,
1382 4364 1458 4425 quae
1482 4347 1604 4424 positae
1629 4354 1700 4408 sunt

345 4435 374 4494 in
399 4440 451 4494 tuo
476 4429 610 4503 arbitrio,
635 4431 678 4506 fit,
703 4439 737 4492 ut
759 4431 961 4494 incertissima
984 4432 1025 4493 sit
1050 4433 1141 4494 etiarn
1156 4433 1341 4496 valetudinis
1356 4435 1534 4513 praedictio.
1581 4436 1630 4497 De
1646 4436 1699 4498 lite

341 4540 413 4584 uero
448 4529 519 4582 tuae
553 4538 607 4580 seu
638 4519 856 4594 ,assertionis“
893 4541 946 4582 seu
980 4521 1189 4596 „affectionis“
1215 4523 1333 4602 (legere
1368 4531 1421 4585 aut
1454 4523 1607 4602 conjicere
1640 4543 1698 4586 oon

341 4611 440 4691 potui)
464 4608 675 4690 pronunciare,
702 4607 917 4670 alienissimum
941 4617 990 4671 est
1013 4629 1031 4670 a
1055 4620 1172 4672 natura.
1220 4610 1429 4693 Symtomata,
1454 4629 1531 4690 quae
1555 4631 1697 4675 recenses

342 4709 376 4762 ut
398 4699 547 4772 medicus,
578 4697 655 4760 bene
681 4697 841 4772 aestimas3
865 4713 933 4760 esse
956 4699 1174 4762 melancholiae
1198 4700 1345 4775 sobolem,
1376 4708 1410 4762 ut
1434 4719 1540 4778 aeger,
1569 4699 1697 4765 falleris.

342 4786 399 4850 Illa
423 4789 500 4850 enirn
523 4786 655 4849 bestiola
683 4793 732 4848 est
754 4787 874 4860 soboles
898 4788 1135 4882 imaginationis,
1167 4789 1271 4852 laesae
1301 4810 1319 4850 a
1346 4789 1549 4850 melancholia
1577 4793 1699 4872 atejus
