3542 5528
707 305 867 358 Prooemium.
1418 303 1462 372 45

97 471 163 510 raram
180 459 305 528 'subiuga
333 463 371 516 ad
398 479 427 514 se
456 463 570 520 datarum
592 465 617 514 in
636 463 744 516 Dauiam
766 467 826 516 mihi
849 468 999 524 transmisit,
1028 466 1114 531 quibas
1137 465 1302 528 pollicebaris,
1331 471 1357 514 te
1381 466 1468 518 librata

93 543 193 594 uacuum
206 533 238 582 de
249 533 369 586 Cometa
382 551 409 586 a.
425 534 461 584 77
475 535 520 584 tibi
533 537 564 584 ab
577 535 662 586 eodem
675 540 882 589 communicatum
895 533 1024 604 diligenter
1040 537 1210 600 perlectorum,
1230 545 1346 601 tuamque
1364 537 1395 588 de
1415 541 1467 600 ejus

99 606 208 654 contentis
227 609 397 657 sententiam
416 607 620 670 conscripturum,
640 614 714 671 atque
733 625 828 659 mecum
848 611 879 660 de
898 611 927 660 iis
945 624 989 674 per
1006 609 1090 658 literas
1108 609 1260 662 collaturam.
1281 622 1341 671 quas
1360 615 1385 658 te
1398 607 1466 658 lilar-

100 674 191 740 purgum
219 677 255 726 ad
283 679 400 728 eundem
426 681 527 728 mittere
552 677 687 729 decrevisse
711 681 744 729 ad
767 695 806 730 me
830 689 918 745 postea
935 681 1101 745 procurandas
1119 681 1226 728 innuisti.
1243 673 1276 740 ¹³)
1313 679 1348 728 st
1367 695 1412 744 ego
1430 686 1468 728 tot

100 747 229 812 interlapsis
249 752 328 799 annis
348 764 434 814 neque
454 749 503 799 hac
521 749 551 798 de
571 764 595 800 re
615 757 659 799 aut
685 753 800 816 quapiam
829 753 880 802 alie
903 753 1027 818 negotium
1052 752 1255 810 astronomicum,
1281 764 1328 814 quo
1354 752 1468 814 utrinque

102 817 219 878 afficimur,
238 829 418 872 concernente
437 837 471 871 rte
494 820 617 870 verbulum
636 821 734 886 quidem
755 831 809 873 ate
822 825 915 887 accepi,
935 825 985 872 sire
998 825 1096 886 scripto,
1116 823 1169 871 sive
1188 822 1290 871 aliorum
1307 821 1468 879 iudicatione,

103 893 138 954 qai
153 892 398 943 isthinesenientes
416 907 459 942 me
477 891 633 958 Uranibargi,
652 893 710 942 dum
728 893 808 944 adhuc
826 896 851 944 in
869 896 951 959 patria
969 885 1092 959 degerem,
1110 894 1251 943 inviserant.
1282 891 1467 962 Existimassem

106 963 208 1027 equidem
225 970 254 1012 te
274 965 307 1014 ob
327 965 475 1014 communia
493 961 562 1031 nobis
585 964 668 1014 studia
689 966 819 1029 scriptione
846 966 929 1030 aliqua
946 967 1033 1016 saltem
1052 973 1090 1015 tot
1106 965 1308 1014 interlabentibus
1327 967 1398 1013 annis
1417 979 1466 1014 non

106 1048 305 1098 supersuturam,
325 1036 476 1100 praesertim
489 1049 544 1084 cum
560 1035 585 1084 id
603 1035 725 1084 iacturum
743 1043 830 1100 sponte
848 1040 873 1088 in
891 1046 917 1086 te
935 1039 1064 1101 receperis.
1095 1035 1134 1086 Ne
1153 1051 1208 1085 vero
1227 1051 1273 1100 ego
1293 1036 1323 1084 ob
1340 1035 1365 1084 id
1384 1043 1467 1084 tecum

108 1121 145 1170 per
161 1107 253 1162 literas,
273 1107 399 1172 siquidem
418 1107 491 1156 aliter
503 1122 551 1155 uon
565 1107 646 1164 liceat,
665 1108 858 1158 familiaritatem
877 1109 1037 1158 contrahendi
1057 1122 1154 1157 omnem
1173 1109 1327 1156 occasionem
1345 1109 1466 1172 respuisse

109 1178 192 1234 videar,
210 1179 277 1243 qued
296 1179 329 1228 ab
348 1179 506 1228 humanitate
526 1185 552 1227 ιι
570 1179 708 1235 exercitiis,
727 1181 813 1244 quibus
833 1181 990 1236 delectamur,
1010 1179 1187 1228 sublimioribus
1205 1178 1313 1227 alienum
1330 1177 1406 1227 ioret:
1435 1192 1466 1244 en

108 1265 167 1299 uuae
183 1252 317 1313 praevenio
337 1257 364 1300 et
384 1250 417 1298 ad
436 1247 591 1298 scribendum
609 1250 853 1316 respondendumque
871 1251 934 1301 altro
953 1259 978 1301 te
1003 1253 1094 1300 inrito:
1119 1250 1181 1299 data
1199 1250 1312 1298 nimirum
1329 1249 1377 1299 hac
1396 1262 1466 1298 com·

108 1321 216 1374 nodare,
236 1335 288 1385 qua
306 1336 374 1372 nunc
393 1321 467 1378 fruor,
488 1322 680 1384 opportunitate,
699 1337 773 1386 quam
793 1331 869 1372 antea
885 1325 912 1372 in
925 1322 1023 1378 Dania,
1037 1337 1067 1372 er
1086 1337 1132 1386 quo
1150 1323 1176 1370 in
1195 1335 1252 1370 arce
1271 1320 1377 1384 quadam
1396 1318 1465 1369 Ran-

108 1394 206 1442 roviaua
224 1392 326 1440 dimidio
345 1391 436 1442 saltem
455 1392 551 1440 milliari
569 1392 711 1458 Hamburgo
737 1403 832 1445 remota
857 1409 923 1444 uuus
946 1394 1070 1450 habitem,
1096 1393 1161 1445 unde
1184 1393 1210 1441 in
1233 1393 1302 1442 varia
1320 1407 1369 1441 uon
1388 1391 1466 1440 solum

109 1463 250 1513 Germaniae
269 1464 315 1514 sed
332 1464 410 1512 totius
428 1477 493 1526 pene
512 1461 624 1527 Europae
640 1463 698 1534 loca
717 1466 801 1516 creber
820 1473 845 1515 et
863 1465 1003 1517 commodus
1022 1465 1095 1514 datur
1106 1465 1225 1514 nuncius.
1262 1462 1288 1512 Si
1306 1465 1389 1527 itaque
1408 1462 1466 1526 quid

108 1533 187 1592 habes,
206 1535 237 1584 de
255 1551 304 1600 quo
322 1549 421 1584 mecum
439 1535 466 1582 in
483 1536 555 1584 rebus
574 1536 751 1594 astronomicis,
771 1539 821 1587 sire
834 1538 980 1591 cometlcum
992 1536 1053 1586 illud
1065 1538 1200 1602 negotium,
1220 1537 1270 1584 sive
1285 1534 1379 1598 quidvis
1399 1532 1465 1583 aliud

108 1616 244 1664 concernat,
265 1608 377 1656 conterre
396 1606 502 1663 libuerit,
520 1607 631 1656 invenies
649 1621 688 1656 me
706 1623 748 1671 pro
767 1624 822 1658 meo
840 1608 938 1658 modario
957 1615 982 1657 et
1000 1614 1121 1672 quantum
1137 1607 1257 1660 hacteuus
1276 1607 1302 1656 in
1320 1607 1349 1654 iis
1363 1607 1465 1670 'assequi

108 1677 173 1728 hcait
190 1678 222 1727 ad
240 1677 442 1741 respondendum
460 1691 509 1726 non
528 1675 658 1727 difficilem.

172 1750 284 1798 Allatam
302 1749 362 1797 rnihi
380 1763 459 1822 nuper
476 1755 514 1798 est
533 1749 653 1798 eruditum
671 1749 794 1815 quoddam
811 1751 928 1814 scriptum
943 1749 1113 1800 mathematici
1126 1749 1268 1804 excellentis
1280 1747 1305 1798 J.
1318 1745 1464 1811 Keplerii

108 1819 256 1883 eStyria,
283 1821 309 1894 in
332 1834 379 1885 quo
406 1819 568 1870 revolutiones
592 1821 749 1884 planetarum
767 1823 903 1871 secundum
920 1823 1023 1871 formam
1043 1819 1236 1886 Cepernicaeam
1255 1820 1286 1869 ad
1306 1815 1321 1867 5
1341 1818 1465 1884 regularia

107 1905 206 1956 terpora
223 1893 366 1941 harmonice
385 1892 497 1956 redigere
514 1893 644 1956 ingeniosa
662 1906 723 1943 sane
741 1894 910 1957 speculatione
929 1901 1046 1952 conatur,
1070 1907 1120 1958 qua
1144 1893 1218 1942 etiam
1244 1891 1275 1940 de
1291 1906 1318 1940 re
1336 1905 1413 1954 nuper
1431 1889 1464 1940 ad

107 1979 144 2013 rue
161 1965 316 2028 perscripsit,
343 1977 422 2026 eoque
446 1964 482 2012 illi
505 1969 624 2026 quantum
648 1977 706 2027 prae
725 1956 913 2028 occupationum
932 1965 995 2014 mole
1013 1965 1083 2014 licuit
1100 1977 1182 2013 meam
1199 1964 1306 2014 vicissim
1324 1961 1354 2012 de
1374 1961 1464 2011 talibus

107 2037 190 2099 aperui
208 2036 375 2092 seutentiam
395 2035 466 2084 rideo
486 2042 568 2104 autern
587 2043 614 2084 te
631 2036 658 2083 in
678 2035 763 2085 eodem
782 2036 841 2086 libro
861 2036 891 2086 de
909 2035 1038 2100 hypothesi
1055 2035 1151 2087 anobis
1165 2040 1223 2084 aute
1237 2049 1315 2084 anuos
1328 2033 1463 2096 complures

107 2108 238 2156 adinventa
256 2105 377 2156 nonnulla
395 2109 466 2171 quasi
485 2105 626 2155 dubitanter
645 2106 749 2162 adferre,
770 2122 825 2156 curu
843 2109 979 2172 promiscue
993 2122 1048 2156 eam
1061 2108 1135 2156 etiam
1150 2106 1204 2155 aliis
1216 2107 1319 2161 tribuas,
1337 2104 1463 2170 plagiariis

106 2179 167 2227 iorts
184 2180 246 2228 meis
263 2179 366 2226 nimiam
385 2177 537 2235 auscultans,
557 2184 609 2226 tum
628 2193 723 2242 qaoque
741 2178 813 2242 plura
825 2179 855 2230 de
869 2179 956 2228 eadem
969 2179 1084 2236 inserens,
1103 2192 1166 2243 quae
1185 2179 1204 2226 si
1225 2176 1402 2228 consideratius
1421 2191 1461 2226 ex·

105 2251 246 2312 pendisses,
274 2254 301 2298 et
327 2251 479 2298 senteutiam
503 2257 613 2298 nostram
636 2255 710 2312 atque
735 2264 819 2299 omnes
844 2251 985 2300 occasiones
1003 2250 1075 2311 hujus
1093 2249 1256 2313 hypotheseos
1275 2248 1464 2299 constituendae

106 2321 263 2386 undiquaque
281 2327 424 2383 perspectas
448 2320 586 2374 habuisses,
611 2318 815 2373 haesitationibus
839 2321 988 2384 ejuscemodi
1010 2322 1072 2372 sorte
1091 2321 1276 2384 supersedisses.
1313 2321 1389 2384 Atqui
1407 2334 1462 2384 ego,

105 2394 125 2440 si
143 2393 189 2442 tibi
206 2392 265 2456 quid
282 2391 308 2442 iu
326 2391 375 2441 hac
393 2392 533 2441 inventione
551 2390 658 2454 scrupuli
676 2399 760 2452 restet,
780 2392 804 2441 id
824 2407 936 2442 amovere
949 2400 1023 2457 atque
1035 2393 1141 2457 penitius
1154 2405 1204 2442 reus
1219 2407 1316 2441 omnem
1329 2389 1463 2454 explanare

105 2471 205 2526 paratus
223 2479 290 2522 sum,
310 2463 471 2527 quodetiam
489 2478 526 2512 res
544 2463 599 2527 ipsa
617 2463 726 2522 docebit,
752 2464 794 2512 abi
812 2464 967 2528 planetarum
994 2471 1074 2514 motas
1100 2464 1132 2514 ad
1156 2478 1211 2517 eam
1229 2477 1340 2513 normam
1359 2475 1376 2512 ι
1393 2463 1462 2514 nobis

105 2535 166 2584 adeo
185 2543 302 2584 accurate
320 2549 442 2598 expansos
460 2535 618 2598 cognoveris,
644 2540 672 2582 ut
690 2533 750 2584 uilril
768 2535 813 2594 sit,
838 2535 902 2599 quod
919 2550 1006 2586 seusus
1025 2535 1128 2598 amplius
1152 2536 1289 2599 requirant.
1316 2539 1373 2583 utut
1390 2540 1419 2584 tu
1436 2535 1462 2584 in

105 2607 191 2656 melem
208 2607 289 2656 libello
308 2605 339 2654 de
359 2608 524 2656 astronomiae
542 2606 692 2656 comestione
710 2621 760 2656 non
782 2606 860 2656 solum
882 2607 993 2657 dubitare
1012 2606 1056 2656 sed
1069 2613 1094 2657 et
1108 2608 1216 2656 animum
1229 2606 1336 2668 abjicere
1349 2605 1460 2665 videaris,

104 2677 163 2726 licet
183 2685 260 2728 ιιιιι
278 2677 351 2726 aliter
370 2691 439 2740 spem
457 2677 551 2728 leceris.
592 2676 619 2726 Si
638 2678 669 2726 ab
689 2678 808 2727 anteriore
836 2693 880 2742 per
897 2692 1000 2742 corpora
1017 2679 1066 2728 ista
1083 2678 1208 2744 regularia
1225 2677 1376 2727 dimensione
1394 2677 1463 2727 iacta

105 2763 135 2798 ea
153 2749 307 2798 restituenda
325 2750 372 2798 erit
390 2749 469 2811 potius
488 2763 561 2813 quam
580 2763 611 2798 ex
629 2751 752 2798 accuratis
772 2749 982 2799 observationibus
1001 2765 1018 2800 a
1036 2750 1162 2814 posteriori
1179 2751 1281 2804 sumtis,
1310 2747 1384 2798 veluti
1401 2747 1460 2796 insi·

105 2835 176 2877 naas,
186 2822 269 2884 utique
278 2820 352 2869 nimis
362 2819 411 2879 dia,
423 2821 444 2868 si
453 2835 502 2870 nou
511 2835 607 2883 prorsus
617 2821 795 2883 inperpetuum
805 2821 897 2871 frustra
906 2822 1097 2884 expectabimus,
1107 2827 1239 2884 antequam
1249 2819 1299 2868 tale
1308 2818 1366 2883 quid
1377 2833 1393 2868 a
1402 2833 1461 2882 quo·
1525 2821 1528 2836 '

105 2905 178 2954 quam
195 2893 317 2955 praestari
334 2891 432 2955 poterit.
470 2890 531 2940 Cum
550 2897 576 2940 et
593 2892 693 2941 istorum
712 2893 859 2956 regularium
878 2906 1003 2956 corporum
1022 2892 1178 2941 dimensionis
1198 2889 1336 2953 explicatio,
1355 2890 1375 2938 sl
1394 2891 1460 2939 omni
1549 2895 1553 2908 ¹

105 2977 134 3011 ex
152 2971 222 3026 parte
241 2962 397 3012 admittenda
415 2962 485 3018 toret,
505 2963 712 3012 observationibus
726 2964 930 3014 antecedentibus
942 2965 987 3012 niti
1000 2970 1025 3012 et
1038 2961 1188 3026 comprobari
1201 2962 1300 3018 debeat,
1320 2975 1366 3010 uec
1385 2961 1461 3010 etism

104 3035 261 3096 particularia
279 3048 391 3098 quaeqae
409 3041 507 3097 praeter
525 3035 678 3100 generaliora
700 3034 744 3083 illa
765 3042 890 3099 uteunque
913 3049 940 3084 se
963 3034 1081 3084 habentia
1101 3033 1159 3082 hinc
1185 3048 1228 3087 ea,
1256 3046 1304 3096 qua
1332 3047 1392 3096 opus
1412 3039 1459 3090 est,

14 3123 17 3134 ·
105 3107 255 3167 praecisione
274 3107 377 3154 derivari
396 3112 505 3168 possunt,
525 3105 590 3169 quod
608 3113 633 3154 te
651 3121 700 3155 non
718 3106 796 3156 latere
815 3107 925 3156 arbitror.
954 3105 1040 3170 Neque
1054 3107 1128 3154 etiam
1146 3104 1226 3154 adhuc
1244 3105 1305 3153 satis
1324 3105 1459 3171 extricatus

105 3187 162 3225 arnt
180 3177 335 3243 planetarum
351 3176 467 3226 biformes
479 3177 678 3244 iqaequalitates,
697 3191 757 3240 quas
771 3177 859 3242 duplici
874 3179 1011 3228 excentrica
1024 3177 1063 3226 vel
1075 3176 1172 3227 circello
1187 3181 1313 3234 excusant,
1333 3177 1460 3240 ignoratur

105 3250 170 3298 euim
185 3253 254 3310 justa
270 3249 359 3298 haram
376 3249 512 3312 proportio,¹
526 3255 555 3298 ιιι
573 3249 604 3298 do
622 3249 741 3314 apogaeis
759 3264 809 3299 non
827 3249 909 3298 dicam
925 3249 999 3315 longe
1017 3249 1089 3298 aliter
1107 3263 1133 3298 se
1145 3249 1301 3304 habentibus,
1320 3261 1393 3312 quam
1412 3247 1460 3296 lert

105 3335 152 3369 noa
171 3321 248 3370 solam
266 3319 421 3383 Alpbonsina
438 3321 482 3368 sed
502 3321 577 3370 etiam
597 3317 750 3384 Cupernicea
767 3322 930 3370 ratiocinatio.
969 3319 1129 3380 Quinetiam
1148 3333 1233 3370 ιιιιιι
1249 3317 1293 3368 illa
1310 3318 1459 3368 diversitatis

106 3392 203 3442 evidens
221 3393 353 3441 insinuatio
372 3406 419 3442 nec
433 3390 490 3440 dum
502 3393 563 3440 satis
577 3398 704 3455 comperta
715 3400 761 3448 est,
780 3393 817 3440 ita
828 3400 857 3440 ιιι
868 3392 1030 3457 undequaque
1043 3393 1092 3442 suis
1110 3391 1216 3441 numeris
1229 3381 1340 3439 absolute
1354 3395 1457 3445 constet,

106 3470 132 3510 at
149 3464 180 3512 ab
198 3464 222 3512 id
241 3479 255 3513 e
275 3462 432 3526 Coperuiceis
452 3464 644 3527 proportionibus
663 3462 806 3513 circulorum
823 3463 887 3513 haec
906 3478 951 3520 ea,
978 3478 1027 3528 qua
1051 3465 1192 3527 requiritur,
1214 3461 1350 3511 subtilitate
1377 3461 1459 3512 rimmi

106 3535 194 3583 larium
211 3535 258 3592 sit;
286 3547 334 3598 qua
352 3535 429 3584 etiam
447 3535 478 3585 de
496 3550 523 3585 re
541 3534 729 3586 eruditissimum
746 3533 881 3598 Keplerum
898 3551 942 3599 per
958 3534 1044 3584 literas
1062 3535 1192 3592 admonui,
1217 3539 1242 3583 ιι
1259 3533 1285 3582 iu
1303 3531 1399 3591 hiante,
1417 3533 1458 3582 abi

105 3603 151 3654 hae
171 3605 323 3656 differentiae
341 3607 421 3670 magis
439 3611 497 3654 rant
514 3607 655 3664 sensibiles,
679 3605 815 3670 exemplum
840 3607 954 3656 indicari.
990 3605 1083 3656 Veram
1101 3606 1131 3656 de
1149 3606 1187 3656 his
1206 3605 1368 3655 absimilibus
1386 3605 1459 3654 airuis

106 3678 221 3738 prolixum
239 3679 302 3727 toret
319 3677 360 3726 hic
378 3678 477 3742 singula
494 3679 600 3742 exsequi.

175 3748 221 3800 Ubi
239 3763 314 3813 opera
332 3763 390 3798 mea
409 3751 573 3798 astronomica
590 3751 670 3800 lucem
688 3749 812 3812 publicam
830 3748 942 3806 viderint,
961 3747 1025 3813 quod
1042 3763 1108 3798 nuuc
1124 3747 1222 3812 magnis
1240 3746 1329 3794 viribus
1348 3761 1395 3797 nec
1413 3747 1457 3797 mi·

107 3821 200 3871 noribus
218 3836 292 3885 quarn
311 3828 388 3870 antea
406 3821 432 3870 in
449 3822 531 3883 patria
542 3835 629 3885 urgeo,
645 3822 786 3885 perspicies,
805 3821 841 3869 uti
854 3835 934 3884 spero,
950 3835 1004 3870 rem
1023 3822 1214 3874 astronomicam
1232 3818 1303 3868 aliter
1320 3832 1395 3881 quam
1413 3833 1457 3882 pu-

108 3897 172 3940 tatur
189 3893 350 3956 redintegrari
369 3907 450 3954 posse,
469 3898 495 3942 ιι
513 3907 553 3941 me
571 3908 621 3942 nun
639 3892 846 3942 contemnendam
863 3893 890 3941 irr
906 3906 937 3940 ea
950 3891 1044 3941 locasse
1057 3906 1169 3956 operam;
1189 3904 1264 3954 quare
1283 3889 1313 3938 de
1332 3888 1369 3938 his
1387 3889 1459 3954 plura

108 3977 169 4012 nunc
187 3979 235 4012 nou
254 3963 328 4013 addo.
366 3965 442 4014 aliud
459 3964 576 4028 quiddam
594 3971 644 4020 est,
671 3965 716 4014 etsi
739 3965 839 4012 minoris
862 3965 994 4023 momenti,
1019 3963 1084 4027 qaod
1106 3969 1190 4012 tamen
1217 3961 1249 4011 ad
1267 3963 1393 4025 negotium
1411 3962 1458 4011 hoc

109 4036 240 4085 omnimode
259 4035 442 4100 exsequendum
460 4050 511 4086 aon
530 4049 616 4098 parum
634 4035 758 4091 conducit,
777 4051 819 4099 pro
840 4050 871 4086 sa
884 4035 1006 4092 videlicet,
1025 4049 1100 4099 quarn
1117 4033 1306 4082 meridianorum
1324 4033 1414 4099 ingerit
1432 4035 1458 4082 ia

108 4107 204 4157 mtaado
223 4107 315 4174 Terrae
333 4107 408 4172 globo
426 4107 552 4176 alteratio,
576 4107 716 4158 diversitate
745 4105 849 4158 necdum
877 4107 938 4156 satis
957 4114 1074 4156 accurate
1092 4105 1234 4168 explorata,
1259 4103 1290 4154 de
1309 4119 1355 4168 quo
1374 4112 1456 4155 tecum

109 4191 177 4242 agere
203 4193 311 4230 arerem.
356 4177 383 4228 Si
406 4179 490 4244 itaque
514 4179 606 4243 aliquot
631 4179 746 4242 eclipses,
770 4179 914 4242 praesertim
939 4177 1063 4232 Lunares,
1089 4177 1161 4226 isthic
1184 4177 1306 4240 exquisita
1328 4175 1458 4242 diligentia

109 4253 238 4310 praeteritis
257 4253 332 4301 annis
351 4251 494 4310 observatas
511 4249 588 4300 habes
608 4247 650 4310 (de
668 4265 715 4314 qao
733 4265 783 4299 non
802 4247 910 4310 dubito),
937 4264 1021 4299 earam
1044 4255 1170 4298 momenta
1192 4262 1237 4311 per
1262 4248 1456 4298 observationum

110 4323 176 4370 edam
195 4323 397 4374 chcamstautias
421 4336 516 4372 mecum
539 4329 634 4372 mature
660 4323 826 4371 communices
851 4322 936 4378 veiim,
958 4317 1011 4384 'quo
1037 4318 1169 4369 collatione
1193 4320 1263 4369 iacta
1285 4334 1342 4370 cum
1361 4315 1394 4366 20
1413 4323 1457 4366 aut

108 4392 204 4454 pluribus
218 4395 306 4444 Lanae
320 4393 436 4457 deliquiis
455 4407 471 4442 ι
487 4409 527 4443 me
546 4409 595 4442 non
613 4395 698 4456 paucis
713 4395 766 4456 jam
784 4395 918 4443 transactis
936 4389 1007 4441 arinis
1026 4391 1156 4458 diligenter
1174 4389 1335 4440 consideratis
1353 4387 1455 4439 conferri

109 4474 198 4526 queant
224 4467 349 4516 Existimo
369 4465 437 4514 enim
454 4479 493 4514 me
512 4465 595 4530 aliqua
611 4467 676 4514 iuter
695 4479 733 4520 ea,
753 4479 816 4529 quae
836 4479 881 4530 ego
901 4463 1023 4521 denotari,
1042 4464 1204 4518 inventarum,
1224 4476 1288 4526 quae
1308 4462 1382 4510 etiam
1396 4471 1412 4504 a
1429 4461 1455 4504 te

108 4537 170 4588 isthic
187 4539 321 4589 observata
339 4543 411 4593 saut,
431 4543 504 4600 atque
521 4536 577 4587 hinc
595 4537 784 4586 meridianorum
803 4535 970 4598 intercapedo,
990 4540 1034 4584 ιιι
1053 4534 1085 4584 ad
1099 4534 1226 4582 minimam
1246 4532 1333 4581 ductus
1352 4527 1454 4584 alicujus

107 4611 222 4660 ueridiani
240 4626 287 4675 per
304 4616 379 4660 certa
398 4607 519 4672 quaedam
528 4609 676 4658 Germaniae
693 4608 751 4656 loca
767 4607 926 4672 pervestigari
944 4607 1041 4670 poterit,
1061 4603 1244 4669 praesupposito
1263 4603 1375 4670 nimirum
1393 4607 1453 4674 q¹¹.⁰‘

106 4679 154 4730 darn
179 4685 279 4750 cognito
305 4681 340 4731 ad
360 4681 484 4730 rationem
502 4695 568 4736 eam,
593 4693 666 4744 qaam
684 4677 842 4728 Ptolemaeus
861 4685 886 4728 et
905 4677 1053 4742 Cupernicus
1073 4679 1247 4737 assumserunt.
1285 4671 1339 4719 Hoc
1356 4667 1376 4714 si
1394 4662 1454 4744 malti

104 4757 242 4814 praestiteris
262 4754 360 4808 officii,
388 4765 441 4800 rem
458 4765 506 4801 uon
527 4752 604 4800 solum
629 4758 727 4817 gratam
756 4749 800 4800 sed
827 4751 903 4800 etiam
926 4748 1091 4798 astronomiae
1110 4743 1255 4810 promotioni
1274 4755 1323 4792 non
1341 4733 1454 4786 inutilem

104 4824 208 4878 timeris.
247 4827 323 4877 Idem
342 4837 444 4890 quoque
463 4824 526 4886 apud
544 4825 620 4881 ahos,
644 4829 763 4888 quotquot
785 4823 840 4872 aori
855 4820 1004 4894 coelestibus
1022 4815 1173 4883 appetentiis
1193 4811 1299 4860 fideliter
1316 4804 1453 4866 attendere,
