3586 5518
281 231 343 302 166
486 301 490 308 ,
794 233 906 299 ΝΜ
926 231 1125 300 &mmm

279 397 317 460 ab
340 397 377 460 iis
401 393 526 458 decedi.
571 392 779 457 Rheinholdus
803 392 922 474 quidem
945 393 974 456 in
998 393 1167 458 Pmteuicis
1191 393 1292 457 omnia
1313 390 1546 474 diligsmiesime
1570 391 1641 456 die·

276 485 388 568 posuit.
427 483 489 547 Sed
513 483 605 546 nolim
628 481 735 562 aliquia
759 482 817 546 hac
840 482 941 562 specie
966 482 1209 563 scrupulositatis
1238 482 1392 544 inescatus
1421 481 1643 546 crassinueulos

278 589 416 638 numeros
444 573 474 634 in
504 571 690 636 astronomia
721 571 881 634 fastidiat:
915 591 980 635 rem
1012 572 1148 634 exactius
1181 579 1317 633 censeat.
1364 571 1423 634 Illa
1450 570 1557 634 summi
1587 569 1644 630 viri

278 663 395 726 minuta
417 671 449 724 et
471 662 647 743 scrupulosa
670 679 742 722 cura
766 667 819 722 aut
842 668 891 723 est
913 667 1038 741 psopter
1056 661 1270 724 certitudinem
1284 659 1402 736 calculi,
1425 665 1480 742 ant
1501 677 1561 720 nou
1584 675 1643 719 ae-

279 750 413 814 cessaria
434 751 464 812 in
487 749 625 831 partibus
649 768 855 824 numerorum,
877 749 962 830 ipsos
986 769 1057 812 vero
1081 757 1164 813 totos
1188 768 1340 824 numeros,
1368 768 1442 829 quos
1466 755 1530 810 tam
1553 765 1644 810 eorn-

279 840 382 921 pulose
406 839 536 916 diduxit,
561 859 577 900 e
602 836 768 919 Copemico
793 839 946 918 excerpsit
968 838 1057 901 sinoti
1079 839 1149 902 illos
1171 839 1296 919 reperit.

366 930 414 994 Ao
436 929 503 1009 ipse
527 927 647 1010 quidem
671 925 856 1008 coperoicns
879 945 968 1008 qnam
991 928 1138 990 humanus
1162 927 1204 990 sit
1225 928 1254 990 in
1279 927 1459 1007 recipiendis
1484 923 1644 1008 qualibus-

278 1037 392 1099 cunque
414 1017 560 1094 numerie,
590 1017 640 1098 qui
663 1017 881 1098 quadamtenus
906 1036 944 1078 ex
977 1025 1048 1079 voto
1081 1017 1244 1079 obveniunt
1273 1023 1305 1078 et
1332 1016 1371 1078 ad
1394 1015 1568 1079 institutum
1593 1014 1643 1075 fa-

277 1107 378 1182 ciunt,
413 1107 442 1169 id
467 1107 638 1186 experietur
661 1105 789 1185 diligens
813 1104 973 1187 Oopernici
997 1106 1101 1168 lentor-
1148 1106 1318 1181 Numeros,
1352 1104 1402 1186 qni
1420 1123 1480 1184 per
1502 1102 1645 1166 diversas

278 1196 468 1276 operationes
491 1196 522 1257 vi
553 1193 819 1258 demonstrationis
847 1195 967 1276 penitus
1000 1195 1159 1258 convenire
1192 1195 1362 1264 debebant,
1395 1213 1456 1256 non
1489 1191 1644 1271 repudiat,

278 1284 415 1366 quamvis
448 1285 620 1364 discrepent
653 1283 768 1365 aliquot
805 1285 964 1364 sompniis.
1019 1282 1260 1348 Observationes
1293 1283 1322 1345 in
1355 1283 1517 1357 Waltero,
1534 1276 1580 1354 ⁵³)
1613 1280 1644 1343 in

277 1374 452 1436 Ptolemaeo
476 1381 508 1436 et
531 1373 602 1436 alibi
627 1373 670 1436 sic
693 1373 777 1453 legit,
802 1380 835 1436 ut
857 1372 895 1436 iis
912 1391 947 1435 eo
963 1373 1212 1436 commodioribus
1236 1379 1339 1434 utatur
1362 1372 1400 1433 ad
1426 1371 1645 1434 exstruendum

235 1464 237 1470 '
277 1463 433 1538 calculum,
459 1463 536 1525 uude
559 1463 589 1524 in
613 1470 748 1542 tempore
772 1462 874 1536 horas,
898 1461 927 1524 in
952 1462 1080 1525 arcubus
1094 1463 1278 1543 quadrantes
1292 1462 1438 1542 graduum
1452 1468 1485 1522 et
1508 1459 1642 1540 amplius

276 1552 428 1615 interdum
458 1552 612 1632 negligere
643 1552 691 1613 vel
720 1559 837 1614 mutare
870 1551 953 1613 nulla
983 1551 1028 1612 illi
1060 1551 1175 1632 religio.
1223 1549 1362 1624 Alicubi,
1396 1555 1430 1611 ut
1461 1549 1491 1610 in
1525 1555 1646 1610 mutata

277 1641 503 1712 ecoentricitate
519 1640 630 1703 Martis
647 1648 679 1702 et
694 1639 835 1714 Veneris,
860 1640 942 1702 sinus
957 1639 1048 1702 etiam
1063 1641 1271 1721 discrepantes
1290 1659 1310 1700 a
1332 1637 1464 1700 veritate
1488 1645 1642 1716 acceptat,

210 1739 216 1745 '
276 1737 396 1793 tantum
418 1729 496 1806 ideo,
523 1729 593 1810 qnia
616 1747 777 1810 parumper
800 1729 840 1791 ad
863 1747 926 1804 eos,
951 1747 1025 1808 quos
1050 1737 1149 1810 optat,
1174 1728 1301 1809 digitum
1324 1727 1495 1790 intendunt.
1543 1727 1646 1788 Multa

277 1839 353 1902 quae
377 1819 533 1899 exipsius
557 1818 746 1882 confessione
771 1818 959 1904 emepdauda
981 1817 1120 1893 fuissent,
1146 1818 1267 1897 integra
1289 1825 1321 1879 et
1344 1817 1464 1879 sincera
1481 1835 1520 1878 ex
1534 1816 1644 1878 Ptole-

277 1929 362 1972 maeo
379 1907 538 1988 depromit,
562 1907 688 1970 mutatis
703 1907 813 1970 ceteris
829 1907 993 1970 similibus:
1019 1915 1109 1988 atque
1132 1906 1169 1969 iis
1193 1915 1303 1988 postea
1326 1906 1524 1970 fundamenta
1546 1923 1644 1968 novae

275 1997 478 2062 asmonomiae
502 1997 641 2060 exstruit
677 1995 811 2067 Οιιοιιιιιι
834 1996 966 2060 omnium
989 1996 1061 2059 mihi
1083 1996 1213 2076 plurima
1226 1996 1407 2058 documenta
1422 1994 1507 2057 dedit
1520 1995 1644 2056 lineat

276 2089 365 2161 linus,
390 2105 466 2167 quae
491 2085 649 2148 brevitatis
673 2105 766 2148 causa
789 2085 877 2148 mitto
896 2085 1059 2159 ascribere.
1097 2085 1200 2166 Atque
1225 2086 1302 2148 adeo
1325 2084 1356 2146 in
1379 2083 1645 2164 reprehensionem

277 2177 428 2237 incurrere
446 2175 515 2254 Jure
538 2174 710 2238 videretur:
742 2174 798 2237 nisi
822 2174 958 2237 cousnlto
982 2173 1122 2250 fecisset,
1150 2194 1187 2236 en
1211 2174 1289 2256 quod
1312 2181 1501 2254 praestaret,
1525 2172 1643 2252 imper-

278 2267 389 2326 fectam
413 2262 631 2344 quodammodo
655 2263 766 2326 habere
790 2263 1015 2333 astronomiam.
1040 2281 1130 2343 quam
1147 2265 1269 2344 penitus
1288 2262 1411 2326 nullam.
1450 2261 1530 2325 Nam
1554 2261 1639 2340 ejus·
1701 2320 1705 2326 .

276 2353 355 2415 modi
380 2353 499 2432 quidem
521 2351 718 2416 difficultates
742 2359 914 2427 occurrent,
939 2352 1009 2415 dnm
1033 2353 1135 2415 sidera
1157 2359 1296 2414 nument:
1322 2369 1398 2432 quas
1421 2365 1584 2429 superare,
1610 2357 1643 2412 et

277 2460 335 2502 non
358 2441 534 2521 impeditum
557 2441 597 2503 ad
619 2442 866 2504 constitutionem
890 2441 1036 2504 soieutiae
1059 2461 1127 2504 eom
1150 2441 1271 2504 minimo
1299 2441 1409 2502 damno
1439 2438 1578 2518 aspirare
1607 2446 1643 2500 ιιι

277 2549 368 2594 ansus
393 2537 441 2592 est
465 2529 662 2610 Gopernicns,
686 2531 717 2592 id
742 2531 797 2593 viri
821 2529 909 2592 fortis
932 2537 1000 2606 est;
1032 2529 1134 2611 ignavi
1157 2530 1379 2610 subterfugere,
1404 2527 1503 2591 timidi
1527 2529 1640 2608 despe-

277 2637 344 2682 rare
373 2627 404 2683 et
431 2637 549 2681 omnem
582 2620 659 2682 banc
690 2639 793 2684 curam
825 2619 966 2699 abjicere.
1014 2616 1274 2690 Quemadmodum
1302 2628 1335 2680 et
1361 2617 1427 2698 ipse
1452 2615 1641 2697 Cepernicua

276 2709 351 2770 haec
375 2707 462 2770 modo
487 2699 638 2771 recensita
661 2711 825 2786 opaipuen
847 2709 884 2774 de
908 2727 1060 2788 seneque
1084 2708 1276 2784 dissimulat,
1308 2725 1405 2788 neque
1436 2723 1502 2784 epm
1526 2706 1641 2786 pudore

278 2799 399 2860 fatetur.
445 2797 594 2877 Exemplo
617 2797 784 2861 Ptolemaei
812 2807 845 2861 st
872 2805 1007 2859 veterum
1035 2816 1068 2858 se
1100 2797 1214 2872 munit,
1248 2796 1426 2859 difficultate
1459 2793 1642 2858 observandi

278 2893 411 2960 excusat,
438 2897 528 2966 atque
550 2886 661 2967 ubique
685 2887 755 2949 aliis
779 2887 915 2967 exemplo
937 2885 1044 2967 praeit,
1070 2886 1099 2947 in
1118 2885 1342 2965 praeclaromm
1360 2885 1550 2947 inventomm
1565 2903 1640 2946 con·

277 2975 444 3037 firmatione
468 2975 631 3038 minutulos
655 2977 746 3037 hosce
771 2975 909 3038 defectus
939 2975 1169 3037 contemnendi:
1205 2975 1284 3056 qnod
1315 2973 1376 3036 nisi
1407 2973 1520 3035 factum
1548 2981 1643 3036 antea

277 3063 400 3139 finisset,
428 3084 578 3144 nunquam
600 3065 796 3127 Ptolemaeus
818 3064 902 3127 illam
925 3067 1048 3144 peyoiqr
1071 3061 1221 3138 σνπαξσ,
1245 3063 1429 3145 Copemions
1452 3084 1512 3124 sor
1533 3062 1642 3125 ἀνελιτ-

277 3173 375 3216 tenor
398 3153 505 3227 libros,
529 3153 735 3216 Rheinholdus
759 3154 936 3216 Prntenicas
960 3153 1046 3215 nobis
1071 3154 1228 3216 edidisset.
1551 3149 1555 3154 ’

211 3237 215 3243 “
364 3242 470 3324 Neque
495 3244 606 3306 nullam
632 3241 859 3305 excusationem
882 3242 954 3304 mihi
979 3243 1179 3324 quantoloco
1209 3241 1460 3323 suppeditat-illa
1483 3239 1642 3304 Maestlini

278 3329 382 3392 tabula
409 3331 439 3393 in
463 3351 530 3412 cap.
559 3330 609 3395 15.
640 3331 763 3394 inserta.
810 3331 996 3413 Ooperoico,
1030 3351 1097 3394 cum
1125 3333 1366 3395 eccentricitates
1398 3330 1590 3410 planetamm
1624 3350 1643 3390 a

277 3419 453 3482 Ptolemaeo
478 3428 674 3489 mutuaretur,
699 3420 773 3483 nihil
796 3421 892 3484 minus
917 3439 1004 3502 quam
1029 3422 1066 3482 de
1086 3421 1143 3484 hoc
1164 3421 1266 3483 divina
1284 3419 1435 3483 coelorum
1447 3419 1642 3498 proportione

277 3508 427 3571 suboluit:
452 3519 486 3572 ut
509 3528 566 3571 non
591 3509 700 3590 injuria
723 3510 917 3574 vehementer
941 3511 1009 3590 quis
1027 3511 1161 3582 miretur,
1184 3510 1282 3589 ipsum
1305 3517 1369 3572 tam
1391 3526 1486 3588 prope
1509 3507 1550 3568 ad
1573 3527 1642 3570 eam

276 3598 465 3661 accessisse:
499 3618 595 3680 neque
620 3599 683 3660 lore
708 3599 850 3678 putavit,
880 3608 914 3661 nt
937 3599 1107 3661 necessitas
1131 3598 1293 3678 aliquando
1321 3606 1464 3678 cogeret,
1488 3596 1641 3676 inquirere

276 3685 440 3749 distantias
465 3709 483 3748 s
506 3685 579 3750 Sole
604 3695 635 3749 et
658 3686 790 3766 oipqlrors
813 3688 889 3750 loca.
935 3685 1016 3759 Quid
1039 3687 1145 3750 mirum
1167 3687 1267 3767 igitur,
1291 3688 1317 3750 si
1341 3688 1370 3749 in
1395 3686 1452 3748 hac
1476 3685 1515 3746 ad
1539 3686 1641 3750 vivum

275 3774 442 3836 resectione
466 3783 498 3837 et
520 3775 660 3838 dvalona
688 3776 787 3838 mundi
816 3777 912 3838 multa
940 3776 1203 3858 deprehendentur
1231 3777 1336 3849 rudia,
1370 3793 1437 3838 cunr
1465 3775 1578 3838 artifex
1602 3776 1641 3838 ad

275 3862 398 3923 minima
420 3883 479 3926 non
503 3865 694 3943 respexerit?
711 3862 719 3872 ”
736 3863 832 3936 Quasi
855 3865 885 3927 in
908 3883 1005 3945 parva
1028 3859 1157 3945 pictura,
1182 3885 1258 3944 quae
1282 3866 1333 3926 vix
1356 3864 1640 3942 integram'faciem

276 3951 458 4014 adsensum
483 3953 634 4032 exprimit,
659 3953 684 4014 si
709 3955 775 4034 quis
799 3954 877 4017 oculi
899 3961 953 4017 aut
975 3955 1107 4035 pupillae
1127 3973 1229 4016 reram
1251 3955 1476 4035 proportionem
1501 3963 1639 4034 quaerat,

277 4057 344 4101 enm
368 4040 434 4102 falli
458 4061 582 4102 necesse
606 4050 664 4103 est.
711 4043 856 4122 Neglexit
879 4043 957 4105 enim
980 4045 1058 4106 hanc
1082 4044 1179 4124 pictor
1202 4045 1241 4105 ob
1264 4043 1442 4116 exilitatem,
1467 4051 1638 4118 contentus,

151 4142 158 4151 ·
275 4127 310 4202 si,
337 4147 414 4208 quae
437 4138 508 4191 sunt
526 4129 723 4207 evidentiora,
748 4132 967 4212 quodammodo
985 4141 1241 4212 repraesentaret.
1275 4132 1327 4198 Sic
1342 4133 1382 4194 ad
1396 4132 1474 4194 hano
1498 4131 1640 4196 ἀναλυσιν

276 4217 413 4297 quamvis
438 4218 553 4298 optima
575 4221 692 4282 ratione
716 4221 909 4295 accesserim,
940 4231 1067 4302 cogente
1090 4241 1136 4285 me
1159 4223 1190 4283 vi
1215 4221 1483 4285 demonstrationis
1507 4230 1540 4285 et
1562 4241 1638 4284 con-

275 4306 388 4368 ditione
412 4305 454 4369 rei
478 4309 673 4386 propositae:
708 4309 799 4372 nolim
821 4318 922 4372 tamen
947 4319 981 4373 nt
1005 4312 1072 4392 quis
1096 4311 1152 4374 sibi
1174 4312 1372 4390 persuadeat,
1403 4310 1544 4374 absolute
1568 4329 1637 4373 eer-

275 4395 410 4457 tissimos
435 4413 573 4457 numeros
597 4397 722 4480 sejnde
745 4399 894 4461 retulisse.
942 4400 1021 4462 Fieri
1045 4419 1173 4481 namque
1196 4407 1313 4480 potest,
1338 4410 1373 4463 nt
1395 4395 1471 4461 haec
1495 4400 1564 4481 ipsa
1587 4419 1638 4462 re-

276 4483 370 4546 sectio
395 4483 504 4546 erroris
527 4485 679 4548 ulterioris
703 4507 797 4549 eausa
820 4488 920 4573 inerit.
963 4488 1043 4551 Ecce
1068 4507 1125 4551 non
1150 4489 1230 4552 levia
1252 4489 1374 4552 indicia.
1416 4487 1562 4561 Onusam,
1586 4507 1639 4550 cur

275 4580 425 4633 mutentur
448 4573 690 4637 eccentricitates
713 4575 822 4638 Martis
847 4585 879 4638 et
903 4576 1046 4653 Veneris,
1074 4577 1258 4658 Copemious
1283 4579 1311 4639 in
1334 4575 1536 4642 mutationem
1559 4579 1636 4640 Ter-

276 4677 364 4722 renee
388 4661 512 4723 confert.
547 4663 615 4725 Non
639 4664 731 4742 igitur
753 4673 887 4726 mutator
909 4683 982 4728 vera
1005 4687 1106 4730 eorum
1130 4665 1485 4741 aSoleeocentrieitas;
1511 4670 1636 4732 demon-

277 4748 455 4811 strationem
479 4753 518 4812 ed
542 4752 660 4814 oculum
683 4753 776 4814 habes
800 4755 829 4814 in
854 4753 968 4815 tabula.
1016 4755 1104 4830 Quod
1129 4755 1154 4820 si
1178 4755 1222 4818 ita
1251 4765 1312 4830 est,
1341 4756 1505 4844 oportebat
1528 4777 1636 4820 escen·
