3542 5528
670 271 830 326 Prooemium.
1380 273 1420 342 61

91 427 257 548 ffimd?
271 430 379 493 timida.
400 438 477 498 atque
492 433 633 498 prasertim
660 435 735 486 etam
757 433 845 486 calculi
868 433 978 486 laborem
995 439 1022 486 et
1038 432 1147 486 taedim
1171 447 1220 486 noo
1239 447 1294 490 esse
1311 437 1380 486 oneri
1397 442 1424 487 et

163 513 176 548 o

149 568 233 630 Quibus
248 575 398 636 praemissis
415 575 468 625 adit
484 573 568 624 Hera.
585 577 754 640 assertionem
779 577 811 627 de
833 577 937 627 Lucano
962 576 1083 640 pluribus,
1109 577 1158 626 alio
1182 576 1236 626 loeo
1258 575 1422 635 inserendam,

90 646 111 688 et
124 641 154 688 rie
171 641 304 693 concludit:
323 643 445 696 Potitioni
463 653 521 696 tuae
540 648 634 712 utrique
652 647 804 698 satisfaciam
821 663 864 712 pro
882 648 971 698 viribus
998 655 1024 698 et
1050 647 1109 698 mihi
1133 662 1185 697 rem
1210 653 1307 712 gratam
1325 647 1421 705 iecerit,

87 713 104 760 ri
118 711 181 775 plura
194 715 303 777 petieris,
322 715 374 766 hae
393 717 458 767 enim
476 718 604 767 occmione
623 732 710 768 ansam
728 721 833 782 arripere
851 733 957 784 possum,
976 725 1004 769 ut
1023 725 1048 768 et
1067 719 1110 768 tibi
1127 719 1198 784 plura
1216 718 1328 768 scribam.

143 783 210 834 Dices
229 783 369 837 schreiben
388 787 547 838 iiberschiohe
573 789 613 838 ich
634 791 726 839 melnes
753 804 795 855 gu.
814 790 918 840 lbireteu
936 805 960 840 n.
979 789 1060 840 Herm
1084 797 1192 856 agenten
1216 803 1246 838 ru
1264 788 1346 856 Prag,
1365 787 1420 840 dola

85 851 233 912 iteummeu.
261 856 283 907 1.
302 857 340 908 u.
361 858 538 910 Lateinischen
557 858 676 924 cantaley
697 859 883 928 Registratoren
907 877 938 911 au
961 860 1042 926 hag,
1070 861 1175 912 weleher
1198 860 1231 909 Es
1259 861 1314 910 dem
1339 859 1421 910 Herrn

84 923 152 987 cuo,
168 925 188 977 Ι.
206 925 311 979 Durohl.
332 929 476 996 Errheraog
492 929 644 982 Ferdinandr
661 930 730 982 Rath
747 948 772 981 u.
791 932 988 984 Eoisecretsrien
1013 931 1161 983 auschicken
1184 931 1279 980 rrdrdet
1300 947 1325 981 u.
1345 931 1421 981 durch

84 995 124 1044 din
139 997 193 1048 oder
210 998 373 1066 derssleicheu
391 1001 475 1052 Mittel
491 1001 560 1052 kann
579 1003 621 1053 der
637 1002 702 1052 Herr
719 1003 782 1067 yede
799 1004 876 1063 Post,
897 1018 970 1054 vanu
992 1003 1025 1054 Er
1046 1004 1112 1061 rrill,
1138 1005 1185 1053 mir
1211 1002 1339 1053 schreibeu
1362 1017 1419 1052 aue·

82 1067 190 1189 affin.
208 1085 283 1122 vanu
301 1071 338 1122 Er
358 1072 433 1124 allein
451 1075 490 1124 ein
509 1073 600 1139 Gopert
616 1075 722 1125 dardber
739 1089 773 1126 aa
791 1075 909 1127 srmelteu
925 1075 950 1126 J.
969 1073 1090 1126 Menhard
1101 1073 1196 1132 maoht,
1214 1073 1265 1124 und
1276 1072 1342 1126 nach
1354 1073 1421 1141 Prap

137 1209 232 1262 Darnitt
248 1227 302 1263 rrae
322 1215 381 1266 dem
398 1214 480 1266 Herm
499 1215 547 1266 lieb
564 1216 615 1266 und
633 1217 779 1283 augenemb.

169 1281 264 1335 Datum
282 1283 424 1346 Hilnohen,
443 1287 491 1338 den
509 1284 587 1338 ²⁴terr
605 1287 660 1339 Oct
680 1285 728 1338 ΔΝ
747 1285 789 1337 at.

844 1359 909 1410 Deos
926 1357 1007 1410 Herm
1025 1358 1209 1424 dienrtrfflliper

738 1430 816 1480 Hora
834 1429 917 1496 θεῶν
935 1429 1055 1482 Herwart
1073 1447 1096 1481 o.
1116 1428 1285 1496 Hobmdary.
1303 1427 1383 1495 hippr.

134 1512 279 1580 usurpat:
299 1517 367 1568 uem
396 1493 551 1570 samaeas
576 1519 648 1572 noea
666 1518 917 1585 manengeltem
934 1517 1055 1584 tregam
1080 1519 1162 1570 sonu
1179 1518 1281 1583 aspre,
1300 1519 1344 1570 aee
1360 1518 1417 1570 toan

76 1583 274 1638 Larmanaza
292 1588 458 1654 Steyrmarhh
473 1589 659 1649 llathemadco.
677 1591 784 1641 meinem
801 1591 902 1641 tondere
919 1591 999 1640 lioben
1017 1589 1097 1642 Herru
1113 1590 1165 1642 und
1182 1591 1299 1712 Frena&
1314 1669 1340 1712 u

1299 1677 1313 1712 o
1339 1695 1347 1710 .

85 1817 91 1830 ¹
121 1747 291 1831 'Kleplerur
309 1751 336 1801 iu
354 1753 512 1816 responsione
531 1747 566 1812 (d.
585 1749 609 1800 d.
630 1746 672 1799 tt.
691 1748 754 1802 Dec.
773 1745 820 1812 97)
848 1749 880 1800 de
907 1748 1008 1801 Lucano
1036 1751 1204 1816 quaestionem
1228 1751 1326 1816 propius
1354 1749 1417 1815 adit,

75 1831 104 1866 ne
120 1821 253 1884 mcrpienr:

150 1923 227 1990 Cum
251 1929 442 2011 accepissem
465 1927 569 1990 literas
592 1927 682 2002 Tuas,
707 1927 765 1988 Vir
787 1927 956 2008 Magnifice,
980 1927 1075 1990 Nonis
1089 1927 1265 1990 Decembris
1287 1929 1414 2003 circiter,

76 2021 100 2072 et
119 2015 413 2088 animadvertissem,
436 2025 470 2079 nt
492 2017 547 2079 tibi
567 2016 787 2100 satisfacerem,
811 2017 944 2079 nonnihil
966 2016 1037 2079 mihi
1061 2016 1171 2078 laboris
1194 2036 1263 2081 esse
1284 2018 1415 2080 subeun-

76 2101 145 2164 dum:
164 2105 229 2185 jam
254 2115 337 2183 tum,
362 2107 474 2170 omissa
496 2125 568 2168 cura
594 2105 730 2168 celeriter
752 2106 965 2186 respondendi,
997 2106 1081 2186 coepi
1104 2107 1174 2168 mihi
1199 2106 1291 2171 otium
1319 2106 1416 2187 dispi·
1498 2129 1499 2132 ¹

75 2208 140 2254 cere.
183 2191 307 2266 Quibus
332 2197 411 2258 enim
433 2194 678 2275 occupationibus
702 2194 853 2275 (quamvis
876 2201 908 2256 et
929 2194 1064 2275 privatus
1084 2203 1115 2256 et
1132 2195 1265 2275 juvenis)
1290 2195 1414 2258 distrin-

75 2297 135 2356 gat,
166 2301 226 2346 non
254 2293 308 2348 est
340 2304 450 2367 operae
478 2284 606 2365 pretinm
635 2283 691 2344 tibi
718 2301 886 2357 recensere,
911 2283 968 2346 nisi
991 2293 1024 2347 ut
1053 2283 1083 2346 id
1110 2284 1284 2347 summatim
1307 2285 1414 2362 dicam,

75 2371 182 2434 uarix
204 2375 371 2456 respirare.
418 2371 493 2438 Cum
523 2372 613 2452 igitur
642 2372 746 2434 dedita
768 2390 860 2450 opera
882 2392 944 2434 rem
970 2373 1000 2434 in
1028 2372 1119 2434 ferias
1141 2373 1312 2448 natalitias,
1341 2393 1415 2456 quas

72 2457 124 2534 jam
146 2459 202 2523 Dei
225 2463 419 2544 benignitate
444 2461 633 2542 attingimus,
658 2461 844 2543 rejecissem:
869 2469 902 2523 ut
925 2470 1026 2524 tamen
1049 2468 1134 2524 tanto
1162 2481 1260 2525 essem
1282 2463 1417 2544 paratior

75 2551 265 2628 postmodum,
307 2553 424 2614 interea
459 2551 617 2613 nonnullas
650 2551 738 2612 horas
767 2550 834 2612 aliis
867 2549 1017 2614 laboribus
1056 2551 1223 2615 mehercule
1256 2551 1415 2615 contemtis

75 2643 101 2694 tt
119 2639 308 2716 poenitendis
332 2641 411 2703 furto
440 2641 525 2722 quasi
548 2646 668 2720 ereptas
690 2639 721 2700 in
745 2638 902 2700 lectionem
924 2639 1058 2710 Lucani,
1084 2638 1225 2703 Caesaris
1249 2649 1280 2703 et
1300 2641 1413 2704 utrius-

75 2739 121 2800 que
154 2725 315 2792 Ciceronis
353 2729 546 2810 epistolarum
575 2727 731 2790 voluminis
764 2727 896 2789 insumsi.
942 2729 1056 2790 Videor
1084 2738 1183 2791 antem
1212 2729 1284 2791 mibi
1312 2748 1349 2792 ex
1377 2747 1416 2792 ea

74 2809 187 2878 lectione
220 2819 255 2880 id
288 2837 356 2880 esse
388 2827 581 2893 consecutus,
605 2825 638 2878 nt
661 2817 773 2897 reliquo
796 2816 912 2888 labore,
941 2817 998 2880 nisi
1021 2817 1146 2898 deniqne
1170 2817 1224 2879 abs
1249 2826 1280 2879 te
1299 2817 1414 2898 jussus,

75 2905 260 2980 supersedere
283 2907 415 2987 possim,
449 2917 482 2970 ut
508 2914 616 2987 postea
640 2905 801 2985 intelliges.

130 3009 187 3062 len
203 3020 380 3082 hanspresrus
398 3015 431 3065 ad
447 3014 577 3064 Lucanum
596 3014 633 3062 sic
652 3012 791 3063 concludit:

145 3101 231 3167 Haec
258 3105 441 3184 intempesta
471 3111 574 3179 nocte,
607 3111 673 3165 oum
696 3101 767 3163 mihi
790 3101 893 3164 oblata
915 3107 998 3163 esset
1025 3098 1241 3180 adignissimo
1263 3099 1302 3164 D.
1328 3097 1412 3164 Can-

75 3187 183 3254 cellario
204 3194 358 3257 scribendi
382 3191 511 3263 occasio,
535 3211 610 3272 quae
635 3199 811 3267 causaest,
841 3191 919 3272 quod
941 3187 1037 3252 literis
1061 3188 1264 3253 excellentiss.
1309 3189 1347 3253 D.
1370 3191 1410 3254 D.

75 3274 197 3358 Ficlleri,
224 3283 332 3362 agnati
355 3283 425 3356 mei,
448 3281 675 3362 inpraesentia
698 3299 754 3342 non
778 3280 953 3361 respondeo.
995 3278 1097 3359 Magn.
1113 3278 1300 3355 Dignitatem
1318 3279 1413 3344 Tuam

77 3365 190 3434 feliciter
212 3373 318 3434 valere
338 3372 441 3452 jubeo,
466 3379 497 3432 et
520 3371 599 3434 bona
622 3369 650 3431 ei
671 3367 741 3430 novi
763 3369 832 3431 anni
856 3368 989 3448 auspicia
1011 3385 1126 3449 precor.

273 3461 377 3542 Magn.
399 3460 439 3522 D.
464 3459 498 3523 Τ.
913 3456 1055 3520 Studiose
1080 3454 1182 3518 Cliens

832 3597 839 3604 .
863 3545 909 3610 Μ.
934 3547 1061 3610 Jobartrt
1079 3543 1216 3628 Kepler,

703 3635 751 3697 Ill.
776 3631 895 3717 Styriae
919 3635 1147 3698 Prouincialium
1168 3634 1411 3702 Mathematicus.

135 3739 316 3793 llernrtus
333 3743 397 3794 haec
416 3740 542 3805 respondit
560 3740 616 3803 (12.
634 3740 710 3792 Mart.
729 3737 792 3803 118);
812 3776 818 3789 .
840 3777 846 3791 .
872 3741 969 3792 Derseu
987 3740 1121 3794 Schrelben
1143 3755 1198 3790 rom
1221 3738 1262 3791 24.
1281 3741 1345 3794 Dec.
1363 3742 1412 3794 hab

74 3805 109 3855 ich
124 3808 168 3862 hae
183 3815 240 3880 ipsa
259 3814 299 3864 die
319 3821 346 3866 et
363 3813 425 3864 hora
443 3812 598 3878 empiangen.
626 3813 696 3864 Thoe
712 3813 779 3862 mich
796 3812 839 3862 der
857 3813 1037 3879 augswendten
1055 3810 1259 3880 Mllhenvaltung
1276 3813 1413 3866 ireuudlich
1509 3811 1511 3816 ’

74 3875 191 3934 bedonico
214 3886 267 3935 und
292 3885 382 3951 begere
407 3884 500 3936 dieselb
526 3885 657 3936 rriederum
683 3883 844 3934 dauhbarlich
871 3899 902 3933 au
919 3883 1077 3935 beschnldau.
1114 3882 1215 3934 interim
1233 3898 1310 3952 aequo
1330 3886 1411 3936 animo

75 3953 168 4016 accipiet
183 3957 357 4006 munusculum
374 3959 509 4014 minimum,
530 3956 632 4020 alicujus
650 3955 713 4005 torte
731 3954 785 4005 libri
803 3955 974 4006 mathematici
992 3956 1096 4021 pretinm
1113 3955 1229 4005 loturum

133 4024 173 4076 Ich
190 4029 234 4078 bin
251 4030 277 4077 in
296 4029 393 4079 beeden
411 4027 512 4078 odeum
529 4028 592 4077 wohl
611 4027 750 4083 contentirt,
771 4025 877 4084 befinde.
896 4027 953 4078 dass
967 4027 1082 4084 dierelbe.
1095 4029 1181 4090 paneis
1193 4029 1302 4079 muntiis
1314 4027 1410 4092 demtis,
1466 4033 1469 4048 ¹

76 4104 120 4143 ww
143 4113 196 4150 meo
225 4099 323 4150 calculo
341 4099 528 4156 concordioren,
554 4109 580 4150 et
597 4099 621 4149 id
640 4104 708 4156 erat.
733 4097 797 4163 quod
814 4100 971 4164 quaerebam.
1007 4097 1083 4148 Danu
1102 4097 1286 4150 democrates
1305 4115 1410 4167 occupa-

75 4165 154 4218 fitnnrn
169 4171 256 4222 morht
273 4169 342 4221 mich
359 4173 385 4221 in
403 4170 498 4220 calamo
516 4171 634 4232 yereilen
651 4172 723 4220 irren.
758 4169 804 4220 Ich
820 4169 870 4221 hab
889 4172 968 4222 dieser
986 4169 1040 4236 Τις
1058 4171 1113 4220 eine
1132 4171 1243 4222 Antwort
1264 4187 1311 4222 rou
1331 4173 1411 4224 aloem
1523 4225 1527 4234 ,

74 4231 236 4292 dramatico
256 4242 289 4293 de
307 4241 361 4292 Tuo
378 4241 543 4293 Prodromo
566 4241 727 4308 emiargon,
745 4241 789 4291 sed
807 4256 949 4307 responsum
966 4241 1026 4293 illud
1043 4241 1136 4291 nullum
1154 4247 1200 4300 est,
1236 4241 1289 4294 lme
1305 4243 1355 4294 will
1368 4243 1410 4296 der

75 4315 140 4359 motas
157 4312 248 4364 Terrae
267 4327 315 4379 gar
332 4315 370 4363 nit
388 4312 517 4378 eingehen.

131 4380 195 4434 ilica
213 4387 305 4434 uimmt
321 4383 445 4441 Wunder,
471 4383 528 4434 dass
552 4387 590 4434 nit
615 4385 682 4435 einer
707 4397 737 4434 ex
754 4385 862 4450 professo
880 4383 946 4436 hane
963 4387 1094 4437 materiam
1118 4388 1201 4438 narirt
1217 4385 1270 4436 und
1286 4385 1407 4446 deducirt.

75 4459 119 4570 Ξ
132 4463 306 4578 Ἠυιι,
331 4457 476 4575 praesent?
485 4455 629 4576 fiplrysgca',1¹
631 4457 728 4577 c‹puibprr
753 4463 906 4542 compastor.
925 4467 1005 4507 motus
1023 4457 1115 4544 Terrae
1139 4460 1312 4523 potiusquam
1330 4455 1408 4574 musi:

75 4589 124 4642 m
140 4543 271 4656 &²0:ss
287 4541 371 4648 :gest
385 4540 631 4649 gazmeetorppflupm
648 4541 765 4648 ¹¹aprima,
788 4535 933 4593 praesertim
955 4543 986 4580 ex
1007 4537 1103 4581 retrone
1126 4536 1266 4586 ventorum,
1284 4539 1359 4576 marre

130 4667 251 4736 Philippus
271 4669 403 4734 Lansberg
420 4669 551 4718 meditatur
568 4683 644 4719 noras
662 4667 808 4733 hypotheses
826 4667 996 4734 planetarum,
1024 4672 1050 4722 in
1074 4671 1160 4738 quibus
1188 4673 1297 4721 centum
1314 4663 1406 4713 'lonae

75 4729 134 4786 hum
148 4743 232 4805 ponit,
257 4741 365 4806 reliquos
388 4746 470 4791 auum
492 4746 571 4790 motus
588 4741 659 4805 primi
676 4741 771 4790 mobiba
789 4741 1002 4793 circumferentiae
1025 4745 1134 4808 ejusdem
1152 4739 1243 4792 tribuit.
1280 4732 1335 4816 Sed·
1346 4733 1407 4784 uilu‘l

76 4804 138 4862 star
152 4814 252 4876 prodiit.
291 4810 344 4864 Sed
361 4825 413 4863 nou
429 4811 504 4864 rideo,
516 4824 632 4872 murem,
657 4826 701 4862 eur
724 4825 774 4862 uon
799 4817 825 4864 et
849 4819 934 4896 cenae
952 4813 1042 4868 Terrae
1059 4820 1139 4866 motor
1158 4807 1256 4864 attribui
1271 4810 1362 4869 potui·
1380 4810 1408 4856 et
