3718 5520
302 272 369 346 432
665 275 670 284 ’
864 273 905 326 n·
923 272 1101 326 anemae·
1183 349 1188 356 Ι

750 463 753 476 ›
868 431 1004 496 Thasie
1027 429 1097 496 LII.

388 519 539 586 Recen'eui
570 519 748 601 potissimas
779 521 1020 604 praedictionum
1048 517 1299 599 astrologicamm
1327 539 1452 598 causas3
1485 519 1565 602 quod
1587 520 1662 584 reli-

301 631 390 694 quum
414 619 472 686 est,
497 610 527 673 ib
547 609 621 690 ipsis
645 617 678 672 ut
700 611 860 690 plurimum
882 610 1138 691 praedictionibus
1169 628 1354 674 consumam.
1400 611 1532 673 Primum
1560 627 1663 671 meuse

299 699 480 775 Decembri,
516 698 661 762 Jauuario
694 707 726 761 et
757 700 920 763 Februario
960 698 1078 763 sextilis
1106 697 1229 762 Saturni
1257 706 1289 761 et
1310 700 1420 762 Martie
1443 699 1520 770 erit,
1542 705 1665 777 praeter

299 807 410 854 nrurem
426 787 592 850 diuturnus.
621 787 744 851 Accidit
768 788 855 864 euim,
876 797 911 852 ut
924 789 1009 850 Mars
1034 787 1122 851 simul
1145 788 1199 850 liat
1222 789 1428 864 stationarius,
1454 795 1486 851 et
1508 786 1661 852 Saturnus

299 897 353 960 per
386 897 419 940 se
450 877 557 940 tardus
590 885 648 940 eet.
697 873 866 942 commotio
898 879 1059 940 vehemens
1087 885 1118 939 et
1142 876 1330 944 certissimus
1353 897 1497 942 excessus
1525 877 1555 938 in
1579 884 1664 938 statu

301 967 391 1030 atris.
438 967 473 1028 In
498 983 555 1048 quo
581 973 681 1028 autem
705 985 883 1030 excessurus
906 967 964 1042 sit,
989 984 1047 1030 non
1071 967 1117 1028 ita
1140 963 1313 1046 expeditum
1336 976 1393 1030 est.
1433 967 1513 1030 Nam
1528 967 1566 1028 ad
1586 965 1664 1028 hane

300 1076 363 1122 rem
386 1055 547 1138 requiritur
570 1055 721 1136 generalis
736 1055 816 1119 illine
831 1055 1039 1137 dispositionis
1054 1056 1204 1118 Terrenus
1229 1057 1410 1136 speculatio,
1435 1056 1533 1137 qualis
1563 1055 1664 1118 fotura

301 1147 351 1222 sit,
376 1145 456 1225 qnod
480 1142 600 1226 quidem
624 1144 713 1208 nullis
729 1143 826 1208 adbuc
850 1143 1030 1225 conjecturis
1055 1143 1175 1226 assequi
1199 1160 1253 1206 nos
1281 1162 1371 1224 posse
1394 1153 1477 1225 puto,
1497 1163 1573 1226 quae
1597 1143 1663 1206 dis·

296 1234 406 1318 positio
431 1233 536 1297 fortior
559 1243 624 1309 est,
648 1250 738 1313 quam
762 1233 894 1317 ipsorum
920 1235 1111 1314 planetarum
1139 1233 1323 1312 operationis
1347 1233 1477 1296 variatio
1500 1251 1554 1313 per
1577 1233 1661 1294 vires

302 1323 478 1406 peculiares.
526 1319 563 1384 Si
587 1323 670 1384 solus
694 1322 753 1385 iste
778 1323 886 1384 fuisset
909 1331 1064 1402 aspectus,
1095 1341 1241 1384 summurn
1266 1321 1304 1384 ab
1328 1315 1572 1385 exhalationibus
1594 1321 1664 1383 niu-

305 1413 383 1494 pidis
409 1411 502 1492 trigue
526 1411 757 1490 praedixissem.
803 1412 848 1474 At
875 1412 940 1492 jam
970 1418 1094 1492 propter
1125 1429 1301 1472 concursum
1331 1412 1525 1492 plurimorum
1552 1427 1664 1490 aspec-

303 1512 385 1566 tuum
409 1507 527 1563 tantem
559 1507 631 1580 puto
655 1501 719 1564 Iore
744 1501 971 1564 commotionem
996 1498 1175 1574 (accedente
1193 1501 1374 1580 praesertIm
1389 1501 1522 1564 statione
1536 1498 1665 1572 Martie)

301 1599 336 1654 ut
358 1597 412 1654 etr
434 1588 546 1670 tepidis
569 1589 659 1668 plane
683 1590 860 1671 vaporibus,
885 1607 900 1650 e
924 1589 1037 1651 Terrae
1060 1589 1227 1652 visceribus
1250 1589 1393 1665 exoretis,
1420 1590 1553 1659 calefiat,
1576 1589 1664 1650 nives

301 1679 516 1762 propemodum
538 1678 739 1754 resolvantur,
765 1678 875 1741 itinera
896 1679 1055 1758 plurimum
1079 1676 1289 1760 impediantur.
1335 1677 1473 1742 Ianuarii
1490 1674 1522 1742 4.
1548 1679 1580 1756 ό
1590 1674 1665 1754 &li

301 1768 384 1832 rrives
414 1775 468 1830 ant
490 1775 612 1842 ventos,
637 1775 728 1847 prout
750 1768 828 1830 feret
850 1767 1002 1848 generalis
1026 1765 1196 1848 dispositio.
1244 1763 1335 1830 Circa
1366 1764 1416 1831 10.
1445 1765 1495 1830 11.
1520 1779 1575 1828 sex
1598 1766 1664 1828 lor-

300 1857 412 1921 tlssImi
435 1861 591 1936 aspectus.
638 1857 742 1919 Meros
766 1863 871 1936 tepor,
905 1864 938 1918 et
968 1855 1088 1936 pluviae
1120 1873 1187 1917 cum
1210 1853 1328 1918 nivibus
1352 1855 1542 1919 intermixtis.
1588 1855 1663 1918 bine

300 1966 339 2010 ox
362 1944 494 2028 antiquis
518 1943 691 2025 aspectibus
715 1945 799 2018 nulli,
827 1964 864 2007 ex
887 1944 972 2006 novis
997 1963 1067 2007 vero
1091 1945 1121 2008 d.
1137 1941 1191 2006 21.
1217 1943 1350 2024 quintilis
1372 1944 1460 2006 Jovis
1483 1953 1516 2006 et
1534 1943 1665 2007 Veneris

182 2109 185 2122 ι
302 2037 448 2100 llatuosus
472 2041 504 2096 et
527 2033 652 2110 calidus,
678 2041 821 2115 quantum
844 2033 950 2116 hyems
973 2034 1042 2096 lert.
1080 2033 1119 2095 D.
1145 2027 1197 2095 24.
1223 2033 1356 2112 quintilis
1381 2032 1504 2097 Saturni
1528 2041 1560 2096 et
1582 2031 1665 2096 Solis

302 2125 438 2204 frigidus,
463 2121 604 2204 ningidue
628 2141 682 2189 seu
704 2123 833 2203 pluvius.
867 2122 906 2186 D.
928 2117 981 2186 28.
998 2121 1267 2202 sesquiquadratus
1285 2123 1397 2186 Martis
1421 2129 1454 2184 et
1475 2121 1663 2197 Sallaecus,

302 2213 457 2278 subtilium
480 2219 512 2274 et
534 2211 698 2291 rigidcrnm
723 2218 887 2286 ventorum,
913 2219 945 2272 et
966 2229 1022 2291 pro
1046 2229 1077 2272 re
1101 2217 1175 2272 nata
1198 2210 1349 2296 ningidus.
1379 2209 1554 2276 Observeut
1571 2212 1665 2293 igitur

303 2301 357 2366 lroe
381 2301 456 2374 dies,
481 2300 587 2381 quibus
611 2307 660 2364 ast
682 2300 800 2364 animus
823 2317 918 2363 novos
943 2305 1086 2380 aspectus
1108 2299 1250 2380 probare.

861 2387 995 2452 Thesis
1018 2388 1103 2450 LIII.

390 2475 572 2544 Februarius
606 2484 708 2540 scatet
741 2477 873 2558 antiquis
908 2485 940 2540 et
966 2476 1053 2540 novis
1085 2476 1267 2556 aspectibus.
1313 2475 1348 2538 In
1378 2475 1525 2557 principio
1548 2475 1667 2556 (1ῼῖ

303 2567 408 2632 turbas
441 2567 470 2630 in
499 2567 580 2631 atris
608 2565 824 2630 constitutione
851 2567 974 2642 afferet,
1008 2585 1077 2628 narn
1110 2566 1173 2628 iere
1206 2564 1330 2628 Saturni
1353 2573 1386 2627 et
1407 2565 1519 2629 Martis
1542 2573 1666 2630 contra

302 2657 441 2720 rietatem
464 2656 566 2720 sortiti
589 2663 675 2733 sunt,
708 2663 742 2718 ut
770 2673 862 2736 supra
890 2655 1003 2718 vidisti.
1050 2654 1172 2735 Loquor
1198 2661 1300 2717 mmeu
1328 2654 1377 2717 bic
1407 2673 1445 2717 ex
1468 2654 1666 2736 experientia,

302 2765 379 2828 quae
403 2746 491 2809 valde
516 2745 719 2809 turbulentam
742 2751 876 2808 testatur
899 2745 1004 2807 borum
1028 2743 1315 2825 configurationem
1339 2743 1416 2806 forte
1439 2743 1471 2806 id
1493 2752 1526 2806 et
1548 2744 1587 2806 ob
1608 2745 1666 2806 boo

302 2842 365 2910 est,
399 2835 558 2917 quiscum
582 2834 646 2897 siut
675 2835 809 2914 aequalis
839 2852 932 2915 prope
961 2851 1076 2909 cursus,
1100 2833 1186 2894 tarde
1210 2841 1399 2914 separantur,
1423 2841 1457 2896 et
1478 2834 1666 2915 ponderosos

304 2923 495 3006 aliquatenus
527 2930 769 3004 repraesentant.
830 2921 978 3004 Equidem
1012 2929 1044 2984 et
1077 2922 1210 2985 tonitrua
1241 2941 1310 2984 esse
1340 2929 1478 3002 possunt
1530 2921 1582 2985 Ab
1614 2920 1665 2985 ll.

302 3015 376 3078 Feb.
401 3013 450 3076 ed.
475 3009 528 3076 23.
553 3013 636 3075 nulla
657 3013 747 3093 plane
771 3011 867 3092 quies.
913 3013 1022 3092 Itaque
1055 3019 1109 3072 ant
1138 3011 1298 3091 plurimum
1324 3010 1444 3090 ningat,
1476 3011 1503 3073 ei
1533 3011 1582 3074 die
1613 3008 1665 3073 11.

303 3102 383 3184 apud
405 3099 524 3182 Uli&
550 3101 644 3183 frigus
668 3101 802 3178 redierit,
826 3108 880 3164 aut
900 3101 1059 3183 plurimum
1081 3100 1175 3181 pluet,
1200 3098 1228 3162 si
1250 3107 1338 3181 tepor
1360 3099 1436 3176 illic,
1465 3099 1544 3181 quod
1567 3099 1666 3181 magis
1769 3173 1774 3180 .
1850 3075 1851 3088 ¹

302 3190 405 3268 credo,
429 3191 581 3273 perduret.

860 3275 998 3338 Thasie
1021 3276 1107 3340 LIV.

389 3366 505 3430 Habuit
520 3365 703 3430 Februarius
722 3361 763 3429 21
780 3371 922 3446 aspectus
937 3384 992 3426 sex
1005 3365 1196 3445 planetarum
1211 3365 1335 3440 (Lunae
1350 3372 1385 3429 nt
1405 3363 1529 3430 nimium
1551 3366 1666 3430 velocis

301 3455 380 3519 inter
411 3462 554 3536 aspectus
587 3455 664 3517 ratio
693 3471 769 3534 pene
800 3453 883 3515 nulla
910 3455 984 3527 eet).
1031 3453 1161 3516 Martius
1188 3453 1295 3533 viginti
1318 3455 1511 3518 nanciscitur.
1557 3457 1665 3536 ltaque

301 3545 395 3608 multo
419 3543 516 3606 adbuc
539 3541 740 3606 turbulentior
762 3541 835 3616 crit;
860 3559 926 3602 cnm
949 3541 1026 3603 alias
1050 3560 1167 3623 quoque
1185 3543 1261 3606 haec
1281 3543 1345 3623 ejus
1358 3545 1531 3607 naturasit
1560 3545 1666 3608 Prima

301 3633 414 3696 mensis
432 3639 520 3714 perte
539 3633 603 3712 jem
627 3632 762 3694 tonitrua
784 3637 908 3712 propter
931 3627 1012 3708 0οΘ
1024 3639 1064 3705 (ι,
1094 3633 1141 3693 ιιι
1164 3633 1224 3694 etsi
1247 3632 1376 3696 latitudo
1399 3633 1510 3696 Martis
1536 3633 1665 3696 muitum

302 3722 454 3798 domabit,
492 3720 640 3785 crebritas
672 3727 775 3782 tamen
808 3725 984 3800 aspectuum
1015 3720 1149 3784 vicissim
1180 3721 1260 3784 vires
1287 3721 1383 3786 addit
1430 3723 1530 3804 Tepcr
1560 3723 1664 3804 itaque

300 3809 570 3892 praeternaturalia
601 3809 768 3886 hactenus,
799 3830 818 3872 a
844 3805 892 3871 13.
916 3809 1020 3872 Martii
1052 3828 1183 3890 augmor
1214 3812 1481 3874 commutationem
1507 3812 1538 3874 in
1568 3811 1664 3894 frigus

300 3899 457 3980 hyemale:
486 3899 555 3962 eaiu
578 3899 737 3962 continuos
760 3905 868 3961 ventos
892 3897 1027 3978 frigidos,
1053 3898 1197 3980 nivesque
1219 3900 1330 3983 pluviis
1349 3899 1552 3964 intermixtas.

868 3986 1003 4050 Thasie
1027 3987 1097 4050 LV.

390 4075 527 4157 Aprilem
550 4094 639 4158 spero
663 4076 833 4139 naturalem
855 4075 941 4138 initio
965 4076 1081 4152 calido,
1105 4076 1144 4138 ob
1167 4077 1355 4159 biquintilem
1378 4077 1497 4140 Martia
1516 4084 1549 4139 et
1569 4075 1662 4154 Solis,

300 4163 434 4248 pluuium
456 4166 618 4230 admodum
641 4164 731 4227 biduo
754 4173 826 4228 ante
849 4172 976 4246 etpost
998 4165 1202 4246 plenilunium,
1226 4167 1450 4246 configurantur
1464 4165 1663 4230 enimenim

301 4253 454 4337 planetae.
500 4257 567 4318 Nec
590 4253 717 4316 deerunt
740 4275 760 4316 a
786 4251 836 4318 13.
860 4254 890 4316 in
918 4250 967 4318 16.
991 4255 1122 4335 pluviae.
1164 4255 1239 4318 Inde
1262 4256 1346 4320 calor
1368 4265 1401 4319 et
1422 4255 1505 4319 circa
1526 4251 1581 4318 24.
1603 4275 1662 4318 ex-

301 4361 416 4420 cessus,
441 4343 492 4426 qui
514 4343 545 4407 in
567 4342 703 4406 tonitrum
725 4350 871 4424 erumpet,
894 4343 932 4406 ob
955 4343 1107 4425 trigonum
1129 4343 1212 4408 Solis
1234 4353 1267 4407 et
1288 4345 1410 4410 Martis.
1455 4345 1531 4408 biae
1552 4345 1663 4410 iterum

300 4433 423 4498 imbres.

390 4519 466 4586 ldaii
488 4518 634 4602 prinpria
656 4519 758 4582 reddit
780 4519 902 4582 horrida
924 4528 958 4583 et
980 4521 1150 4584 tonitruoea
1167 4520 1281 4599 όῼῤ,
1305 4521 1364 4585 nisi
1387 4523 1510 4586 diversa
1530 4521 1661 4586 latitudo

301 4611 363 4675 vien
385 4611 467 4676 illiue
490 4615 631 4682 merrae,
660 4627 738 4689 quae
761 4609 922 4672 admodum
945 4619 1031 4673 certa
1052 4629 1113 4672 nou
1136 4618 1204 4684 est,
1232 4619 1267 4673 ut
1292 4631 1349 4674 nec
1376 4611 1442 4676 dies
1463 4621 1589 4694 propter
1610 4611 1660 4674 vi-

301 4701 412 4764 tiosum
435 4698 597 4764 etiamnum
619 4697 778 4762 amomum.
823 4699 883 4761 Die
906 4696 956 4763 10.
979 4697 1030 4763 11.
1049 4697 1099 4762 12
1124 4698 1252 4779 frigidae
1275 4701 1407 4782 pluviae,
1430 4709 1464 4766 et
1484 4702 1536 4764 val
1556 4699 1660 4764 nixis

301 4789 469 4876 munmnis,
501 4787 664 4853 insalubris
695 4793 759 4850 aer.
804 4787 851 4851 Δι
872 4807 980 4852 sereno
1002 4789 1088 4852 coelo
1116 4787 1279 4854 etiamnum
1299 4792 1409 4874 pruina
1429 4789 1525 4856 menni
1545 4796 1660 4874 potant
