3542 5528
739 254 900 306 remmam.
1077 280 1084 286 -
1458 253 1501 320 ⁶7

115 411 183 452 111111
198 415 250 456 aut
269 423 414 460 numiam
435 412 564 462 subtilitas
581 413 626 463 hoc
645 413 792 479 investigare
812 413 918 478 poterit,
943 412 1008 478 quod
1027 412 1148 477 Keplamr
1166 413 1288 470 intendit;
1316 427 1376 464 nam
1398 415 1419 464 sl
1443 429 1501 464 cou-

116 475 200 523 trariutn
219 475 341 529 firmiter
362 483 505 545 probetur,
529 485 606 532 omnis
625 483 752 547 Copornici
772 486 922 534 astronomia
939 485 1011 534 valde
1029 492 1146 547 suspecta
1169 485 1222 532 erit.
1250 484 1343 533 Dubito
1362 491 1503 548 practerea.

119 557 144 593 au
159 547 210 596 talis
230 550 381 614 inquisitio
395 554 440 602 ·ad
461 555 638 604 astronomiam
656 557 786 619 quicquam
806 561 934 618 apportet,
965 555 1012 603 uisi
1037 568 1069 603 ea
1097 557 1129 604 ad
1147 557 1271 618 periectas
1289 557 1407 604 scientias
1427 553 1529 620 (quod

119 617 201 667 ridetur
219 623 335 680 conari)
357 631 537 674 eonvertatur.
943 632 947 638 ·

180 689 248 742 Huic
268 694 385 743 innixus
396 695 495 757 judicio
518 695 702 746 Herrrartus
719 696 846 760 rospondit
863 695 971 760 Kaplero
990 696 1012 744 d.
1036 694 1076 744 15.
1093 696 1149 746 Oct.
1171 694 1240 746 1598
1258 697 1323 747 hune
1342 699 1368 746 in
1385 697 1502 747 modum:

123 761 229 812 llaalch
248 764 313 814 clem
334 765 426 816 Herm
447 766 493 816 aut
508 767 562 816 sein
580 782 613 816 au
631 767 696 818 mich
712 770 801 832 jilngst
818 767 912 831 gethan
932 767 1064 817 Schreibeu
1093 783 1120 816 so
1145 768 1220 832 lange
1239 769 1297 818 Zeit
1321 768 1390 818 nicht
1413 777 1502 832 guant-

126 840 210 890 rcrtet,
228 835 266 884 iat
286 850 339 886 aus
361 837 547 903 eingeiallsner
564 837 719 896 Kranhheit.
739 839 817 888 demit
834 838 874 888 ioh
892 838 997 887 beladen
1017 853 1131 902 geueseu
1150 839 1201 888 und
1220 839 1311 888 darauf
1328 839 1504 890 anbelohlsuer

129 905 206 964 sun,
225 906 313 956 daron
334 908 381 956 ich
402 914 454 957 eret
472 909 564 958 wieder
580 908 645 978 uach
664 909 734 959 Hans
753 910 870 974 peltant,
898 909 994 958 bishero
1020 911 1167 958 rerbliehen.
1205 910 1262 959 Und
1281 910 1340 958 thue
1359 911 1425 960 mich
1445 912 1504 960 aber

132 979 204 1028 selues
229 991 264 1027 au
290 979 367 1030 mich
398 981 598 1046 ahgegaugeneu
624 979 785 1040 Schrelbens,
814 981 935 1030 darinuen
963 993 990 1028 er
1017 980 1082 1028 mich
1106 983 1174 1030 scine
1201 980 1357 1030 rorhabende
1376 981 1459 1030 studia
1476 997 1503 1030 so

134 1049 276 1099 rartraulioh
294 1049 435 1109 berichtet,
455 1064 522 1116 gaus
540 1051 638 1102 ireund·
657 1053 709 1103 aud
729 1051 861 1102 dienstlich
879 1051 1018 1100 bedankeu.
1484 1043 1488 1052 ’

199 1121 254 1171 Wie
272 1120 317 1170 ich
337 1121 384 1172 det
403 1121 486 1172 Herm
504 1137 708 1188 rorgenommene
733 1125 917 1172 observationes
941 1122 1070 1176 verstehe.
1099 1123 1199 1172 wiirdeu
1227 1122 1355 1179 dadurch,
1385 1123 1430 1172 aul
1455 1123 1503 1172 deu

136 1192 186 1242 llall
204 1192 237 1242 Er
254 1192 586 1264 sensibilembditierentiatn
605 1189 640 1243 ex'
654 1196 824 1260 pbserratione
843 1193 1036 1256 deprehendiren
1059 1193 1169 1248 tonnae.
1199 1194 1242 1243 des
1272 1193 1400 1257 Copemici
1425 1194 1502 1264 hypo·

136 1265 215 1314 metes
233 1265 356 1320 ererum,
376 1264 493 1312 tinterna}
514 1263 663 1328 Ccpemicus
682 1267 883 1329 praesupponirt,
913 1265 976 1328 quod
1005 1263 1124 1313 distantia
1151 1266 1215 1314 inter
1243 1263 1325 1314 Solem
1351 1271 1376 1314 et
1401 1263 1503 1314 Terram

138 1336 168 1384 ad
194 1336 390 1386 immensitatem
417 1335 545 1385 stellarum
572 1335 675 1386 lixarum
694 1338 828 1386 exhumari
855 1343 971 1400 nequeat.
1009 1335 1066 1384 Uud
1091 1336 1211 1400 gehdrteu
1243 1336 1308 1386 datu
1339 1338 1504 1386 instrumente

138 1421 245 1471 uagus,
265 1413 360 1457 exacta
378 1411 405 1455 et
422 1407 640 1465 motilicatimima,
659 1409 771 1458 dadurch
797 1421 856 1456 man
880 1406 945 1458 auch
962 1407 997 1458 ad
1014 1407 1131 1469 scrupula
1148 1408 1240 1470 prima,
1267 1408 1306 1456 rel
1324 1409 1401 1458 etiam
1420 1413 1504 1470 partes

139 1479 232 1542 aliquas
249 1477 359 1541 scrupuli
378 1478 450 1540 primi
468 1479 581 1540 praecise
600 1480 738 1530 obserrireu
757 1478 858 1528 idunte.
886 1477 929 1528 Da
947 1478 990 1528 der
1008 1476 1073 1527 Hert
1091 1478 1248 1543 dergleichen
1265 1479 1318 1535 hat,
1338 1481 1425 1528 uimmt
1436 1477 1504 1529 mich

140 1548 261 1604 Wunder,
280 1563 318 1597 rro
337 1547 463 1598 odersele
482 1563 509 1597 er
527 1550 566 1598 die
586 1551 688 1600 erobert
726 1549 817 1599 Wollte
835 1563 896 1613 geru
914 1550 1016 1608 wistan,
1037 1551 1080 1608 ob,
1105 1551 1150 1598 wie
1169 1549 1220 1598 und
1238 1551 1264 1598 iu
1283 1565 1334 1599 was
1352 1549 1440 1598 Wehrt
1456 1561 1502 1598 uu·

142 1618 276 1684 geithrlich
294 1618 455 1684 dergleichen
474 1635 505 1668 au
524 1620 669 1670 bekournren
689 1621 741 1670 sein
760 1619 885 1670 mdchteu.

212 1690 293 1740 Wann
312 1690 369 1739 deur
387 1688 470 1740 Herm
489 1692 514 1740 in
532 1692 604 1741 rebus
622 1692 806 1742 mathematicis
833 1692 893 1742 oder
915 1689 980 1740 auch
1003 1692 1058 1740 sais.
1072 1691 1158 1740 studiis
1182 1697 1208 1740 et
1226 1691 1434 1742 observationibus
1452 1703 1504 1740 rras

142 1761 277 1826 einlangm,
296 1760 353 1810 that
371 1760 406 1810 Er
423 1763 470 1811 mir
487 1763 528 1811 eiu
547 1762 708 1812 sonderbarea
722 1763 845 1820 Geiallen‚
865 1761 898 1812 da
916 1763 949 1810 Er
966 1762 1033 1812 mich
1051 1763 1140 1812 descen
1158 1763 1324 1827 rerstltndigt,
1343 1762 1395 1812 und
1413 1763 1446 1812 da
1463 1761 1504 1812 ioh

142 1831 197 1882 lene
213 1832 280 1882 lanu
296 1832 371 1882 hiesu
390 1835 416 1881 in
435 1834 484 1882 eim
504 1829 562 1882 oder
580 1834 658 1884 ander
675 1834 740 1900 Weg
759 1833 883 1884 verholleu
901 1848 976 1896 seyu,
996 1834 1041 1884 hat
1058 1833 1092 1883 Er
1110 1833 1176 1884 mich
1195 1834 1259 1884 dsau
1277 1834 1359 1897 willig.
1396 1834 1452 1883 wie
1463 1833 1504 1884 ich

142 1903 198 1953 line
214 1903 278 1953 daun
297 1902 451 1953 treundliche
471 1903 688 1969 Dienstwilligkeit
706 1920 737 1954 au
755 1906 873 1954 erweisen
891 1906 995 1971 geneigt
1013 1904 1143 1954 rerbleibc.
1216 1903 1312 1954 Datum
1330 1903 1375 1954 dte.

214 2061 234 2110 Ε
251 2062 390 2128 Kepleri
407 2063 568 2126 responsione
586 2063 650 2114 haee
669 2061 799 2114 addimus:

223 2255 367 2320 ,Salutem
392 2257 423 2318 iu
447 2254 569 2319 Christo
593 2256 762 2319 Mediatore
785 2266 818 2318 et
839 2256 1024 2320 Redemtore
1047 2266 1151 2320 nostro
1175 2257 1271 2319 unico.

232 2381 352 2444 Litcras
376 2395 457 2454 tuas,
481 2381 585 2461 Magn.
611 2381 676 2456 Vir,
706 2377 755 2446 15.
780 2379 849 2446 Oct.
875 2381 1014 2461 scriptae,
1040 2378 1070 2446 5.
1094 2381 1167 2444 Dec.
1194 2381 1305 2460 accepi.
1329 2380 1504 2462 Recupera-

144 2481 211 2532 tam
232 2471 331 2550 itaque
355 2469 573 2544 valetudinem,
597 2471 766 2532 conlectum
790 2471 918 2534 feliciter
940 2473 1013 2540 iter,
1038 2478 1070 2532 et
1091 2471 1221 2532 reditum
1244 2471 1282 2530 ad
1307 2470 1423 2531 nobiles
1448 2469 1502 2529 de-

144 2559 232 2620 licias
253 2578 348 2621 rerum
373 2560 655 2622 mathematioarurn
677 2559 733 2621 tibi
757 2561 902 2638 gratulor.

234 2645 321 2716 Quod
344 2667 429 2710 meas
453 2648 563 2710 stellae
586 2649 699 2727 polaris
724 2647 950 2712 observationes
974 2647 1095 2722 attinet,
1119 2648 1144 2708 si
1165 2648 1294 2709 antehac
1318 2665 1374 2707 non
1395 2645 1503 2712 monui,

40 2805 44 2814 ,
147 2745 229 2798 certe
247 2738 312 2815 jain
334 2739 503 2815 praeterire
532 2756 590 2798 non
617 2755 756 2818 possum,
788 2737 943 2800 inductum
965 2755 1012 2798 me
1036 2736 1065 2796 in
1090 2737 1166 2798 hanc
1196 2736 1396 2814 suspicionem
1419 2744 1505 2795 certa

144 2837 183 2888 et
201 2825 333 2888 diruensa
356 2825 458 2906 aliqua
477 2824 716 2902 ratiocinatione,
741 2825 868 2902 scilicet,
893 2835 927 2888 ut
950 2843 1026 2905 quae
1050 2825 1127 2886 ratio
1151 2835 1200 2885 est
1223 2823 1302 2884 orbis
1318 2824 1441 2883 Terreni
1465 2823 1503 2882 ad

142 2915 247 2976 orbem
276 2914 467 2990 Saturnium,
499 2915 605 2978 eadem
635 2925 764 2994 ponatur
791 2916 868 2978 ratio
901 2915 983 2977 orbis
1007 2912 1131 2977 Saturni
1159 2913 1197 2974 ad
1232 2912 1334 2972 orbem
1370 2913 1502 2973 lixarum.

144 3001 240 3064 Esset
262 3004 355 3080 igitur
377 3005 601 3066 semidiameter
623 3004 719 3079 orbis,
744 3005 794 3084 qui
817 3005 941 3066 Terram
965 3003 1061 3076 vehit,
1085 3003 1125 3062 ad
1148 3000 1404 3063 semidiametrum
1427 3001 1504 3060 fixa-

142 3111 212 3154 ruu
233 3093 441 3173 subcentupla,
463 3093 534 3173 quie
556 3101 605 3154 est
619 3093 658 3154 ad
678 3093 934 3156 semidiametmm
953 3090 1078 3155 Saturni
1096 3089 1289 3169 subdecupla.
1321 3090 1406 3150 Haec
1424 3090 1503 3150 ratio

144 3181 174 3242 si
197 3201 267 3244 vera
290 3183 347 3257 sit,
372 3181 544 3244 differentia
566 3181 757 3244 altitudinum
781 3181 966 3244 diversarum
989 3181 1098 3242 stellae
1122 3178 1234 3260 polaris
1259 3177 1316 3240 erit
1339 3196 1431 3257 prope
1455 3177 1503 3238 di-

144 3270 266 3334 midium
291 3271 428 3351 gradum.
475 3271 542 3334 Hac
563 3278 729 3350 praeeunte
752 3270 868 3333 ratione
891 3270 1008 3333 accinxi
1032 3287 1079 3332 me
1104 3270 1144 3331 ad
1166 3269 1393 3332 observandum.
1425 3267 1506 3328 Nam

144 3361 186 3420 ad
208 3361 361 3422 dimidium
385 3359 513 3440 madum
536 3360 699 3421 notandum
721 3379 779 3423 nou
804 3360 880 3422 adeo
903 3377 1012 3439 magno
1036 3359 1234 3421 instrumento
1259 3376 1332 3436 opus
1347 3366 1405 3417 est.
1437 3356 1504 3416 Da-

144 3449 191 3509 bis
219 3449 312 3528 igitur
342 3449 463 3510 veniam
492 3448 577 3522 mihi,
614 3449 663 3528 qui
693 3450 732 3510 ad
761 3449 998 3535 speculationem
1025 3447 1066 3520 (si
1097 3465 1150 3527 pro
1175 3447 1323 3526 dignitate
1348 3445 1413 3524 quis
1438 3463 1504 3505 eam

144 3547 276 3600 tractare
303 3536 393 3610 velit)
417 3537 660 3611 subtilissimam,
688 3537 754 3600 rudi
777 3539 975 3600 instrumento
1004 3536 1129 3599 accessi.
1175 3535 1255 3597 Nam
1284 3535 1364 3613 quod
1387 3533 1423 3594 de
1447 3533 1503 3594 ob-

144 3627 312 3690 servatorio
345 3643 412 3688 meo
443 3626 582 3706 quaeris,
613 3627 800 3706 respondeo,
829 3627 978 3705 prodiisse
1008 3626 1081 3689 illud
1100 3644 1152 3690 ex
1179 3624 1286 3686 eadem
1308 3622 1442 3694 alticina,
1467 3640 1506 3682 ex

145 3733 204 3794 qua
224 3716 389 3796 primorum
412 3722 570 3794 pareutum
592 3716 713 3794 tuguria
735 3715 883 3794 prodiere.
930 3713 1058 3778 Suffeoit
1089 3714 1168 3776 eninr
1195 3712 1267 3774 mihi
1291 3713 1504 3792 qualecumque

146 3803 375 3866 iustmmcutum
408 3803 449 3866 ad
481 3803 635 3866 dimidium
662 3805 788 3884 gradum
814 3805 864 3866 vel
887 3803 1083 3866 asserendum
1113 3803 1163 3864 vel
1187 3802 1367 3881 negandum.
1415 3798 1505 3859 Etsi

147 3893 215 3956 mihi
236 3913 294 3956 uon
320 3893 464 3967 sufficiat,
488 3901 590 3954 tamen
614 3893 775 3955 carendum
797 3900 846 3954 cst
868 3891 1069 3973 exquisitiori,
1094 3891 1163 3972 quia
1186 3901 1281 3969 neque
1307 3888 1379 3949 milri
1405 3888 1505 3949 Attali

148 3991 212 4043 suut
235 4001 319 4063 opes,
345 4001 443 4062 neque
466 3982 642 4044 Alexander
664 3981 843 4062 discipulus,
868 4000 963 4062 neque
988 3979 1156 4043 Praxiteles
1180 3979 1294 4058 opifex,
1320 3997 1415 4056 neque
1438 3976 1504 4037 Re-

148 4071 328 4148 plomontani
351 4089 470 4134 manus.
516 4069 559 4132 Et
581 4078 682 4134 manen
707 4071 882 4150 quantulum
904 4069 976 4131 mihi
999 4087 1101 4132 arcum
1123 4068 1283 4142 iudicavit,
1312 4067 1349 4127 de
1374 4083 1409 4126 eo
1434 4083 1504 4126 arcu

148 4169 240 4222 certus
264 4179 343 4222 sum.
391 4159 429 4222 Id
460 4163 496 4220 ut
522 4167 609 4221 tento
638 4159 780 4222 libentius
808 4159 880 4221 mihi
903 4160 1029 4234 credas,
1061 4158 1230 4220 describam
1261 4155 1502 4216 instrumentum.

148 4247 320 4328 Spectatum
343 4247 474 4310 admissi
496 4247 590 4310 risum
611 4248 742 4312 teneatis
766 4248 874 4310 amici:
900 4247 977 4311 Cum
1000 4254 1156 4308 sonasset
1175 4245 1247 4307 milri
1263 4245 1339 4307 alius
1359 4241 1503 4304 materiae
1555 4275 1558 4280 -

149 4339 227 4418 copis
248 4359 340 4420 quam
366 4336 453 4416 ligni,
479 4335 586 4400 scirem
608 4357 679 4399 vero
704 4347 853 4400 tumesere
877 4345 909 4400 et
931 4337 1047 4399 hiscere
1079 4335 1179 4396 omnia
1202 4332 1320 4396 omuino
1345 4333 1427 4409 ligna
1450 4345 1503 4405 pro

149 4429 254 4491 ratioue
276 4429 362 4492 serie
387 4427 419 4488 in
444 4427 560 4489 latum:
583 4427 652 4489 ideo
677 4426 865 4490 machinatus
889 4445 954 4488 sum
976 4425 1040 4488 tale
1061 4425 1303 4494 instrumentum,
1323 4420 1407 4498 cujus
1427 4431 1501 4493 quae

149 4529 238 4582 tutae
261 4525 294 4582 et
317 4521 504 4580 constantes
527 4533 595 4575 esse
620 4514 773 4578 debebant
796 4515 907 4590 lineae,
944 4535 963 4576 a
991 4512 1175 4592 longitudine
1208 4519 1240 4572 et
1262 4509 1343 4570 libris
1367 4505 1429 4564 sire
1451 4500 1501 4600 iilo

147 4605 208 4690 ligni
238 4609 484 4674 sustinerentur.
532 4603 726 4684 Triangulum
758 4603 860 4684 itaque
888 4601 928 4674 6,
952 4601 989 4676 8,
1017 4600 1057 4669 11)
1087 4602 1195 4680 pedum
1219 4596 1324 4660 struxi.
1371 4593 1448 4650 hem
1472 4586 1502 4646 hl

143 4699 244 4763 numeri
268 4697 410 4764 omnium
436 4691 604 4755 certissime
627 4693 759 4774 produnt
779 4701 894 4756 rectum
916 4691 1069 4771 angulum.
1115 4689 1150 4750 Id
1172 4683 1351 4762 triangulum
1380 4698 1398 4738 a
1419 4679 1502 4734 recto

140 4791 239 4876 arguto
262 4781 434 4870 suspendi,
458 4781 539 4846 filum
557 4799 625 4846 eum
647 4781 859 4864 perpendiculo
881 4800 920 4844 ex
943 4780 1050 4843 eodem
1071 4783 1155 4840 recto
1171 4773 1279 4851 angulo
1303 4765 1419 4838 demisi,
1443 4761 1501 4840 hl·

913 4919 915 4922 .
1248 4872 1291 4922 5*
