3674 5528
708 261 739 312 ds
757 263 830 314 robus
847 263 1009 330 attrologloia.
1469 261 1531 338 301

167 415 206 478 ut
227 424 334 478 tamen
360 417 419 480 illa
443 417 697 498 tragicapaseim
720 418 749 479 in
765 418 894 480 Austria
916 419 972 480 sub
996 419 1059 498 ejus
1075 419 1194 482 nomine
1207 422 1383 502 palliantur.
1420 423 1534 484 Astro-

169 503 227 585 logi
251 504 407 582 dicerent,
433 505 535 587 vigero
560 506 754 568 directionem
779 507 844 586 ejus
869 507 913 569 Μ.
930 505 965 570 C.
991 509 1030 569 ad
1054 511 1116 580 0⁰)
1140 517 1171 570 et
1196 505 1265 588 eleb.

238 663 286 713 His
306 664 339 714 de
359 666 436 716 rebus
454 665 559 732 politicis
577 665 760 714 narrationibus
780 664 840 714 nihil
859 665 1001 715 addendum
1020 681 1161 725 censemus;
1182 673 1354 732 comparentur
1371 667 1491 718 historici.

241 733 323 794 Quem
343 750 423 800 supra
441 735 501 785 dicit
512 736 644 801 Keplerus,
663 735 952 794 Zimmermennns,
971 738 1176 801 superintendens
1189 747 1244 788 eret
1266 740 1426 789 ecclesiarum
1436 738 1534 801 styriae

77 791 92 802 '
176 805 274 856 ntuetr
299 805 361 856 noer
389 808 559 868 nucarum,
585 807 643 858 rnre
669 809 701 857 su
727 821 792 856 anno
812 795 890 856 roto.
928 807 1009 857 Nata
1028 813 1067 858 ast
1090 807 1407 867 centimetrorum,
1430 810 1532 859 runn-

176 884 226 926 tate
252 876 487 944 wurtembergiae,
520 886 546 929 et
569 877 703 928 Maestlino
729 879 823 941 pridem
851 878 963 928 amicitia
986 881 1132 942 coniunctus
1157 885 1226 937 eret,
1254 895 1309 930 curu
1322 887 1437 944 ‘uterque
1463 879 1535 930 simul

176 963 218 1012 per
247 948 342 1014 aliquot
370 963 450 999 annos
476 949 658 1014 Heidelbergae
682 954 888 1007 commoraretur,
916 949 957 1000 ille
982 964 1054 1000 sacer
1079 951 1195 1015 principis
1224 947 1306 1002 ora‘tor
1333 956 1359 1000 et
1386 965 1402 1000 a
1426 951 1534 1002 consiliis

176 1019 368 1077 ecclesiasticis,
393 1019 434 1070 hio
462 1019 602 1070 matheseos
627 1021 755 1084 professor.
793 1019 832 1070 De
858 1020 1052 1070 Zimmermanni
1078 1021 1127 1070 filio
1154 1014 1378 1086 roiert'Keplerus
1400 1021 1533 1072 Maeotiino

174 1104 202 1138 au
220 1104 250 1140 ra
285 1103 327 1139 a.
349 1087 394 1139 3⁰.
1290 1091 1294 1101 ¹

204 1105 219 1154 p
249 1104 342 1211 Lliteffis
357 1159 459 1226 Kepleri
473 1161 496 1210 d.
512 1158 553 1210 15.
563 1158 648 1210 Martii
666 1159 1005 1224 respouditMaestlinus
1022 1161 1132 1226 pluribus
1152 1153 1531 1227 „postridieGal.MaJ.1598.“

174 1229 247 1292 Quae
266 1247 297 1282 ea
314 1232 353 1281 hia
375 1232 454 1281 literis
471 1231 519 1280 lsuc
537 1233 671 1297 pertinent,
690 1231 753 1282 baec
771 1238 841 1282 sunt:

245 1301 345 1352 litores
358 1303 435 1360 Tuas,
449 1301 557 1353 Doctias.
566 1303 619 1360 Vir,
638 1301 745 1352 Domine
758 1308 784 1353 et
799 1304 878 1353 emico
890 1303 1017 1367 perchare,
1038 1306 1124 1368 accepi
1136 1303 1194 1354 mihi
1207 1305 1376 1370 gratissimam
1395 1303 1453 1353 mihi
1472 1318 1531 1369 quo·

173 1387 221 1436 que
232 1375 362 1438 'pergrata
380 1379 419 1424 est
435 1374 599 1436 respondendi
619 1375 725 1423 occasio.
764 1372 814 1424 Sed
833 1375 875 1424 ubi
887 1375 979 1424 faciam
996 1375 1111 1426 initinm‘t
1147 1378 1188 1424 An
1205 1390 1255 1425 non
1274 1377 1305 1425 ab
1325 1389 1363 1436 eo,
1382 1375 1448 1440 quod
1459 1390 1532 1438 snper

172 1444 274 1493 modum
292 1445 389 1509 ingenti
407 1445 534 1494 moestitia
551 1457 692 1495 cormeum
711 1444 799 1493 ailliuit
819 1451 844 1496 et
863 1443 944 1496 adhuc
964 1445 1071 1512 affligit?
1515 1451 1516 1454 ’

245 1513 330 1564 Natus
349 1516 397 1564 luit
414 1515 474 1564 mibi
492 1515 569 1570 tilius,
596 1521 670 1564 natue
689 1521 728 1564 est
746 1517 823 1565 etiam
841 1517 894 1565 tibi.
932 1516 985 1566 Ah!
1017 1517 1119 1567 Utinam
1138 1515 1231 1566 lolicior
1248 1521 1305 1566 tuus
1324 1516 1430 1573 sumat,
1457 1523 1531 1582 amne

172 1593 198 1634 te
226 1592 346 1649 tuumque
373 1588 485 1635 suavium
513 1587 585 1635 atter
612 1585 744 1636 exhiberet.
783 1585 885 1650 Speravi
899 1587 1050 1638 ,diuturnam
1073 1589 1149 1636 ritum
1173 1587 1240 1637 tilioli
1264 1588 1326 1644 meir
1358 1585 1464 1636 confirm
1487 1588 1530 1646 lui,

171 1658 254 1721 ipsum
272 1658 409 1706 senectutis
428 1657 561 1720 aliquando
586 1671 657 1706 meae
676 1671 736 1718 prae
755 1659 844 1706 ceteris
867 1659 928 1707 meis
947 1658 1028 1708 liberis
1047 1659 1098 1708 lore
1117 1657 1242 1707 baculum.
1278 1657 1380 1707 Pnomisi
1399 1659 1458 1706 mihi
1477 1657 1530 1721 plu·

171 1729 237 1778 rima
254 1726 287 1776 de
306 1728 372 1790 ipso;
392 1727 434 1776 alii
452 1727 510 1776 mihi
530 1742 559 1777 ex
578 1729 659 1776 animo
678 1735 736 1776 sunt
754 1728 881 1792 gratulati.
919 1728 972 1794 Ego
985 1728 1040 1778 Deo
1059 1743 1120 1793 quas
1138 1729 1300 1793 persolverem
1317 1729 1412 1794 gratias
1428 1729 1530 1786 nescivi,

170 1797 259 1848 sedulo
278 1804 365 1848 umen
388 1799 566 1848 ardentissimis
586 1799 649 1847 votis
676 1799 754 1861 ipsum
778 1799 916 1848 sollicitari.
956 1799 1047 1849 Verum
1069 1799 1129 1849 illud
1152 1814 1234 1849 meum
1251 1800 1370 1864 gaudium
1389 1797 1530 1848 diuturnum

170 1885 222 1920 non
240 1868 297 1917 init.
334 1867 401 1918 Nam
421 1869 454 1918 ad
473 1868 489 1916 5
508 1870 660 1932 septimanas
685 1884 734 1918 non
759 1871 885 1933 pervenit,
914 1872 1006 1920 etenim
1029 1871 1068 1919 die
1088 1865 1122 1936 Q,
1147 1871 1188 1934 qui
1207 1871 1253 1919 luit
1272 1868 1313 1918 15.
1333 1869 1392 1920 Feb.
1412 1870 1531 1933 epilepsia

170 1941 286 1990 laborare
307 1941 380 2002 cepit,
399 1938 461 1989 lucra
479 1941 560 1990 nostia
579 1937 611 1998 ὃς
630 1940 689 1989 indo
707 1954 758 2004 seq.
779 1940 819 1990 die
838 1941 960 1990 continuis
978 1942 1122 2004 paroaismia
1140 1947 1220 1990 toturn
1238 1939 1408 2004 corpusculum
1428 1954 1530 1990 enerra-

167 2021 224 2063 turn
243 2010 299 2066 luit,
319 2017 349 2059 ut
366 2009 428 2060 hora
445 2013 524 2060 noctis
547 2007 579 2058 tu
596 2017 747 2073 postremum
766 2010 920 2060 exhalaverit
931 2012 1051 2074 spiritum.
1090 2012 1144 2061 ah!
1173 2009 1220 2061 Ubi
1232 2025 1290 2061 mea
1301 2011 1345 2060 illa
1357 2009 1430 2074 spesi
1448 2026 1531 2060 meum

168 2079 311 2149 gaudium?
337 2081 397 2130 illae
415 2079 615 2146 gratulationes?
652 2081 681 2130 ln
699 2083 866 2139 moestitiam,
891 2081 1032 2143 lachrymas
1051 2089 1077 2133 et
1094 2081 1285 2144 insuperabilem
1302 2082 1428 2131 tristitiam
1447 2083 1532 2131 omnia

167 2161 229 2203 aunt
247 2150 368 2201 resoluta.
406 2151 489 2201 Natus
506 2153 553 2200 init
570 2151 630 2200 mihi
648 2151 713 2200 lilius
732 2167 780 2200 non
799 2153 868 2201 lilia:
900 2153 1043 2216 etquidem
1062 2153 1529 2216 eotemporequomaairneexopta-

166 2237 262 2274 reram.
295 2219 395 2271 Nomen
414 2222 446 2272 ab
465 2223 577 2286 Angusto
595 2223 705 2287 principe
725 2225 824 2286 accepit
836 2224 984 2288 Augustum.
1016 2226 1156 2289 Augustum
1173 2223 1282 2272 laturum
1300 2224 1404 2287 sperari.
1437 2222 1531 2272 Verum

166 2303 248 2345 moros
267 2293 410 2357 etquidem
429 2294 574 2357 epileptica,
603 2293 673 2351 dira,
695 2295 759 2351 ista,
778 2307 842 2358 quse
860 2294 1007 2344 ridebantur
1024 2296 1169 2365 isboissima
1190 2295 1289 2351 omina,
1317 2295 1342 2344 iu
1365 2293 1468 2344 nibilum
1486 2295 1530 2344 ab·

164 2369 257 2418 ierunt

240 2434 293 2484 Sed
311 2447 359 2496 qno
377 2433 440 2483 abeo
459 2433 589 2484 affeedbus
608 2439 634 2484 et
652 2433 877 2498 perturbationibus
904 2430 1052 2500 (aquibus,
1080 2435 1101 2483 si
1127 2433 1198 2484 irena
1215 2434 1252 2484 eis
1269 2433 1365 2492 laxem,
1389 2448 1430 2482 me
1447 2435 1488 2484 via
1505 2441 1532 2484 et

163 2507 279 2570 prolecto
299 2506 339 2553 rix
356 2517 472 2553 revocare
490 2501 600 2568 possum)
619 2506 723 2554 nimium
745 2505 851 2554 inhians.
889 2507 1016 2570 Angustus
1036 2511 1074 2554 est
1091 2507 1117 2554 iu
1136 2507 1240 2570 glorioso
1259 2513 1364 2570 angusto
1379 2504 1531 2568 Angelorum

164 2579 250 2636 choro,
271 2575 450 2638 compendiosa
467 2576 508 2624 via
526 2575 559 2624 ad
577 2577 602 2624 id
620 2576 686 2638 qnod
702 2576 871 2638 principaliter
888 2589 1017 2639 speramus
1035 2577 1154 2639 pertenit.
1191 2578 1226 2625 At
1245 2590 1301 2640 ego,
1320 2577 1367 2626 etsi
1383 2577 1465 2624 omine
1482 2574 1531 2626 hoe

163 2663 216 2698 non
236 2648 358 2709 deceptus
375 2659 443 2703 snm,
471 2659 542 2695 omen
564 2652 650 2696 tamen
672 2647 739 2697 istud
761 2647 835 2711 longe
859 2646 933 2696 aliter
956 2645 1015 2695 milui
1040 2647 1075 2696 lui
1094 2648 1278 2711 interpretatus.
1316 2645 1392 2698 Vivat
1409 2659 1468 2710 ergo
1485 2647 1529 2703 ibi,

163 2720 264 2769 fiuntur
283 2717 372 2781 quibus
390 2729 435 2764 nos
454 2715 535 2766 adhuc
559 2717 585 2765 in
603 2731 647 2780 spe
669 2717 722 2780 ipse
744 2719 770 2766 in
794 2731 833 2776 re,
864 2718 922 2783 quia
939 2716 995 2766 Deo
1020 2718 1058 2766 ita
1082 2719 1159 2766 ritum
1184 2723 1234 2766 est:
1265 2713 1364 2767 interim
1388 2722 1473 2765 tamen
1492 2717 1530 2766 sui

162 2803 286 2856 magnum
307 2787 454 2836 desiderium
471 2787 512 2835 hio
530 2787 589 2836 mihi
607 2787 712 2851 reliquit.
748 2787 919 2837 Veruntamen
944 2789 1061 2852 qnoniam
1086 2788 1255 2837 animadverto
1279 2790 1358 2850 ipsum
1381 2786 1530 2852 longaevum

162 2863 204 2910 ria
222 2862 334 2910 laturum
347 2859 421 2908 muse
440 2853 507 2918 (ride
525 2872 600 2924 snpra
617 2873 641 2921 p.
656 2855 729 2918 ²98),
749 2871 798 2922 ago
816 2857 873 2907 Deo
892 2859 1003 2924 gratias,
1022 2858 1087 2921 qnod
1104 2873 1153 2907 non
1173 2858 1215 2907 diu
1232 2859 1276 2907 illa
1294 2872 1337 2921 spe
1356 2857 1391 2907 ini
1409 2856 1525 2906 laetatus.

161 2931 290 2982 Dominus
308 2929 392 2986 dedit,
421 2928 543 2977 Dominus
562 2929 676 2985 obstulit,
703 2931 736 2978 sit
759 2944 850 2980 nomeu
868 2928 969 2978 Domini
996 2927 1050 2992 (Ah
1067 2943 1142 2994 quam
1161 2943 1237 2994 aegre
1255 2929 1318 2978 baec
1337 2943 1367 2978 ex
1384 2928 1528 2991 perturbato

163 3003 241 3052 corde
266 2995 441 3065 prorumpunt)
469 2999 634 3050 benedictum.
672 2999 766 3050 Verum
790 3001 836 3050 liat
858 3001 972 3050 voluntas
997 3009 1055 3057 tua,
1083 2999 1203 3050 Domine!
1244 2999 1320 3050 Plura
1345 2999 1452 3049 scribere
1478 3012 1529 3048 nou
1557 3053 1559 3056 ,

236 3144 296 3194 Jam
315 3139 425 3190 adalia
463 3139 639 3190 Tristissimum
665 3153 696 3190 ex
718 3139 796 3190 literis
815 3141 864 3189 tuis
881 3142 982 3206 percepi
1000 3140 1117 3190 nuncium
1142 3140 1172 3190 de
1191 3145 1270 3190 morte
1289 3139 1351 3190 lter.
1370 3139 1424 3188 Viri
1441 3138 1474 3188 D.
1493 3139 1527 3190 D.

162 3213 239 3264 Willr.
259 3211 463 3263 Zimmermanni.
500 3210 541 3261 Ab
558 3216 677 3275 quaeum
696 3211 803 3262 ecclesia
820 3211 870 3261 Dei
886 3211 934 3261 boc
952 3213 1042 3260 amisso
1064 3210 1119 3260 Viro
1138 3213 1198 3262 iecit
1212 3211 1352 3274 jacturam!
1390 3209 1458 3260 Deus
1477 3210 1527 3261 cle·

161 3292 262 3336 menter
281 3285 336 3345 ejus
355 3283 513 3340 misereatur,
541 3289 567 3332 et
585 3283 611 3330 in
630 3283 710 3332 locum
734 3283 810 3346 ipsius
835 3285 859 3332 ei
877 3283 952 3333 alium
970 3283 1084 3339 fidelem,
1110 3284 1151 3348 qui
1175 3284 1230 3347 pari
1255 3282 1402 3332 dexteritate
1425 3282 1527 3345 praetit,

162 3357 310 3406 aubstituat.
347 3353 415 3403 Dum
433 3367 464 3402 ex
481 3354 557 3404 literis
575 3355 625 3402 tuis
643 3361 747 3403 mortem
765 3352 837 3416 hujus
855 3354 898 3402 riri
917 3353 1017 3419 collegis
1044 3354 1105 3403 meis
1124 3353 1248 3408 referrem,
1267 3367 1352 3403 omues
1370 3353 1529 3403 uehementer

163 3431 350 3494 ingemuerunt,
366 3426 407 3474 .de
434 3425 541 3475 ecclesia
566 3426 711 3489 praesertim
730 3431 867 3474 seruorum
890 3425 999 3474 locorum
1024 3423 1156 3475 admodum
1181 3425 1287 3474 solliciti.
1326 3423 1376 3474 Sed
1400 3437 1527 3488 operamne

164 3498 264 3554 Deum,
293 3499 334 3562 qui
359 3499 439 3561 ipsum
461 3497 563 3546 tandem
592 3511 622 3545 ex
643 3495 681 3544 his
707 3498 829 3545 aerumnis
854 3495 982 3554 liberarit,
1011 3497 1133 3547 ecclesiae
1159 3511 1220 3547 suae
1243 3496 1333 3544 iterum
1350 3501 1454 3560 paterne
1473 3508 1527 3546 ease

182 3585 223 3620 roa
241 3575 363 3619 occuram.

164 3585 182 3633 p
224 3585 312 3701 Pom
337 3639 369 3688 de
396 3643 520 3687 cometa
543 3636 592 3685 dici
610 3636 708 3696 souin,
735 3650 813 3699 nuper
837 3637 913 3686 etiam
933 3635 1032 3686 aliunde
1054 3636 1087 3688 ed
1104 3651 1144 3686 me
1163 3637 1248 3688 delata
1266 3644 1332 3688 sunt
1369 3635 1462 3686 Verum
1480 3649 1527 3700 ego

166 3719 293 3762 comatam
319 3709 413 3759 nullum
437 3707 495 3756 ridi.
532 3707 650 3756 Existimo
673 3713 757 3756 autem
784 3705 820 3768 (id
842 3707 907 3771 quod
926 3721 956 3757 ea
974 3708 1166 3758 circumstantiis
1185 3709 1287 3775 colligo,
1314 3708 1372 3757 dum
1396 3707 1527 3773 diligenter

166 3796 217 3847 qua
234 3791 308 3846 parte
332 3781 396 3831 coeli
419 3779 485 3828 risus
509 3779 583 3828 inerit
603 3775 783 3841 explorarem),
809 3780 870 3828 istos
896 3775 1008 3828 homin'es
1030 3780 1158 3831 vicinitate
1176 3779 1199 3842 li
1218 3789 1245 3831 et
1263 3773 1288 3846 Ω
1308 3779 1424 3844 deceptos
1442 3779 1526 3838 loun,

166 3855 268 3918 quando
287 3855 403 3902 nimirum
422 3842 447 3916 ῼ
466 3851 590 3899 interdum
608 3865 652 3913 per
669 3850 746 3899 nubes
765 3851 876 3899 caudata
894 3851 946 3898 risa
963 3849 1017 3899 fuit

237 3923 460 3987 Astrologiam
478 3921 550 3971 rideo
567 3927 593 3971 ts
611 3935 661 3970 uon
679 3920 795 3982 abjicere.
831 3922 867 3970 st
884 3934 932 3970 neo
951 3935 982 3971 ea
999 3921 1105 3984 priorum
1122 3933 1233 3970 mearum
1244 3920 1371 3972 literarum
1389 3920 1526 3971 iuitmenat

168 3993 218 4046 Sed
237 4009 297 4060 ego,
314 4009 363 4044 nec
381 4008 432 4043 non
451 3993 493 4042 alii
511 4005 608 4041 mecum
626 3991 784 4042 vehementer
802 3991 917 4041 admirati
935 3998 1007 4050 sunt,
1032 4005 1083 4056 qua
1099 4006 1125 4042 re
1143 3993 1169 4041 in
1187 3991 1347 4059 Prognostico
1366 3991 1438 4054 hujus
1458 3989 1527 4042 tutu

168 4080 224 4116 eam
242 4073 375 4130 tantopere
395 4062 578 4128 exagitaverit?
614 4062 760 4128 Respondet
778 4063 817 4112 his
835 4063 925 4121 literis,
951 4069 978 4112 te
996 4076 1046 4112 uon
1065 4063 1240 4128 astrologiam,
1263 4064 1308 4114 sed
1325 4057 1425 4114 inutilia
1441 4063 1526 4114 dom‘o·

168 4153 221 4187 rum
238 4137 405 4188 numeralium
425 4137 592 4184 instrumenta
610 4141 685 4198 atque
704 4135 734 4183 de
753 4133 855 4197 speciali
872 4134 1042 4197 praedictione
1061 4142 1218 4200 arrogantem
1239 4136 1448 4199 praesumtionem
1466 4148 1525 4184 oon·

169 4210 249 4260 lutare
268 4206 313 4259 do.
352 4210 389 4258 st
412 4207 474 4255 mihi
496 4206 643 4255 ridebantur
660 4207 710 4255 iata
727 4206 753 4255 in
773 4206 848 4254 alium
866 4209 1001 4254 tractatum
1019 4205 1169 4256 reservanda
1185 4205 1267 4266 luisse,
1288 4207 1314 4256 in
1333 4220 1381 4271 quo
1400 4220 1456 4256 oum
1467 4205 1527 4254 solia

168 4281 266 4331 eruditis
286 4279 409 4343 disputari
428 4283 520 4340 posset
558 4277 606 4327 Hic
625 4292 648 4325 n.
669 4291 726 4327 cum
744 4278 838 4326 rustica
862 4276 934 4339 plebe
953 4283 979 4326 ot
996 4275 1093 4334 idiotis,
1121 4290 1137 4327 a
1161 4277 1248 4341 quibus
1270 4293 1320 4327 nou
1345 4287 1464 4342 arrogant
1481 4276 1526 4325 illa

167 4354 324 4416 praesumtio,
345 4351 392 4414 sed
409 4349 571 4413 prognostica
588 4349 619 4397 de
637 4348 794 4412 proventibus
814 4349 882 4405 anni,
902 4347 932 4396 de
951 4347 1020 4396 bellis
1039 4355 1066 4397 et
1083 4361 1148 4412 qnae
1166 4348 1286 4410 ejusmodi
1304 4354 1370 4406 sunt,
1390 4351 1524 4410 expectau-

169 4432 207 4473 tur
223 4431 267 4474 aut
284 4425 445 4488 spectentur,
466 4421 555 4484 agitur.
593 4419 691 4469 Etenim
709 4419 747 4468 his
766 4419 853 4483 ignota
871 4424 930 4467 sunt
946 4418 1110 4468 fundamenta
1126 4421 1250 4469 rationum
1270 4417 1302 4466 12
1316 4419 1442 4484 domorum
1454 4415 1525 4473 eceli,

170 4496 336 4560 triplicitatum
357 4491 405 4542 uc.
447 4489 498 4540 Sed
516 4491 546 4540 de
563 4489 601 4540 luis
620 4492 697 4541 etiam
715 4491 821 4554 quiesco.
859 4488 936 4539 Vides
953 4504 994 4539 me
1010 4497 1121 4540 mentem
1139 4495 1208 4540 tuem
1226 4505 1276 4540 non
1293 4491 1461 4555 impugnasse,
1479 4485 1525 4536 aed

167 4567 226 4632 quod
241 4569 302 4618 mitri
321 4565 452 4622 rideatur,
474 4575 530 4610 earn
548 4563 715 4625 impertinenti
732 4561 787 4611 loco
805 4561 880 4610 rauce
899 4562 1058 4624 propositam,
1076 4561 1191 4610 nimirum
1209 4560 1297 4612 saltem
1315 4562 1341 4610 in
1359 4556 1523 4624 prognostico,

165 4654 221 4706 quse
239 4641 333 4692 durant
353 4649 438 4685 unum
457 4645 562 4690 unum,
583 4647 639 4684 curn
657 4633 709 4684 alia
726 4633 833 4696 scripta,
852 4633 939 4698 quibus
957 4631 1001 4682 illa
1018 4633 1124 4684 materia
1142 4631 1292 4682 commodius
1310 4631 1413 4681 mactari
1430 4628 1522 4692 potuis·

161 4727 171 4762 s
232 4714 238 4727 ⁶
304 4728 319 4763 e
351 4715 427 4759 etna.
847 4748 850 4753 .
998 4719 999 4724 ¹
1074 4730 1078 4738 ,
1321 4725 1328 4734 ·

172 4721 411 4850 mssptzppm
440 4775 661 4826 astronomico
688 4779 731 4825 tuo
754 4772 913 4826 vehementer
941 4771 1021 4826 laetor
1046 4769 1107 4822 mihi
1129 4771 1163 4824 ad
1184 4777 1211 4823 te
1228 4767 1351 4821 nonnoni
1368 4767 1522 4819 occasionem
1574 4788 1577 4791 Δ
