3586 5518
666 277 749 342 caper
767 277 910 330 VI-Vffl.

677 469 797 570 Caput
822 471 905 548 VH.

380 629 440 692 De
461 629 726 694 secundariorum
748 629 861 694 ordina
884 638 914 695 et
933 634 1190 730 proprietatibus.

194 770 382 834 Secundaria
402 772 482 853 qnod
498 770 616 846 attinet,
642 791 709 834 oum
730 774 894 837 octaedron
918 776 959 836 sit
981 775 1065 855 prius
1088 776 1254 850 ioosaedro,
1279 778 1387 838 mirum
1409 777 1469 840 ali-

118 860 157 922 cui
169 859 256 922 rideri
270 859 386 938 possit,
411 880 465 923 cnr
484 861 564 942 quod
579 860 681 923 ordine
700 869 826 925 naturae
840 865 992 943 posterius
1012 871 1069 939 est,
1094 863 1123 926 in
1148 866 1257 926 mundo
1282 867 1469 945 praecedat?

117 950 184 1012 llam
206 947 275 1029 quia
296 950 389 1012 Mars
414 949 621 1011 dodecaedron
646 952 771 1012 sortitus
796 961 845 1012 est
866 972 934 1014 cum
956 953 1086 1028 Tellure,
1111 953 1245 1034 sequitur
1269 973 1306 1016 ex
1331 956 1368 1016 iis
1392 975 1468 1036 quae
1494 957 1523 1012 ,⁶

119 1037 250 1112 diximus,
283 1037 367 1100 inter
392 1038 544 1100 Tellurem
573 1045 604 1100 et
627 1039 777 1102 Venerem
806 1040 952 1103 interesse
980 1043 1168 1105 icosa'edron.
1221 1042 1264 1104 Et
1290 1043 1372 1122 prius
1403 1065 1470 1106 esse

117 1127 264 1191 octaedron
295 1127 462 1190 icosabdro
495 1128 590 1190 multa
622 1128 762 1208 probant.
814 1127 947 1192 Primum
980 1131 1058 1193 enim
1091 1132 1253 1193 octaedrou
1286 1141 1390 1195 natum
1422 1142 1471 1195 est

117 1219 179 1288 (non
201 1233 269 1276 nere
294 1217 433 1297 quidem,
457 1217 512 1278 sed
534 1215 579 1278 ita
602 1218 688 1297 quasi
711 1227 815 1280 uatum
839 1220 894 1292 sit)
919 1238 957 1280 ex
980 1219 1054 1281 cubo
1080 1229 1111 1281 et
1133 1221 1289 1300 pyramide
1311 1221 1415 1300 primis
1439 1223 1469 1284 iu

117 1324 161 1366 suo
174 1305 291 1366 ordine:
319 1325 449 1386 quornm
464 1305 546 1368 illius
561 1324 715 1368 numerum
731 1309 867 1382 laterum,
892 1308 982 1388 hujus
997 1307 1083 1370 basin
1103 1309 1286 1388 triangulam
1305 1319 1468 1373 mutuatur.

117 1393 283 1456 lcosaedron
308 1413 386 1458 vero
411 1396 600 1476 apyramide
620 1403 652 1457 et
667 1395 855 1458 dodecatdro
880 1397 1041 1478 postremis
1065 1397 1093 1457 in
1119 1417 1172 1459 suo
1196 1399 1299 1460 ordine
1324 1399 1467 1460 nascitur.

116 1481 231 1544 Rursum
247 1483 329 1546 enim
349 1503 389 1546 ex
414 1482 468 1544 illa
490 1484 586 1558 basin,
612 1504 649 1545 ex
664 1485 720 1546 hoc
735 1505 888 1548 numerum
903 1485 1031 1547 laterum
1046 1493 1209 1548 mutuatur.
1244 1485 1280 1560 2)
1297 1485 1469 1550 Octaddron

116 1581 141 1632 et
160 1572 337 1635 icosaedron
363 1571 390 1635 si
415 1591 452 1634 ex
476 1573 595 1652 angulis
619 1573 785 1652 adspicias,
817 1573 891 1636 illud
916 1575 983 1638 cubi
1007 1575 1099 1650 basin,
1118 1576 1298 1655 quadratam
1322 1583 1468 1652 ostentat,

116 1660 161 1722 hoc
183 1659 367 1725 dodecabdri
393 1661 656 1742 quinquangulam.
700 1659 735 1736 3)
760 1660 946 1726 Octaddrum
970 1664 1045 1725 cubo
1068 1665 1258 1744 aequealtum
1283 1675 1338 1742 est,
1363 1674 1398 1727 ut
1421 1665 1469 1727 vi·

116 1749 254 1825 debimus,
289 1759 323 1812 et
346 1751 527 1814 icosa‘e'dron
552 1750 751 1813 dodeeaedro.
799 1747 835 1826 4)
860 1750 1034 1814 Octaedron
1066 1772 1133 1814 cum
1162 1753 1256 1829 cubo,
1291 1755 1469 1818 icosabdron

115 1857 170 1900 cum
190 1839 385 1902 dodecaedro
409 1848 583 1919 permutant
605 1859 759 1902 numerum
782 1839 900 1902 basium
916 1850 947 1904 et
962 1841 1148 1920 angulorum.
1184 1841 1263 1904 Nam
1288 1843 1355 1906 cubi
1378 1839 1469 1905 bases

115 1937 140 1988 et
159 1927 289 1991 octaedri
316 1929 423 2009 auguli
447 1938 518 1991 sunt
546 1947 617 2003 sex,
654 1929 735 1991 illius
766 1930 867 2010 auguli
892 1937 923 1992 et
946 1929 1034 2010 hujus
1059 1931 1148 1992 bases
1172 1939 1251 1992 octo.
1299 1932 1350 1994 Sic
1375 1933 1469 1994 dode-

115 2016 202 2078 caedri
225 2018 317 2080 bases
343 2029 376 2078 et
400 2015 550 2079 icosabdri
575 2019 675 2097 anguli
699 2025 769 2080 sunt
792 2019 929 2098 utrinque
949 2019 1126 2081 duodecim:
1150 2019 1284 2082 vicissim
1308 2021 1388 2083 illius
1412 2040 1468 2082 an-

115 2105 166 2184 guli
188 2114 218 2167 et
240 2106 332 2187 hujus
357 2105 454 2169 bases
478 2115 547 2168 suut
569 2105 686 2186 viginti.
734 2105 768 2180 5)
795 2105 968 2170 Octaddron
998 2107 1065 2170 cubi
1095 2113 1210 2170 recmm
1234 2110 1377 2189 angulum
1400 2109 1468 2172 imi-

114 2201 199 2268 tatur,
226 2195 413 2258 icosaedron
443 2195 623 2257 dodecacdri
652 2196 801 2259 obtusum.
848 2195 896 2258 Ex
930 2197 1036 2276 quibus
1067 2207 1155 2280 patet
1187 2200 1350 2261 octaedron
1379 2203 1471 2279 caput

114 2302 171 2346 esse
192 2283 236 2346 sni
260 2284 394 2358 ordinis,
421 2283 501 2346 sicut
523 2284 615 2346 cubus
638 2284 800 2364 primorum
824 2296 872 2347 est
893 2285 1043 2366 princeps.
1404 2371 1413 2408 Ι

694 2521 848 2536 ..μνη-..-

667 2707 787 2808 Caput
814 2647 914 2783 VTlI.

302 2875 305 2882 ¹
326 2885 427 2966 Quod
450 2885 619 2948 octaedron
640 2887 790 2975 eitflintro
818 2885 966 2950 Venerem
991 2895 1021 2951 et
1042 2889 1249 2952 Mercurium.

193 3044 281 3128 ond
308 3055 414 3108 autem
439 3055 601 3126 propterea
624 3047 729 3108 statim
757 3048 795 3108 ad
823 3046 1033 3109 dodecaedron
1056 3049 1085 3110 iu
1109 3049 1219 3110 mundo
1243 3045 1325 3126 sequi
1349 3045 1468 3120 debeat,

116 3155 165 3196 non
187 3135 334 3218 seqnitur.
378 3136 412 3208 1)
436 3135 515 3198 Nam
540 3136 608 3216 quia
631 3153 737 3198 revera
762 3138 819 3199 duo
843 3137 955 3198 diversi
979 3145 1049 3199 sunt
1073 3138 1203 3210 ordines,
1227 3144 1355 3216 possunt
1377 3135 1470 3198 etiam

116 3223 140 3284 in
153 3225 287 3287 diuersas
306 3225 412 3287 mnndi
434 3225 543 3304 plagas
567 3234 705 3305 spectare
729 3227 792 3288 suis
811 3225 969 3305 capitibus.
1008 3225 1044 3301 2)
1066 3227 1165 3305 Atque
1180 3227 1265 3300 adeo,
1290 3225 1360 3305 quia
1378 3224 1471 3286 cubus

116 3313 303 3392 dignissimae
327 3314 431 3376 mundi
451 3313 566 3394 regioni
581 3323 668 3375 extra
682 3315 806 3377 Terram
822 3315 1051 3394 appropinquat,
1076 3315 1334 3378 circumferentiae
1353 3314 1471 3375 scilicet

116 3403 171 3463 sire
192 3403 283 3474 fixis,
310 3411 476 3484 parerat,
508 3412 542 3465 ut
569 3413 601 3464 et
623 3403 748 3466 alterius
773 3404 886 3465 ordinis
910 3412 1001 3482 caput
1024 3405 1152 3484 digniori
1176 3405 1241 3466 loco
1266 3403 1367 3466 mundi
1391 3403 1471 3464 intra

117 3491 236 3554 Telluris
265 3492 370 3554 orbem
402 3493 569 3554 accederet.
615 3492 698 3554 Nihil
725 3501 828 3554 antem
858 3492 976 3570 dignius
1004 3503 1109 3554 centro
1138 3501 1170 3554 et
1193 3493 1274 3554 Sole.
1321 3489 1357 3565 3)
1382 3489 1469 3561 Quod

116 3579 138 3640 si
158 3582 252 3642 etiam
274 3581 431 3661 utriusque
455 3581 568 3642 ordinis
593 3581 683 3642 situm
707 3600 761 3661 pro
790 3599 847 3642 uno
876 3599 1072 3656 censeamus,
1106 3581 1175 3661 quid
1209 3581 1378 3661 elegantius
1406 3579 1470 3640 lieri

116 3677 248 3747 potarat,
282 3688 372 3750 quam
404 3677 438 3730 ut
460 3669 511 3730 ille
539 3670 675 3750 utrinque
705 3669 851 3732 similibus
881 3678 913 3731 et
934 3669 1039 3748 primis
1062 3670 1235 3748 corporibus
1259 3667 1469 3731 clauderetur?

116 3754 148 3832 l)
167 3759 329 3821 Pulchrius
353 3757 446 3819 etiam
469 3767 530 3832 est,
560 3758 728 3819 multifacia
751 3776 876 3839 corpora
899 3759 1068 3820 adinvicem
1091 3758 1176 3838 sequi
1199 3760 1228 3820 in
1252 3757 1365 3829 medio,
1396 3767 1470 3818 eta

117 3848 287 3924 pluralitate
311 3845 429 3922 basium
452 3847 591 3926 utrinque
614 3847 726 3908 sensim
750 3848 787 3907 ad
802 3847 985 3927 paucitatem
1002 3849 1126 3920 discedi,
1151 3847 1176 3908 si
1195 3847 1267 3908 nihil
1293 3847 1373 3908 aliud
1395 3863 1469 3925 pro-

117 3935 220 4011 bibeat,
247 3955 338 4017 quam
361 3935 388 3996 si
412 3937 450 3996 ad
474 3935 634 3997 multarum
654 3935 770 3997 basium
785 3955 893 4015 corpus
914 3945 1088 4015 sequeretur
1111 3955 1201 3998 unum
1224 3953 1386 4015 paucarum
1412 3936 1468 3996 ba-

118 4023 194 4100 sium,
220 4034 254 4087 et
276 4025 406 4106 deniquo
430 4025 607 4085 succederet
629 4043 745 4086 rursum
770 4025 851 4087 aliud
875 4025 963 4104 longe
987 4025 1123 4104 plurium,
1149 4044 1239 4104 quam
1253 4032 1325 4086 erat
1348 4035 1466 4085 utrum-

118 4129 176 4193 que.
214 4112 252 4189 5)
275 4114 379 4192 Atque
404 4131 470 4175 oum
495 4111 704 4174 dodeeaadron
729 4123 812 4176 esset
835 4115 863 4174 in
888 4133 942 4174 suo
964 4115 1069 4174 ordino
1088 4115 1234 4186 ultimum,
1260 4112 1469 4182 conveniebat,

117 4209 146 4263 ut
165 4203 209 4266 illi
232 4203 412 4265 succederet
439 4219 477 4262 ex
505 4202 600 4263 altero
629 4202 746 4277 ordine,
777 4203 854 4282 quod
883 4211 967 4262 esset
995 4201 1041 4262 sui
1064 4202 1172 4263 simile.
1219 4198 1255 4274 6)
1285 4201 1387 4262 Etiam
1413 4201 1468 4260 lnoc

119 4291 151 4354 ad
172 4291 303 4355 Telluris
327 4290 507 4371 dignitatem
530 4291 678 4369 pertinet,
704 4299 737 4351 ut
760 4291 897 4371 utrinque
921 4291 1073 4366 slmiliter,
1099 4300 1241 4370 quantum
1265 4290 1328 4350 fieri
1352 4296 1466 4368 posset,

119 4380 284 4461 stiparetur.
326 4377 406 4442 Cum
429 4379 521 4460 igitur
543 4379 588 4440 ita
611 4379 782 4454 cecidisset,
807 4389 841 4441 m
863 4379 996 4460 exterius
1020 4381 1153 4460 proxime
1178 4380 1341 4442 ambiretur
1362 4375 1466 4437 multi-

120 4469 197 4546 lacio,
221 4489 277 4551 par
301 4477 379 4544 erat,
403 4476 440 4529 ut
461 4467 586 4530 interius
611 4468 704 4531 etiam
728 4468 861 4549 proxime
885 4469 1134 4548 complecteretur
1157 4466 1362 4530 multifaciuna
1398 4463 1465 4560 Duo

119 4557 202 4638 igitur
223 4559 254 4622 bi
277 4558 402 4621 ordines
427 4557 553 4636 quinque
577 4557 682 4618 horum
705 4575 861 4637 corporum
890 4558 935 4618 ita
962 4565 1033 4619 suut
1059 4577 1078 4618 a
1101 4555 1324 4638 sapientissimo
1349 4549 1463 4648 Condr-

119 4655 178 4709 tore
201 4648 229 4711 in
251 4665 342 4710 unum
366 4645 495 4715 redacti,
520 4653 554 4708 ut
578 4645 711 4708 calcibus
728 4645 856 4707 invicem
875 4647 913 4707 ad
930 4646 1089 4720 Tellurem,
1114 4665 1189 4726 quae
1214 4639 1356 4703 maceries
1380 4650 1464 4712 ipso-

119 4753 177 4796 rum
199 4745 253 4814 est,
278 4737 519 4810 obverterentur,
544 4734 695 4816 capitibus
718 4734 748 4796 iu
772 4733 908 4797 diversas
932 4734 1032 4806 mundi
1055 4735 1163 4814 plagas
1187 4727 1383 4866 ἀίξξεάοιοιιι
1400 4721 1428 4791 ⁸)
