3542 5528
222 221 288 304 '72
843 239 1005 291 Prooemium.

245 399 435 465 Beuatblram
457 399 537 462 veni.
584 398 634 462 Ab
658 417 693 460 eo
718 397 765 461 die
789 417 882 480 nsque
907 399 945 461 ad
969 397 1037 462 Gal.
1061 399 1148 475 Jun,
1178 399 1204 464 si
1228 395 1248 462 3
1273 398 1393 462 circiter
1416 395 1609 478 septimanas

246 491 370 564 eximas,
395 489 534 551 continue
558 507 624 549 cum
649 488 793 568 Tychone
814 490 902 570 inque
926 489 1063 551 convictu
1088 491 1151 570 ejus
1175 488 1247 550 vixi.

288 639 292 650 ,
333 578 522 640 Invitaverat
545 577 571 638 is
594 596 641 638 me
665 576 762 638 altera
784 578 849 640 vice
882 579 934 650 (de
957 578 1055 658 prima
1078 577 1156 640 enirn
1186 576 1365 639 invitatione
1389 573 1443 636 tibi
1468 579 1609 642 constat)

245 685 388 748 perquam
411 665 547 728 humanis
581 664 620 726 ad
644 684 690 726 ine
722 665 843 748 scriptis
871 667 977 729 literis.
1025 665 1159 728 Sedeas
1188 685 1244 746 ego
1268 665 1373 727 literas
1399 664 1428 724 d.
1461 661 1508 724 10.
1534 662 1608 724 Jun.

247 757 365 818 demum
389 755 527 816 Viennae
550 754 580 816 in
609 755 708 815 reditu
743 755 854 836 accepi.
907 753 958 818 Sic
986 775 1056 835 ergo
1090 774 1146 816 non
1176 763 1293 816 tantum
1313 761 1430 833 gratus
1465 752 1521 814 sed
1553 769 1611 812 err·

244 853 386 927 peotatus
416 844 509 905 etiam
542 843 599 906 fuit
629 844 777 906 adventus
801 863 895 906 meus.
942 842 1028 917 Quae
1053 845 1191 918 viderim,
1217 863 1293 924 qnae
1317 841 1488 917 didicerim,
1519 839 1610 901 nimis

242 935 307 1015 jam
340 932 460 1012 longum
489 941 572 996 esset
604 951 770 996 recensere.
830 931 987 996 Summam
1023 933 1203 996 narrationis
1239 932 1303 1012 ipse
1339 931 1412 994 milri
1445 928 1612 992 delineasti

244 1021 411 1084 verissimis
435 1021 555 1084 verbis:
580 1041 638 1084 non
662 1029 776 1084 metum
799 1041 875 1096 esse,
910 1031 943 1086 ut
975 1041 1023 1084 me
1052 1021 1207 1103 poeniteat
1237 1020 1363 1084 itineris.
1405 1021 1487 1082 Nam
1511 1027 1545 1080 et
1573 1018 1611 1078 de

247 1111 393 1174 sumtibus
418 1129 558 1172 accessus
583 1109 642 1172 mei
665 1119 786 1174 cautum
810 1129 877 1172 esse
901 1112 972 1174 mibi
995 1111 1100 1184 voluit,
1120 1111 1151 1188 ¹si
1175 1110 1353 1186 voluissem,
1377 1117 1410 1170 et
1433 1109 1470 1170 de
1495 1107 1611 1170 viatico

245 1201 285 1262 ad
308 1198 435 1262 reditum
460 1199 631 1262 necessario
655 1199 806 1262 Viennam
829 1219 923 1279 nsque
947 1200 1111 1281 prospexit.
1163 1198 1286 1261 Summa
1314 1217 1384 1260 vero
1414 1196 1612 1258 tractationis

245 1297 367 1352 nostrae
393 1287 450 1350 l'uic
472 1288 556 1360 baec,
580 1297 614 1350 ut
636 1297 813 1368 procuraret
835 1289 907 1350 mibi
931 1291 1032 1372 Tycha
1058 1290 1161 1351 literas
1186 1287 1339 1362 Caesaris,
1364 1286 1471 1366 quibus
1497 1293 1530 1346 et
1552 1305 1611 1345 vc-

245 1377 382 1440 cererin
406 1376 556 1440 biennium
581 1376 609 1437 in
633 1376 827 1452 Bobemiam,
854 1377 1040 1440 maturandis
1056 1377 1206 1460 Tychonis
1231 1375 1422 1450 editionibus,
1445 1384 1477 1437 et
1496 1374 1611 1436 uilrilo-

245 1465 342 1528 minus
372 1465 516 1528 salarium
547 1471 644 1528 meum
672 1466 701 1528 in
730 1465 834 1548 Styria
862 1467 996 1528 obtinere
1025 1486 1165 1547 possem:
1198 1463 1407 1546 suppeditaret
1435 1472 1467 1526 et
1492 1471 1613 1526 sumtus

244 1555 345 1619 itineri
369 1555 556 1618 necessarios
580 1556 618 1616 ad
644 1554 787 1618 familiam
816 1557 1079 1618 transferendam:
1108 1555 1215 1635 quibus
1240 1575 1259 1616 a
1289 1571 1336 1616 ure
1364 1551 1531 1633 propositis
1562 1552 1612 1612 in-

247 1643 473 1725 superadjecit
500 1653 671 1707 curaturum
699 1665 746 1720 se,
771 1651 806 1706 ut
828 1643 981 1708 minimum
1008 1643 1070 1708 100
1094 1643 1215 1724 insuper
1240 1643 1372 1705 thaleros
1402 1642 1432 1704 in
1460 1641 1622 1704 Bolremia

246 1751 403 1814 accipiam.

334 1822 410 1884 Huic
443 1827 546 1883 nostro
584 1829 673 1900 pacto
709 1840 765 1882 non
790 1820 895 1884 dubito
928 1822 997 1901 quin
1028 1823 1142 1884 faveas.
1191 1821 1304 1881 Verum
1334 1838 1403 1881 ecce
1428 1819 1485 1882 tibi
1510 1820 1613 1898 irnpe-

247 1911 411 1974 dimentum
436 1909 598 1981 etfaciam
623 1929 720 1972 rerum
754 1929 887 1973 mearum
915 1913 1005 1991 plane
1033 1910 1225 1974 contrariam.
1271 1909 1368 1970 Domo
1398 1909 1512 1971 diecesi
1545 1927 1614 1970 curn

245 1999 333 2064 venia
355 2000 553 2080 magistratus
577 2000 655 2072 mei;
680 1999 807 2062 reditum
831 2017 929 2062 meum
947 2000 997 2061 ubi
1016 2001 1077 2062 illis
1092 1997 1268 2074 significavi,
1288 1997 1473 2076 diligentiam
1490 1999 1615 2078 quidem

246 2089 473 2161 collaudnrnut,
499 2083 631 2149 ceterum
656 2089 837 2150 verbotenus
861 2097 1056 2160 suaserunt„
1075 2108 1106 2148 re
1134 2088 1201 2167 ipsa
1224 2086 1279 2149 sub
1304 2085 1487 2174 dimissionis
1513 2087 1614 2148 inter-

246 2178 409 2240 minatione
433 2177 635 2254 imperarnnt,
670 2184 704 2238 nt
727 2175 862 2256 reposita
890 2178 919 2239 iu
942 2196 1088 2257 praesens
1118 2175 1303 2239 astronomia
1333 2175 1513 2238 medicinam
1544 2195 1615 2238 am-

247 2267 414 2347 plecterer,
441 2265 629 2345 animumque
655 2287 673 2327 a
701 2266 958 2345 speculationibus
991 2266 1124 2346 pulchris
1152 2265 1248 2344 magis
1291 2283 1378 2344 quarn
1411 2266 1466 2327 boc
1496 2263 1616 2326 difficili

246 2365 381 2435 tempore
404 2353 589 2416 salutaribus
621 2356 660 2417 ad
683 2373 785 2416 curam
808 2355 950 2417 utilitatis
974 2356 1113 2436 publicae
1136 2354 1333 2416 traducerem.

334 2444 377 2506 Et
401 2443 471 2524 quia
489 2435 697 2522 'experimento
720 2444 929 2524 probaveram,
953 2463 1043 2524 posse
1069 2463 1117 2506 me
1141 2444 1230 2504 domo
1254 2461 1321 2504 mea
1345 2459 1459 2515 carere,
1485 2439 1614 2504 limeu-

245 2533 328 2596 sibus
352 2531 459 2595 itinero
483 2533 646 2596 Bobemicc
675 2533 858 2606 consumtis,
898 2543 1075 2604 suaserunt,
1115 2540 1149 2594 ut
1180 2532 1235 2593 sub
1265 2531 1398 2592 autumni
1428 2539 1551 2608 ternpus
1584 2531 1614 2591 iu

246 2622 366 2685 ltaliam
390 2622 473 2695 irem,
498 2622 665 2684 medicinae
689 2643 792 2684 causa.
839 2621 873 2684 Si
898 2640 1007 2684 causas
1031 2641 1133 2684 omnes
1162 2620 1313 2700 explicare
1342 2620 1470 2692 vellem,
1502 2619 1615 2698 quibus

244 2711 309 2790 jam
333 2711 363 2772 in
386 2710 563 2772 Bobemiam
587 2713 696 2792 rapior,
718 2711 783 2792 jam
808 2712 837 2773 in
862 2711 993 2784 Italiam,
1017 2719 1134 2791 tempus
1158 2718 1295 2772 tererem.
1341 2707 1467 2770 Summa
1491 2708 1613 2769 delibe-

245 2799 371 2863 rationis
394 2819 480 2862 meae
504 2801 579 2863 haec
603 2811 669 2862 est:
703 2801 790 2882 cupio
823 2800 920 2862 adhuc
951 2819 1045 2861 annos
1069 2800 1184 2880 aliquot
1207 2798 1236 2858 in
1260 2797 1471 2860 astronomicis
1496 2815 1613 2858 consu-

245 2907 336 2964 mere,
360 2896 485 2969 propter
508 2890 681 2972 Tyohonem
703 2889 886 2951 ditissimum
910 2908 1007 2950 rerum
1030 2889 1135 2952 harum
1158 2904 1386 2966 possessorem:
1411 2886 1475 2946 sive
1505 2885 1536 2946 id
1560 2887 1616 2948 liat

246 2979 274 3040 in
298 2977 461 3048 Bobemia,
487 2979 559 3055 sive,
586 2979 665 3058 quod
688 2979 805 3052 malim,
830 2979 878 3039 hic
904 2977 1033 3042 Grastii.
1081 2978 1204 3039 Interea
1225 2975 1384 3056 paullatim
1408 2974 1438 3034 ia
1463 2974 1618 3036 medicina

243 3067 453 3147 progrederer.
500 3067 550 3129 Ad
584 3069 640 3129 lroc
670 3067 841 3129 institutum
870 3085 944 3145 opus
967 3067 1039 3128 mihi
1068 3074 1117 3128 est
1144 3064 1366 3128 continuatione
1391 3064 1506 3138 salarii,
1533 3064 1615 3144 quod

246 3155 284 3216 ab
308 3154 472 3217 Ordinibus
495 3155 583 3235 bnjus
607 3155 777 3235 provinciae
802 3154 907 3230 habeo,
929 3172 1004 3232 opus
1027 3163 1058 3216 et
1073 3155 1236 3217 securitate
1256 3155 1283 3214 iu
1304 3153 1458 3231 religionis
1474 3153 1613 3232 negotio,

245 3262 334 3324 qnam
357 3252 514 3322 praestaro
538 3243 677 3323 princeps
700 3249 818 3323 potest,
847 3243 926 3323 quali
951 3244 1043 3304 etiam
1066 3243 1169 3325 Tychc
1193 3243 1247 3304 sub
1273 3241 1406 3303 Caesare
1432 3242 1543 3302 fruitur
1568 3241 1616 3314 (in

246 3351 347 3410 marg:
371 3331 509 3412 utrinque
534 3353 580 3392 me
601 3341 689 3392 extra
711 3339 823 3392 metum
846 3351 914 3392 esse
939 3336 1084 3412 oportet).

332 3419 362 3481 A
387 3427 417 3481 te
441 3439 522 3494 vern,
547 3421 591 3482 M.
616 3420 687 3493 Vir,
712 3420 768 3480 hoo
790 3427 881 3499 pcto,
905 3422 1030 3501 primum
1054 3432 1088 3484 ut
1110 3420 1265 3484 consultor
1287 3419 1359 3482 mihi
1382 3417 1517 3497 optimus
1542 3437 1614 3480 esse

244 3507 335 3581 velis,
361 3508 482 3582 deinde,
507 3509 571 3570 sive
596 3508 691 3580 aliud,
716 3508 780 3569 sive
805 3508 876 3581 boc,
901 3511 979 3591 quod
1003 3529 1059 3590 ego
1078 3503 1180 3590 ¹elegi,
1205 3508 1350 3582 suaseris,
1386 3508 1430 3569 uti
1454 3509 1559 3570 media
1583 3517 1617 3568 et

244 3596 358 3660 indices
384 3606 414 3657 et
438 3597 667 3672 subministres,
692 3615 815 3679 qnorum
839 3597 966 3660 alterum
989 3600 1081 3680 probe
1105 3600 1200 3673 nosti,
1227 3600 1352 3659 alterurn
1376 3597 1474 3677 polles
1499 3597 1613 3658 illustri

246 3685 311 3746 loco
335 3686 529 3760 constitutus,
552 3685 582 3747 iu
609 3686 664 3746 hac
688 3687 866 3764 praesertim
889 3688 1130 3757 Monachiensis‚
1155 3687 1337 3750 Graezensis
1371 3695 1402 3747 et
1425 3682 1614 3748 Bobemicae

245 3773 333 3834 aulae
357 3781 462 3836 mutua
484 3775 668 3835 connexione
692 3782 724 3835 et
745 3777 965 3854 praestantium
989 3779 1151 3840 autoritate
1177 3775 1305 3836 virorum
1329 3775 1448 3836 notitia.

335 3859 477 3936 Quaeris,
502 3863 545 3937 si,
571 3863 648 3942 quod
678 3863 727 3924 hio
760 3864 855 3926 habeo
880 3865 1036 3940 salarium,
1070 3886 1137 3928 cum
1160 3883 1303 3927 caesareo
1333 3865 1433 3925 forsan
1464 3864 1614 3944 ampliore

245 3957 500 4026 commutaretur,
533 3949 587 4030 qui,
615 3952 644 4012 id
677 3952 748 4015 mihi
782 3953 822 4014 sit
856 3963 1013 4034 acceptum
1043 3954 1196 4018 futurum?
1241 3952 1375 4014 Primum
1403 3971 1567 4033 separarer
1596 3974 1616 4014 a

250 4036 365 4120 Styria,
391 4040 438 4102 cui
462 4059 528 4102 sum
552 4041 695 4103 astrictus
719 4042 821 4104 multis
845 4043 1125 4106 necessitudinibus.
1150 4043 1184 4104 ld
1208 4040 1357 4103 vinculum
1381 4041 1410 4103 in
1435 4061 1530 4104 uxore
1546 4061 1618 4104 mea

247 4126 371 4208 ejusque
404 4128 491 4190 bouis
525 4129 691 4210 stringitur.
738 4131 854 4192 Deinde
887 4152 935 4195 mc
968 4133 1098 4212 vestigia
1128 4138 1251 4194 terrent.
1299 4129 1419 4211 Tycha,
1454 4133 1503 4192 vir
1533 4131 1616 4195 tanti

247 4216 384 4288 nominis,
410 4225 497 4278 tanta
521 4215 665 4281 Caesaris
688 4219 798 4298 gratia,
825 4240 922 4281 annuo
946 4241 1000 4284 suc
1024 4221 1174 4302 stipendio
1197 4219 1329 4282 maxima
1344 4239 1410 4282 curn
1430 4220 1614 4283 difficultate

246 4305 297 4367 vix
321 4307 453 4384 potitur.
479 4326 514 4368 ao
538 4327 611 4368 sane
635 4309 756 4382 nescio,
781 4327 817 4368 an
842 4309 957 4387 potitus
981 4311 1041 4372 sit:
1075 4330 1151 4390 quae
1183 4328 1275 4370 causa
1304 4308 1521 4371 meditationes
1547 4310 1614 4389 ejus

245 4392 441 4456 vehementer
462 4394 574 4456 turbat.
623 4394 702 4466 Quid
732 4415 803 4476 ergo
835 4397 872 4458 de
896 4417 941 4458 me
968 4398 1095 4461 futurum
1125 4397 1230 4460 esset?
1276 4400 1407 4459 Annon
1433 4417 1482 4458 me
1508 4417 1613 4459 ineos-

246 4501 303 4564 qne
328 4482 356 4544 in
382 4492 533 4545 extremas
558 4485 713 4562 augustias
738 4486 803 4546 loco
826 4487 983 4565 peregrino
1008 4487 1215 4566 conjicerent?
1252 4487 1336 4548 Haec
1360 4507 1455 4548 causa
1479 4497 1538 4560 est,
1561 4507 1614 4549 cur

247 4579 300 4632 aut
323 4571 463 4634 salarium
486 4572 657 4654 Styriacum
683 4573 903 4653 quibuscunque
936 4579 1058 4639 tandein
1091 4576 1186 4637 rnodis
1221 4577 1460 4651 defendendum,
1487 4586 1560 4648 urit,
1587 4577 1614 4637 si

248 4677 306 4742 qua
330 4660 498 4724 necessitas
522 4669 647 4736 urgeat,
679 4662 796 4740 longius
827 4664 923 4726 adhuc
947 4665 975 4725 in
1002 4665 1193 4727 Germaniam
1223 4665 1437 4725 discedendum
1462 4672 1611 4746 statuam..

336 4748 382 4812 De
409 4749 859 4844 Werneripobservationibus
883 4755 945 4815 lieri
969 4763 1085 4841 potest,
1117 4763 1148 4816 ut
1173 4773 1218 4822 nie
1245 4754 1334 4816 fallat
1357 4753 1517 4832 memoria,
1545 4774 1612 4816 curn
