3698 5516
303 246 369 312 ²40
552 251 554 259 ’
643 187 647 190 ·
854 246 978 313 Al>⁰¹⁰s¹⁸
995 247 1119 309 nononis

304 409 364 469 rint
386 405 648 481 accommodatae,
682 424 794 468 morem
822 405 898 466 hunc
922 423 1024 467 vemm
1050 399 1253 468 concludeddi
1282 424 1341 467 non
1370 406 1517 480 retinent,
1553 403 1610 466 sed
1634 421 1669 466 se

305 499 386 574 ipsas
409 496 547 575 produnt.
595 495 644 555 lta
666 495 790 555 tandem
814 495 861 568 lit,
886 502 1010 573 propter
1034 493 1276 575 syllogismorum
1299 495 1329 556 in
1354 492 1668 556 demonstrationibus

242 663 245 670 .
304 586 481 664 implexum,
515 594 549 644 ut
570 601 629 643 uno
652 582 873 643 inconvenienti
896 584 967 644 dato
993 591 1157 661 sequantur
1185 583 1302 645 infiniti.
1350 581 1427 645 Cum
1450 583 1556 662 itaque
1580 597 1669 641 nemo

303 691 415 744 eornm,
439 690 513 752 quos
527 671 739 752 hypothesium
754 679 892 736 auctores
916 672 1112 744 celebramus,
1143 671 1174 732 in
1197 672 1330 750 periculo
1347 670 1460 732 versari
1484 671 1560 733 velit
1583 688 1671 730 erro-

305 763 346 824 ris
375 761 455 822 circa
483 761 705 831 conclusiones,
738 770 773 820 ut
802 767 872 820 ante
902 759 964 820 dixi
1003 759 1152 839 seqnitur,
1187 768 1221 821 nt
1249 778 1346 841 neque
1378 760 1536 840 qnisquam
1568 775 1672 818 eornm

304 850 382 912 inter
404 849 588 930 hypotheses
613 867 683 910 snas
711 847 823 928 aliquid
851 847 928 909 velit
954 845 1088 927 recipere
1117 849 1232 923 sciens,
1267 848 1346 927 quod
1373 849 1467 910 errori
1498 846 1541 908 sit
1570 846 1670 906 obno-

302 939 394 1000 xium.
442 937 588 1017 Adeoque
612 955 671 998 non
695 944 813 997 tantum
837 937 874 997 de
898 936 1188 998 demonstrationum
1212 945 1322 998 eventu
1353 944 1384 998 et
1414 934 1672 1007 conclusionibus,

304 1027 358 1090 sed
382 1044 473 1105 saepe
496 1025 593 1105 magis
618 1026 655 1086 de
679 1025 823 1086 assumtis
846 1024 1064 1105 hypothesibus
1093 1025 1216 1086 solliciti
1240 1035 1329 1088 sunt:
1359 1025 1436 1088 adeo
1460 1024 1547 1100 illas,
1579 1030 1673 1104 quot-

305 1125 379 1195 quot
405 1115 503 1175 adhuc
535 1115 596 1176 fere
621 1114 742 1175 fuerunt
774 1121 914 1174 auctores
938 1112 1089 1186 celebres,
1126 1132 1191 1176 curn
1220 1113 1411 1192 geometricis
1445 1121 1510 1174 tum
1533 1111 1672 1194 physicis

304 1204 471 1266 rationibus
495 1203 668 1283 expendunt
692 1210 723 1263 et
747 1202 936 1282 undiquaque
961 1201 1139 1263 conciliatas
1164 1202 1294 1282 cupiunt.

393 1289 474 1362 Quid
497 1291 589 1370 igitur
613 1298 676 1365 est,
703 1290 806 1364 dicas,
842 1291 919 1369 quod
944 1309 1011 1352 cum
1034 1309 1137 1352 omnes
1161 1290 1284 1352 eosdem
1315 1297 1415 1353 motus
1439 1289 1590 1351 coelestes
1615 1289 1672 1350 de-

305 1388 492 1450 monstrent,
527 1386 616 1440 tanta
646 1387 749 1440 tamen
783 1378 824 1440 sit
856 1377 1070 1458 hypothesium
1100 1377 1284 1441 diversitas?
1329 1378 1398 1440 Non
1432 1397 1506 1440 sane
1538 1376 1570 1440 id
1601 1377 1672 1438 inde

305 1470 425 1530 evenire
450 1468 683 1530 existimandum
707 1475 771 1541 est,
804 1467 882 1546 qnod
907 1485 945 1527 ex
968 1467 1046 1527 falso
1072 1485 1174 1529 verum
1203 1485 1257 1547 per
1280 1467 1420 1528 accidens
1449 1466 1533 1546 sequi
1558 1467 1671 1528 soleat.

304 1561 399 1633 Nam,
430 1565 462 1619 ut
487 1564 558 1618 ante
583 1557 664 1625 dixi,
696 1556 725 1617 in
751 1556 840 1634 longo
865 1555 1155 1616 demonstrationum
1183 1555 1361 1634 pervarias
1391 1554 1586 1636 syllogismos
1613 1574 1672 1616 sn-

304 1647 416 1721 fractn,
450 1645 554 1725 quales
582 1646 682 1706 solent
704 1644 733 1704 in
764 1643 950 1706 astronomia
972 1643 1120 1712 existere,
1153 1644 1216 1706 fleri
1240 1643 1291 1703 vix
1319 1661 1450 1724 unquam
1481 1649 1601 1722 potest,
1635 1661 1672 1704 ac

304 1735 375 1796 mihi
399 1754 471 1796 sane
496 1734 665 1813 exemplum
688 1751 746 1794 non
770 1732 909 1805 occurrit,
935 1739 968 1792 ut
994 1750 1031 1792 en
1055 1739 1192 1793 assumta
1215 1750 1274 1793 non
1293 1751 1369 1794 sana
1383 1731 1547 1812 hypothesi
1571 1731 1673 1792 exitus

303 1824 494 1904 undiquaque
519 1842 612 1884 sanus
636 1830 668 1882 et
691 1821 767 1882 coeli
791 1821 923 1881 motibus
948 1821 1104 1898 anuloque,
1130 1829 1183 1882 aut
1206 1820 1288 1892 talis,
1312 1820 1431 1900 qualem
1454 1821 1520 1880 vult
1544 1820 1672 1882 demon-

304 1919 444 1984 stratum,
468 1919 621 1991 sequatur.
669 1909 732 1971 Sed
756 1928 810 1970 nec
835 1926 954 1989 semper
977 1908 1055 1970 idem
1079 1909 1209 1971 eflicitur
1236 1928 1291 1988 per
1314 1909 1451 1970 diversas
1476 1908 1673 1989 hypotheses,

305 2001 422 2081 quoties
447 1999 613 2080 imperitior
637 1998 746 2078 aliquis
771 1997 952 2062 idem-effici
976 2004 1075 2076 putat.
1123 1995 1209 2067 Quae
1232 2017 1268 2058 ex
1284 1995 1482 2077 Cepernici
1507 2007 1674 2076 sequuntur

304 2089 537 2170 hypothesibus,
564 2107 602 2148 ea
622 2085 796 2164 Maginus
820 2105 857 2146 ex
882 2085 950 2146 aliis
973 2084 1126 2158 similiter,
1151 2086 1249 2165 quoad
1273 2105 1425 2159 numeros,
1451 2085 1675 2146 demonstravit

304 2177 531 2256 hypothesibus,
557 2193 633 2254 quae
659 2173 852 2235 Ptolemaicis
866 2180 979 2254 ,essent
1002 2173 1208 2251 utplurimum
1223 2175 1401 2236 conformes.
1416 2168 1441 2247 ')
1487 2173 1569 2235 Num
1592 2173 1672 2235 idem

305 2273 428 2345 uterque
451 2263 614 2344 praestat?
659 2262 784 2323 Minime
808 2262 955 2341 gentium.
1004 2259 1188 2340 Coperuicus
1210 2261 1329 2342 quidem
1353 2280 1476 2324 causam
1501 2261 1591 2323 simul
1615 2262 1673 2322 de·

306 2360 478 2414 monstrare
501 2351 600 2412 voluit
623 2358 655 2412 et
677 2351 900 2425 necessitatem,
927 2370 979 2412 cur
1001 2350 1142 2429 planetae
1157 2351 1327 2429 superiores
1350 2350 1586 2430 inoppositione
1605 2368 1673 2411 cum

233 2481 234 2484 =
306 2441 378 2502 Sole
402 2459 520 2520 semper
544 2448 648 2502 essent
671 2439 774 2501 Terris
797 2439 935 2519 proximi,
960 2447 1171 2522 praeterquam
1195 2441 1274 2520 quod
1294 2439 1425 2502 numeris
1449 2457 1551 2500 eorum
1570 2447 1673 2500 motus

307 2531 336 2591 in
360 2539 514 2609 posterum
538 2528 667 2590 voluerit
690 2534 929 2606 repraesentare.
978 2528 1120 2608 Maginus
1143 2529 1256 2590 omisso
1279 2529 1346 2602 illo,
1380 2529 1459 2609 quod
1484 2525 1673 2606 Cepernicus

307 2620 335 2680 in
359 2617 555 2680 Ptolemaiois
580 2617 764 2680 desideravit
791 2624 823 2677 et
847 2616 875 2678 in
900 2617 963 2678 suis
992 2615 1248 2695 suppositionibus
1272 2637 1330 2678 non
1352 2617 1438 2696 parvi
1467 2617 1560 2690 fecit,
1589 2615 1673 2677 solos

224 2767 230 2778 ,
306 2726 444 2770 numeros
470 2704 629 2784 Copemici
653 2705 710 2766 fuit
734 2705 880 2766 imitatus.
928 2705 962 2765 In
988 2701 1154 2783 Copemico
1179 2705 1328 2783 sequitur,
1354 2705 1485 2767 Martem
1509 2704 1674 2767 admittere

305 2795 475 2876 parallaxin
499 2795 643 2873 majorem
668 2793 752 2867 Sole,
775 2793 803 2854 in
820 2793 945 2871 Magino
970 2793 1026 2854 boe
1050 2791 1170 2853 minime
1195 2793 1339 2872 seqnitur.
1386 2793 1488 2854 Multa
1510 2793 1559 2854 hic
1578 2811 1674 2872 prae-

306 2895 399 2948 tereo.
447 2886 495 2946 Ac
519 2882 578 2944 etsi
602 2883 740 2943 diversae
765 2881 884 2961 aliquae
907 2881 1092 2961 hypotheses
1115 2881 1196 2942 idem
1211 2881 1330 2942 omuino
1345 2883 1548 2960 praestentin
1569 2888 1675 2943 astro-

305 2974 446 3046 nomicis,
471 2972 551 3052 qnod
575 2971 614 3032 de
649 2990 706 3032 sua
730 2969 1003 3049 Cepernicanarum
1026 2970 1192 3030 mutatione
1210 2969 1463 3031 Rothmannns
1486 2968 1517 3030 in
1541 2967 1676 3048 epistola

306 3064 345 3124 ad
368 3063 406 3124 D.
432 3060 604 3141 Tychouem
624 3059 770 3138 jactavit,
805 3057 975 3118 differentia
1005 3064 1105 3120 tamen
1131 3077 1221 3137 saepe
1246 3065 1296 3120 est
1327 3059 1554 3120 conclusionum
1577 3076 1675 3120 causa
1771 3069 1778 3078 ·

305 3151 433 3229 alicujus
448 3147 698 3210 considerationis
714 3145 867 3228 physicae.
879 3139 907 3225 ⁸)
956 3144 1007 3208 Sic
1031 3146 1090 3207 etsi
1107 3147 1225 3208 omnino
1241 3147 1363 3208 eosdem
1378 3146 1504 3227 Tycho
1529 3165 1674 3208 numeros

306 3237 522 3320 hypothesibus
545 3237 608 3298 suis
632 3237 822 3314 exprimeret,
844 3252 918 3313 quos
941 3234 1036 3296 habet
1052 3233 1246 3314 Oopernious,
1273 3236 1321 3314 qni
1341 3243 1444 3298 tamen
1468 3235 1573 3296 vitiosi
1588 3241 1699 3314 sunt,

305 3328 335 3390 in
360 3329 415 3389 hoc
440 3333 540 3388 tamen
565 3325 700 3387 differret
727 3325 876 3385 intentum
905 3323 1193 3386 demonstrationum
1217 3323 1368 3406 Tychonis
1398 3321 1673 3404 acepernicanis,

304 3417 382 3497 qood
406 3423 527 3494 practer
549 3413 784 3493 praedictionem
818 3413 982 3474 futurorum
1015 3419 1149 3474 motuum
1173 3413 1256 3490 cupit
1280 3413 1372 3475 etiam
1396 3415 1511 3476 evitare
1540 3412 1673 3474 immen-

305 3507 428 3569 sitatem
450 3504 532 3566 illam
557 3504 681 3564 fixarum
706 3501 824 3580 aliaque
849 3519 925 3580 quae
941 3498 1124 3578 Oopemicns
1140 3500 1276 3564 admittit
1297 3502 1326 3563 in
1343 3522 1398 3563 sna
1412 3500 1585 3582 hypothesi.
1626 3501 1676 3561 lta

305 3594 496 3658 conclusione
524 3599 642 3653 mutata
673 3591 856 3672 hypotheses
880 3589 981 3650 varias
1006 3588 1136 3650 existere
1165 3608 1289 3652 necesse
1314 3597 1372 3652 est.
1419 3579 1672 3652 inconsideratus

306 3702 376 3745 vero
401 3682 527 3763 aliquis,
563 3681 602 3742 ad
636 3680 717 3740 solos
751 3696 889 3740 numeros
921 3676 1102 3756 respiciens,
1145 3678 1224 3740 idem
1256 3699 1294 3740 ex
1324 3679 1418 3742 variis
1448 3677 1672 3762 hypothesibus

307 3775 439 3851 adeoque
463 3789 565 3832 verum
590 3788 628 3830 ex
652 3768 738 3830 falsis
763 3767 845 3846 sequi
870 3765 1071 3828 existimabit.
1094 3787 1130 3838 Δ·

395 3858 455 3930 Qui
483 3859 522 3920 ad
546 3860 623 3920 banc
651 3875 787 3918 normam
810 3855 911 3917 omnia
935 3853 1126 3934 expenderit,
1161 3873 1234 3916 sane
1264 3853 1366 3917 nescio
1399 3874 1437 3916 an
1465 3853 1511 3916 illi
1542 3853 1607 3915 ulla
1631 3853 1675 3914 sit

306 3967 468 4010 occursura
489 3947 682 4027 hypothesis,
718 3964 771 4007 seu
794 3943 925 4022 simplex
938 3963 1001 4004 ¹seu
1025 3942 1209 4022 composita,
1243 3962 1319 4022 quae
1349 3962 1408 4006 non
1431 3941 1617 4023 peculiarem
1642 3949 1675 4004 ct

307 4038 345 4098 ab
369 4037 506 4098 omnibns
531 4036 598 4098 aliis
623 4041 796 4114 separatam
831 4040 922 4113 atque
952 4031 1140 4094 differentem
1171 4031 1213 4092 sit
1236 4031 1406 4093 exhibitura
1436 4031 1673 4094 conclusionem.

305 4127 385 4188 b'am
408 4123 487 4186 siin
511 4124 703 4202 geometricis
728 4121 843 4183 duabus
866 4120 1087 4201 hypothesibus
1112 4120 1319 4184 conclusiones
1341 4119 1522 4194 coincidunt,
1547 4121 1577 4180 in
1592 4120 1673 4200 phy-

306 4213 377 4275 sicis
401 4221 504 4274 tamen
529 4211 678 4292 quaelibet
711 4209 837 4270 habebit
865 4229 951 4270 snam
979 4209 1162 4288 peculiarem
1192 4209 1398 4288 appendicem.
1446 4207 1510 4270 Sed
1534 4208 1606 4288 quia
1634 4209 1674 4270 ab

306 4301 470 4366 artificibus
494 4300 547 4362 illa
570 4301 600 4362 in
625 4297 760 4381 physicis
784 4297 920 4358 varietas
944 4316 1002 4359 non
1028 4315 1147 4376 semper
1169 4298 1355 4360 considerari
1379 4297 1468 4372 solet,
1494 4297 1597 4377 illique
1613 4297 1674 4375 ipsi

305 4391 427 4473 saepius
458 4388 660 4469 cogitationes
688 4404 758 4448 suas
785 4385 868 4447 intra
895 4386 1078 4463 geometriae
1102 4386 1150 4448 vel
1176 4386 1377 4448 astronomiae
1406 4385 1551 4448 terminos
1585 4384 1673 4446 cobi-

304 4481 379 4545 bent
405 4480 494 4560 inque
518 4496 578 4540 una
606 4477 707 4556 aliqua
737 4473 865 4536 scientia
897 4474 934 4535 de
958 4475 1194 4554 aequipollentia
1224 4473 1434 4558 hypothesium
1459 4473 1671 4554 quaestionem

153 4583 167 4607 ·
224 4607 232 4620 -
304 4571 482 4639 instituunt,
507 4564 691 4646 posthabitis
715 4561 843 4626 diversis
868 4561 1014 4642 sequelis,
1051 4582 1127 4642 quae
1150 4571 1291 4642 respectu
1315 4561 1449 4625 albutium
1473 4561 1672 4624 scientiarum

304 4659 483 4722 ventilatam
498 4653 764 4736 aequipollentiam
774 4649 942 4712 diminuunt
957 4657 988 4712 et
998 4651 1172 4713 destruunt:
1197 4669 1253 4731 par
1269 4662 1327 4726 cst,
1346 4659 1381 4712 ut
1394 4669 1450 4713 nos
1466 4670 1583 4731 quoqne
1604 4670 1671 4713 ser-

305 4767 421 4812 monem
444 4755 477 4810 et
498 4743 724 4826 responsionem
747 4746 882 4804 nostram
905 4739 944 4800 ad
967 4738 1099 4819 ipsorum
1116 4739 1255 4822 loquendi
1269 4759 1382 4805 morem
1398 4740 1671 4803 accommodemus.
