3674 5528
349 269 415 341 218
771 273 873 325 Litaras
890 272 994 338 lapion
1014 271 1168 338 ulmeus
1185 279 1288 324 mutuas

348 430 424 496 baec
446 428 527 492 vires
554 427 654 491 nullas
677 429 727 502 (ιι
747 426 886 509 eclipsis)
910 429 1014 493 habet.
1060 429 1169 511 ltaque
1201 428 1431 510 significationis
1460 429 1644 511 principium
1678 427 1708 489 in

348 517 564 598 imaginatione
588 517 731 580 consistit
754 517 882 594 animae,
907 519 957 581 vel
982 519 1149 581 auimamm
1163 518 1378 594 sublunarium,
1401 520 1477 584 locis
1499 519 1537 582 iis
1561 515 1709 598 alligata-

348 621 431 681 mm,
443 605 494 668 uhi
518 605 655 668 deiectus
679 605 819 668 comitur.

421 693 600 752 Fabricium
628 685 801 744 Resolutic
820 693 973 744 Vernalis
989 693 1067 744 habet
1085 693 1193 758 aliquam
1211 694 1437 760 *purificationem
1465 701 1506 745 art
1523 695 1593 744 esim
1610 693 1655 742 ills
1673 693 1710 742 ln-

349 765 436 814 troitus
450 762 515 816 Sella
532 766 559 816 lu
577 767 681 830 primurn
699 772 819 830 punctum
837 763 863 828 Υ
883 765 953 830 quasi
971 765 1069 832 genesis
1087 764 1211 830 quasdam
1229 767 1305 814 sudus
1317 767 1394 824 anni,
1413 773 1439 816 ιι
1456 765 1523 818 baad
1538 765 1614 816 dubia
1640 764 1712 814 initia

348 835 434 886 mundi
446 834 488 885 Sol
507 833 568 886 illud
584 837 730 900 principium
742 837 848 886 obtinuit
860 842 887 886 et
898 835 968 900 quasi
980 836 1090 886 radicem
1102 835 1189 885 habuit
1207 837 1244 886 aul
1256 841 1347 887 ructus.
1385 835 1457 897 Quod
1470 837 1542 886 multi
1555 851 1587 886 ex
1600 835 1711 898 πριιιι-

240 939 245 946 -
348 907 393 956 ιιι
410 903 528 956 mercada
545 907 677 957 iutroitslis
695 907 839 973 generalem
856 905 982 971 quaudm
1000 906 1167 956 conditionem
1186 909 1261 966 anui,
1281 907 1378 974 frugum
1397 905 1637 970 succrescunt,
1663 919 1713 956 ucu

347 978 431 1042 proba
450 977 495 1026 aad
512 978 611 1042 singula
628 978 686 1030 loca
702 978 804 1044 siugulis
822 979 972 1042 temporibus
990 977 1146 1042 inspicienda
1164 991 1218 1030 eras
1236 983 1296 1042 pato
1315 975 1361 1028 ιιι.
1381 976 1427 1029 ἀι.

438 1049 645 1128 Keplerns:
680 1049 794 1112 Thema
816 1049 1011 1111 revolutionis
1034 1047 1149 1125 mundi,
1182 1057 1215 1112 ut
1245 1050 1336 1129 plane
1368 1049 1459 1111 claris
1481 1047 1584 1110 verbis
1609 1025 1710 1110 meam

349 1137 532 1200 sententiam
564 1137 677 1213 dicam,
712 1137 877 1219 sisyphium
906 1144 979 1219 puto
1007 1135 1139 1216 lapidem
1167 1155 1221 1216 pro
1245 1137 1454 1200 excruciandis
1482 1137 1710 1217 astrologorum

355 1225 492 1304 ingeniis,
517 1244 575 1305 quo
599 1185 677 1289 nihii
696 1227 858 1306 proficitur.
903 1225 972 1287 Etsi
997 1226 1076 1288 enirn
1091 1227 1296 1301 concederem,
1320 1225 1464 1288 mundum
1478 1223 1571 1288 in0⁰
1594 1223 1632 1302 Υ
1657 1243 1714 1286 ex-

349 1313 458 1388 titisse,
484 1313 554 1394 quid
577 1314 634 1378 hoc
649 1315 688 1376 ad
702 1324 830 1396 pestem,
853 1313 965 1376 bellum
989 1313 1069 1378 &ci
1116 1311 1197 1385 Quid
1211 1314 1264 1376 liet
1278 1315 1471 1389 australibus,
1498 1313 1569 1394 quid
1591 1333 1712 1394 aequa-

350 1402 425 1465 toris
448 1401 570 1477 incolis,
603 1403 710 1484 quibus
738 1412 810 1465 tunc
834 1403 960 1464 aestas?
1005 1403 1095 1464 Anne
1123 1410 1229 1463 nostra
1254 1403 1352 1483 pastis
1386 1401 1486 1464 mundi
1510 1402 1610 1482 pestis
1636 1401 1711 1464 est?

350 1492 437 1554 Anne
456 1508 511 1570 per
533 1490 683 1554 hominem
705 1491 800 1572 ipsius
825 1492 937 1553 Terrae
959 1491 1097 1571 jugulum
1121 1491 1150 1552 in
1176 1491 1254 1552 bello
1277 1491 1341 1571 peti
1364 1489 1486 1572 potest?
1509 1489 1552 1553 Et
1577 1491 1713 1570 quando,

349 1596 475 1659 quaeso,
501 1579 713 1642 universaliter
736 1581 839 1660 fruges
864 1587 929 1642 tcto
953 1579 1114 1641 Tervamm
1143 1579 1217 1662 orbe
1244 1577 1441 1642 deiecerunt?
1487 1579 1553 1642 Hoc
1577 1597 1661 1640 anno
1686 1579 1715 1643 in

349 1667 488 1730 chonia
518 1669 627 1730 messis
659 1668 787 1743 interiit,
820 1686 968 1748 oppressa
999 1669 1066 1729 nive
1103 1667 1266 1748 bellisque;
1299 1668 1328 1730 in
1361 1667 1509 1730 Bchemia
1536 1667 1614 1729 uber
1647 1668 1714 1730 init

352 1755 517 1817 Vindemis
539 1755 568 1817 in
592 1755 699 1818 Rheno
723 1756 842 1836 exigua,
867 1756 959 1818 Nicro
974 1755 1065 1830 nulla,
1095 1754 1226 1818 Austris
1238 1757 1381 1836 maligna,
1405 1755 1593 1818 vicinissime
1607 1754 1716 1840 Styria

350 1843 473 1925 copiosa
500 1849 533 1906 et
556 1844 727 1908 laudabilis.
776 1842 916 1908 Concede
935 1843 1018 1923 jam,
1051 1863 1119 1906 esse
1144 1845 1257 1906 Terrae
1282 1863 1370 1908 suam
1398 1845 1538 1926 genesin,
1575 1845 1646 1906 loca
1671 1864 1714 1908 sc.

349 1934 538 2016 planetarum
562 1940 698 2014 tempore
713 1933 892 2008 creationis;
915 1933 995 2006 vide,
1019 1933 1091 2012 quid
1105 1943 1258 2014 sequatur.
1307 1933 1515 2006 Profectiones
1535 1941 1609 1995 tuae
1623 1945 1717 1995 erunt

350 2021 556 2085 instituendae
586 2021 624 2084 ad
647 2022 744 2085 locum
767 2022 958 2105 planetarum
982 2021 1109 2096 radicis;
1142 2031 1209 2098 aut,
1248 2024 1274 2085 si
1302 2023 1381 2086 hunc
1404 2023 1539 2085 laborem
1562 2023 1661 2084 etiam
1685 2024 1715 2086 in

350 2109 498 2172 humanae
520 2109 642 2190 genesis
666 2111 799 2172 themate
825 2109 933 2184 sumis,
956 2119 990 2172 ut
1013 2119 1045 2171 et
1067 2110 1282 2187 revolutionis,
1307 2118 1451 2192 tanquam
1474 2111 1604 2184 radicis,
1637 2129 1715 2192 pro-

351 2197 497 2261 fectiones
520 2197 663 2260 instituas
683 2199 749 2278 jam
773 2199 829 2261 tibi
852 2206 901 2260 est
923 2199 1050 2260 confusa
1072 2199 1151 2261 ratic
1181 2199 1401 2280 experientiae,
1441 2200 1514 2279 quis
1534 2199 1614 2261 duae
1638 2217 1713 2280 prc-

351 2286 513 2348 iectionum
538 2287 641 2361 series,
667 2287 848 2368 insuperque
872 2295 1014 2367 aspectus
1038 2295 1229 2350 concurrunt.
1274 2288 1400 2351 Nitetnr
1427 2288 1531 2370 itaque
1555 2289 1715 2368 negotium

352 2373 518 2437 nudissima
534 2373 697 2454 ¹opinione.
744 2375 807 2438 Sed
839 2385 872 2439 tu
900 2377 1005 2455 putas,
1039 2374 1165 2456 singulis
1189 2376 1290 2452 anuis,
1325 2376 1397 2440 Sole
1426 2377 1456 2440 in
1479 2373 1525 2440 0⁰
1546 2375 1584 2454 Υ
1609 2387 1714 2454 ιιιιι,

352 2481 459 2525 novam
489 2481 557 2524 esse
581 2465 705 2542 genesin
729 2465 810 2528 anui.
857 2461 936 2536 Quid
961 2482 1041 2548 ergo,
1061 2465 1195 2527 nascitur
1218 2485 1253 2526 ec
1278 2466 1451 2528 momento?
1498 2464 1575 2528 Cum
1601 2467 1714 2528 horno

352 2551 499 2626 nascitur,
524 2549 595 2632 quid
618 2561 762 2616 umcstur
784 2553 883 2616 rideo.
930 2553 1043 2615 Vivere
1066 2571 1104 2614 ex
1128 2573 1161 2615 se
1189 2553 1255 2633 ipso
1279 2554 1397 2636 incipit,
1433 2562 1525 2617 antea
1548 2573 1587 2616 ex
1611 2565 1713 2618 matre

352 2640 486 2702 vivebat.
531 2640 614 2704 liihil
642 2640 704 2703 tale
737 2642 767 2704 in
791 2662 890 2705 annua
915 2641 1128 2707 foecunditate.
1176 2643 1255 2706 Nam
1277 2644 1381 2705 multis
1411 2643 1485 2706 locis
1509 2651 1582 2705 ante
1607 2646 1713 2724 fruges

350 2816 443 2880 insert
465 2825 498 2879 ιι
521 2837 554 2879 ιι
578 2837 644 2881 ιιι
659 2817 731 2881 Sole
755 2819 845 2882 tollit.
890 2818 1004 2899 Aliqua
1027 2817 1082 2880 tibi
1107 2819 1247 2892 concedo,
1275 2821 1329 2882 sed
1346 2821 1400 2884 illa
1419 2821 1458 2882 ad
1476 2829 1622 2900 aspectus
1637 2840 1712 2901 per-

351 2907 465 2980 tineut3
489 2907 607 2970 scilicet
630 2905 656 2968 si
679 2903 715 2988 ij,
739 2908 765 2970 si
787 2906 834 2981 il,
855 2907 883 2968 si
906 2914 931 2977 ό
953 2907 984 2968 in
1008 2905 1049 2984 ὅ,
1073 2907 1233 2987 praecipue
1257 2915 1295 2983 ἀ,
1330 2910 1417 2972 tarde
1442 2929 1461 2970 a
1484 2907 1555 2970 Sole
1580 2929 1712 2990 separa-

351 2995 432 3058 bitur
456 2993 626 3078 efficietque
650 2996 763 3060 siccum
786 3003 820 3059 et
842 2996 994 3059 aestivum
1017 3013 1081 3058 ver.
1128 2995 1222 3057 Tuam
1238 3005 1339 3059 autem
1362 2999 1427 3078 ipse
1447 2998 1559 3060 evertis
1581 3017 1711 3080 perma-

352 3092 470 3146 nentem
501 3085 563 3147 vim
591 3085 751 3162 thematis,
783 3085 1001 3147 revolutionem
1024 3083 1089 3163 ipse
1118 3084 1259 3162 damnas,
1293 3093 1325 3146 et
1347 3094 1449 3148 tamen
1476 3085 1522 3148 ita
1545 3087 1712 3168 scripsisti,

352 3191 387 3234 ac
411 3172 437 3234 ai
460 3183 668 3254 permaneret:
702 3174 747 3236 ita
770 3172 939 3236 ascendens
963 3172 1159 3235 revolutionis
1183 3169 1301 3236 tibist
1325 3174 1393 3238 loca
1414 3173 1606 3256 planetamm
1629 3183 1711 3238 tem·

351 3279 424 3342 pore
448 3260 589 3324 introitus
614 3261 727 3335 (cernis
750 3261 958 3343 permanentia
987 3260 1054 3324 loca
1076 3261 1234 3336 introitus)
1258 3265 1468 3343 proficiscitur.
1515 3262 1605 3336 Quod
1637 3283 1711 3326 vero

352 3358 384 3412 ιι
406 3349 602 3430 particularia
625 3350 726 3426 addis,
752 3351 896 3431 optimum
920 3369 994 3412 sane
1016 3349 1103 3430 piper
1126 3351 1266 3426 adhibes,
1291 3353 1346 3414 sed
1370 3353 1444 3416 illud
1466 3353 1549 3433 prius
1573 3353 1710 3416 miscen-

352 3439 422 3501 dum
446 3439 520 3513 erit3
553 3440 651 3519 qualis
674 3439 766 3519 igitur
789 3439 858 3513 flet,
874 3443 961 3513 oro,
986 3438 1139 3501 mixtura?
1184 3439 1284 3502 Multa
1307 3441 1507 3522 repugnantia
1529 3441 1559 3503 in
1583 3443 1711 3505 ferendo

172 3622 177 3631 .
216 3593 228 3608 ,
348 3526 478 3608 judicio,
513 3527 700 3606 experientia
723 3529 819 3591 omnis
843 3527 960 3590 abolita
992 3536 1024 3588 ιι
1053 3528 1122 3606 plus
1146 3547 1235 3608 quam
1259 3530 1398 3604 confusa,
1434 3531 1556 3611 quoda
1577 3531 1710 3592 medici

353 3635 443 3697 aegre
467 3617 545 3679 alias
569 3617 641 3680 iere.
689 3617 817 3680 Perinde
841 3623 899 3692 est,
925 3634 961 3677 ac
984 3615 1010 3676 si
1035 3615 1162 3690 diceres,
1185 3625 1217 3678 te
1232 3635 1304 3679 vera
1327 3626 1360 3680 et
1378 3619 1550 3682 ialsavellc
1569 3620 1709 3695 miscere,

351 3704 457 3786 quodsi
480 3723 553 3769 vera
575 3707 708 3778 vincant,
733 3725 806 3768 vera
829 3705 989 3779 dicturum,
1014 3705 1040 3765 si
1063 3705 1144 3766 falsa
1168 3735 1210 3747 —
1235 3706 1322 3768 falsa.

422 3812 608 3864 Fabricius:
634 3813 778 3878 Tuputas,
805 3811 1086 3876 experientiamiu
1104 3811 1311 3877 astrologicis
1339 3825 1394 3862 asae
1412 3813 1581 3864 contusam
1610 3820 1639 3866 ιι
1657 3813 1707 3866 ior·

351 3881 442 3931 tultam
460 3883 553 3946 potius,
579 3898 654 3949 quam
672 3898 764 3935 veram.
800 3882 865 3932 Puto
884 3887 981 3938 autem,
1006 3881 1039 3930 mi
1064 3882 1158 3933 aiudha
1176 3881 1299 3946 Keplerc‚
1326 3884 1503 3948 experientiam
1521 3883 1589 3934 illam
1607 3887 1711 3936 mluima

353 3953 479 4003 fortuitam
498 3967 560 4016 csse,
581 3955 624 4004 sed
643 3961 714 4006 certa
731 3955 828 4004 ratione
847 3952 1045 4017 correspondere,
1064 3958 1093 4001 ut
1111 3961 1215 4017 apparet
1232 3955 1257 4003 in
1277 3955 1423 4019 genetibus,
1441 3957 1467 4004 in
1485 3956 1573 4020 quibus
1591 3957 1709 4020 planata·

352 4035 407 4074 mm
425 4024 484 4074 loca
500 4038 544 4087 per
563 4031 656 4076 cartam
676 4027 872 4076 obssrradcaem
890 4025 992 4089 cognita
1009 4022 1133 4074 habentur
1133 4055 1249 4074 .....
1277 4024 1350 4074 lacet
1366 4039 1417 4076 uon
1434 4039 1531 4089 sempor
1549 4033 1619 4078 certo
1637 4041 1710 4092 pras·

352 4093 434 4146 dicare
451 4097 571 4159 possimus
590 4103 701 4154 eventus,
721 4103 864 4153 causaest,
886 4096 952 4162 quod
970 4093 1121 4160 astrologum
1139 4109 1189 4146 uou
1206 4101 1305 4146 ιιιιιιιι
1322 4101 1392 4148 asma
1399 4097 1568 4150 coanimare
1558 4105 1713 4176 opertam

350 4165 395 4216 sed
414 4172 440 4216 et
459 4167 659 4218 constitutionem
677 4169 782 4232 subiecti
800 4163 845 4218 &c

440 4235 649 4316 Keplsrus:
666 4239 708 4302 Ut
731 4257 834 4321 neges,
858 4234 1074 4316 experientiam
1096 4236 1126 4300 in
1142 4237 1333 4317 astrologicis
1357 4258 1425 4301 esse
1440 4239 1608 4318 contusam,
1633 4260 1708 4302 con-

351 4335 401 4389 tra
423 4324 549 4406 opponis
573 4327 723 4406 exempla,
757 4327 806 4389 ubi
832 4333 956 4388 eventus
979 4333 1065 4387 carta
1088 4325 1205 4388 ratione
1235 4328 1470 4407 corresponders
1493 4328 1539 4390 ais
1559 4330 1707 4392 directio-

352 4413 450 4491 nibus,
474 4413 711 4496 prcicctiouihus
735 4423 767 4478 ιι
790 4413 979 4477 transitibus.
1025 4411 1096 4475 Jam
1125 4414 1230 4476 statim
1259 4421 1289 4476 te
1313 4416 1474 4496 prodidisti
1498 4435 1603 4495 sorex,
1639 4418 1710 4480 dum

350 4503 452 4567 omnia
475 4501 535 4568 tria
557 4510 723 4583 computas.
771 4501 882 4566 Certus
900 4521 976 4575 sum,
998 4501 1072 4564 nihil
1094 4501 1125 4564 in
1150 4501 1290 4565 universa
1310 4504 1374 4567 vita
1397 4505 1526 4568 maxime
1551 4506 1710 4570 fortuitum
1766 4503 1769 4507 “

350 4593 473 4657 ιιιιίιι
496 4611 597 4672 posse,
622 4591 701 4672 quod
720 4609 778 4654 non
801 4592 849 4653 vel
872 4589 949 4664 huic,
973 4590 1023 4652 vel
1036 4589 1090 4664 illi,
1116 4592 1165 4653 vel
1178 4591 1269 4654 tertio
1290 4611 1357 4656 sese
1377 4593 1520 4675 applicet,
1546 4596 1619 4676 qnia
1633 4595 1710 4658 haec
1818 4615 1819 4618 ¹

306 4757 313 4769 ,
350 4683 412 4746 tria
434 4679 654 4746 multitudinem
679 4681 828 4760 quandam
851 4697 1009 4742 cansarum
1033 4687 1187 4752 acervant.
1233 4679 1276 4742 Et
1306 4689 1408 4744 ιιιιιιι
1435 4683 1579 4746 intanta
1602 4685 1709 4746 multi-

350 4772 454 4838 tudiue
478 4779 626 4853 superest,
651 4769 730 4852 qued
745 4769 895 4853 excipias:
920 4785 979 4829 nou
993 4785 1112 4850 semper
1124 4768 1259 4853 praedici
1272 4787 1374 4852 posse,
1396 4771 1610 4855 radousmqne'
1620 4773 1710 4856 hujus
