3628 5518
317 193 383 262 200
775 197 804 247 In
823 195 969 260 Mystenum
987 194 1220 262 Cosmgrsphionm

388 356 428 408 sd
445 356 509 406 baec
528 355 646 406 cancellis
663 355 763 406 inclusa
780 360 887 406 annotat
904 355 1027 420 Kepleras
1046 355 1073 404 in
1090 355 1218 420 margine:

396 448 475 500 Haeo
513 445 618 500 blatra
652 446 739 516 leges.
789 446 859 498 Nam
896 447 960 500 dum
993 453 1117 500 moratur
1150 444 1265 498 nuncius
1300 444 1340 497 sic
1374 445 1472 498 inveni.
1525 445 1673 498 Intervalla

319 543 429 588 vocum,
459 542 509 594 per
530 540 602 594 quae
623 525 678 578 itur
699 527 838 588 canendo,
865 541 920 578 non
946 531 1013 578 sunt
1039 543 1076 578 ex
1096 525 1193 596 liguris
1221 525 1461 593 quomodocunque
1481 523 1671 594 regularibus:

317 608 365 662 sed
385 605 526 659 resultant
545 621 583 658 ex
610 611 672 658 octo
693 604 786 658 solidis
813 609 914 676 laycae.
956 605 1026 658 Nam
1055 605 1141 674 primo
1170 605 1252 658 datur
1280 605 1314 656 ad
1340 603 1539 674 longitudinem
1565 603 1623 656 lidie
1650 604 1671 658 G

265 685 266 688 ’
316 685 458 756 proportio
478 684 659 754 longitudinis
673 683 766 738 fidium
787 686 814 748 b,
836 685 863 746 h,
886 701 909 747 c,
928 686 953 747 d,
975 684 1026 748 dis,
1049 701 1073 746 e,
1094 699 1116 754 g
1136 701 1173 736 ex
1192 683 1316 737 fontibus
1328 682 1503 754 geometricis
1524 697 1611 753 supra
1629 685 1672 736 de·

320 764 489 820 mansuetis.
530 765 594 818 Jam
615 763 681 833 quia
701 779 781 817 aures
802 763 955 832 dijudicant
975 765 1047 818 inter
1067 765 1192 818 diversas
1217 763 1389 825 harmonias,
1418 762 1571 832 dijudicant
1595 764 1673 816 etiam

317 846 390 900 inter
417 843 540 897 diversos
568 859 649 896 sonos
677 843 757 896 unius
784 845 844 897 fidis
871 843 1007 900 variatae.
1050 844 1122 897 Hinc
1146 842 1246 897 existit
1273 842 1443 912 comparatio
1464 845 1480 896 d
1501 842 1562 896 lidie
1583 859 1674 896 cumo
1782 879 1783 886 ,

316 926 385 986 flde,
414 939 530 994 qnorum
554 922 700 994 longitudo
720 929 817 977 estut
838 923 855 978 8
877 925 913 976 ad
934 924 960 978 9.
1002 925 1108 994 Estque
1129 923 1183 976 hoe
1210 923 1389 977 intervallum
1416 929 1524 976 tonus
1554 921 1673 990 major.

318 1005 401 1059 Plato
422 1003 451 1056 in
471 1003 583 1058 Timaeo
605 1019 698 1057 omnes
720 1010 800 1056 tonos
821 1004 915 1057 ordine
930 1003 983 1056 bac
997 1018 1127 1057 mensura
1140 1003 1237 1065 linivit,
1259 1004 1306 1056 sed
1321 995 1428 1056 vitiose}
1459 1003 1531 1055 Nam
1551 1019 1589 1056 ex
1608 1017 1675 1055 com·

317 1083 466 1154 paratione
480 1101 495 1135 c
509 1100 569 1136 curn
584 1084 602 1136 b
616 1084 696 1137 autd
712 1099 801 1136 cume
818 1084 917 1136 existit
931 1090 1030 1137 tonus
1049 1083 1168 1144 minor,
1188 1084 1366 1152 proportione
1379 1083 1471 1136 fidium
1489 1084 1540 1136 ld:
1557 1082 1586 1136 9.
1614 1083 1675 1134 lnda

318 1161 443 1234 sequitur
459 1163 630 1232 comparatio
644 1163 663 1216 h
678 1164 714 1216 ad
728 1181 742 1215 c
761 1169 812 1216 aut
824 1163 866 1216 dis
880 1165 916 1216 ad
930 1164 956 1226 d,
971 1179 1044 1233 quae
1058 1163 1158 1216 dicitur
1172 1162 1291 1215 diesis
1305 1157 1343 1230 (si
1363 1179 1423 1216 cum
1437 1163 1556 1216 Platone
1572 1158 1674 1230 loquor)

320 1242 463 1313 proportio
476 1249 509 1297 ut
526 1241 576 1297 15:
595 1243 640 1296 16.
663 1243 789 1312 Denique
803 1260 840 1296 ex
855 1243 1062 1312 comparatione
1076 1243 1094 1296 h
1110 1259 1171 1296 cum
1185 1243 1203 1295 b
1218 1242 1307 1295 oritur
1318 1243 1461 1312 proportio
1475 1241 1515 1295 24
1529 1243 1566 1295 ad
1580 1239 1626 1304 tn,
1640 1241 1676 1294 sic

259 1361 273 1379 .
318 1322 403 1377 etiam
416 1339 454 1375 ex
468 1323 673 1391 comparatione
688 1339 704 1374 e
719 1339 778 1376 cum
793 1321 842 1376 dis.
867 1321 905 1376 Et
918 1323 1017 1376 dicitur
1033 1322 1257 1376 semitonium.
1281 1323 1351 1376 Nam
1365 1322 1447 1375 diesis
1463 1329 1492 1376 et
1506 1320 1675 1376 semitonium

317 1403 490 1456 condituunt
508 1408 602 1456 tonum
615 1401 754 1456 minorem.
784 1401 861 1464 Quod
882 1402 906 1456 si
927 1403 1013 1456 diesin
1035 1418 1054 1455 a
1075 1407 1140 1454 tono
1161 1400 1266 1469 majore
1288 1401 1422 1464 auferam,
1444 1401 1612 1472 relinquitur
1630 1400 1674 1454 im·

319 1480 473 1553 perlectum
494 1481 678 1542 intervallum,
701 1481 790 1548 majus
812 1482 965 1545 semitonio,
988 1482 1076 1536 minus
1090 1481 1166 1543 diesi,
1189 1498 1227 1534 sc.
1245 1472 1340 1542 ¹⁸⁸ins.
1373 1482 1412 1535 Et
1432 1481 1483 1535 hoc
1504 1479 1675 1534 intervallum

319 1569 364 1616 est
377 1561 450 1616 inter
465 1563 497 1624 G,
515 1561 572 1624 Gis,
596 1562 625 1624 C,
648 1561 701 1623 Cis,
724 1562 754 1624 F,
776 1562 831 1616 Fls.
863 1562 961 1632 Sicque
983 1569 1072 1616 totum
1092 1560 1305 1616 olavichordium
1319 1560 1544 1616 artificiosissime
1565 1568 1596 1614 et
1614 1575 1676 1630 geo·

319 1641 431 1698 metrice
452 1648 497 1696 est
517 1649 641 1695 tensum:
663 1647 693 1694 et
713 1648 774 1696 tota
794 1643 917 1696 essentia
936 1641 1042 1696 musica
1061 1641 1252 1710 philosophice
1271 1649 1301 1695 et
1323 1641 1474 1696 certissime
1488 1641 1632 1709 disputata
1650 1646 1678 1692 et

318 1723 450 1776 discussa.
493 1721 565 1776 Nam
584 1721 647 1774 binc
668 1722 752 1776 etiam
774 1731 851 1776 ceto
872 1729 1026 1776 tonorum
1047 1715 1129 1793 (quos
1146 1719 1261 1788 vocant)
1282 1721 1439 1775 differentia
1458 1721 1558 1773 haberi
1578 1725 1676 1789 potest.

397 1829 505 1884 Deinde
525 1836 600 1899 peto,
622 1836 656 1883 ut
676 1829 698 1882 si
721 1827 959 1899 quid'hujusmodi
981 1834 1085 1882 tractet
1106 1829 1271 1890 Glareanus,
1295 1827 1321 1882 id
1341 1827 1407 1880 mihi
1428 1827 1577 1898 significes.
1614 1827 1677 1878 Nam

320 1915 445 1965 autorem
460 1927 514 1962 non
528 1909 628 1990 liabeo.
659 1909 713 1963 Sed
734 1909 920 1978 digrediamur
941 1911 1052 1963 tandem
1072 1927 1087 1960 c
1109 1909 1213 1962 musica
1233 1913 1263 1960 et
1283 1909 1366 1971 sonis,
1389 1915 1419 1960 et
1439 1923 1606 1976 quaeramus
1626 1905 1678 1959 alia

320 1992 418 2044 horum
438 1993 532 2059 λογων
551 1987 688 2056 subjecta.
729 1987 757 2041 Si
779 1989 838 2041 soni
860 1987 973 2058 capiunt
993 1989 1043 2042 hos
1065 1991 1159 2060 loyor,
1179 1986 1309 2041 credibile
1331 1995 1361 2041 et
1380 1987 1413 2040 de
1435 1985 1583 2040 coloribus.
1612 1985 1678 2038 Nam

320 2069 392 2122 sicut
420 2069 446 2121 in
475 2067 549 2120 sonis
571 2085 589 2121 a
610 2069 634 2121 G
655 2068 683 2120 in
704 2085 725 2138 g
751 2067 874 2122 infinitae
900 2077 965 2121 sunt
989 2085 1087 2132 voces,
1119 2077 1151 2122 at
1176 2083 1269 2137 pauca
1296 2066 1406 2120 illarum
1433 2067 1592 2120 discrimina
1618 2063 1679 2118 iecit

320 2155 423 2202 natura
443 2149 590 2200 secundum
612 2147 803 2216 proportiones
825 2137 1018 2217 geometricis,
1043 2149 1082 2200 sic
1103 2155 1133 2202 et
1154 2147 1225 2201 inter
1246 2147 1334 2200 lucem
1355 2153 1385 2200 et
1406 2147 1538 2200 tenebras
1560 2145 1676 2199 intuitae

319 2234 385 2281 sunt
403 2225 570 2290 varietates,
593 2229 641 2280 sed
661 2227 755 2280 docuit
774 2234 877 2280 natura
897 2227 991 2280 oculos
1012 2243 1117 2296 paucas
1140 2227 1359 2296 appellationes,
1390 2244 1462 2296 quae
1482 2227 1579 2294 proeul
1602 2223 1677 2278 dubio

318 2307 472 2361 consistent
491 2306 519 2360 in
541 2305 663 2360 terminis
685 2306 818 2360 dictorum
840 2310 941 2378 leysos.
984 2308 1022 2360 Et
1037 2306 1098 2376 jam
1119 2307 1147 2360 in
1168 2305 1329 2375 crepusculo
1356 2306 1456 2367 semel,
1488 2311 1548 2360 tum
1569 2305 1596 2359 iu
1616 2305 1676 2357 iride

317 2387 359 2441 bis
380 2391 483 2440 natura
504 2385 581 2440 nobis
603 2403 636 2439 eo
658 2385 777 2457 digitum
797 2385 922 2440 intendit.
962 2387 992 2439 In
1014 2387 1176 2454 crepusculo
1198 2405 1235 2439 ex
1255 2386 1319 2439 albo
1342 2387 1368 2438 in
1390 2387 1502 2439 rubrum
1524 2393 1556 2438 et
1575 2385 1676 2455 nigrum

317 2467 349 2520 iit
370 2465 512 2520 transitus.
548 2467 580 2520 ln
600 2465 696 2536 eclipsi
718 2463 790 2519 Solis
812 2483 848 2518 ex
870 2465 936 2519 albo
956 2483 1007 2535 per
1026 2467 1128 2520 flavum
1152 2473 1182 2520 et
1202 2465 1314 2520 rubrum
1336 2467 1364 2520 in
1384 2464 1502 2536 nigrum.
1546 2463 1676 2519 Sincerius

318 2547 414 2599 forsan
434 2546 462 2598 in
483 2546 559 2599 iride.
601 2545 654 2599 Sed
677 2545 753 2598 soleo
774 2544 946 2616 distinguere
973 2563 1033 2600 cum
1054 2553 1165 2600 natura.
1207 2545 1308 2598 Flavus
1330 2545 1401 2600 enim
1423 2552 1467 2598 est
1487 2539 1677 2615 quodammodo

317 2625 443 2689 medium,
466 2627 502 2679 ab
523 2643 556 2678 eo
578 2633 733 2678 extrorsum
755 2641 863 2678 versum
884 2623 915 2680 lit
929 2625 1063 2679 transitus
1080 2642 1129 2695 per
1143 2626 1255 2678 rubrum
1270 2624 1297 2677 in
1311 2625 1469 2678 umbrosum
1489 2625 1550 2677 sive
1567 2625 1676 2695 nigrum,

320 2711 435 2776 propter
455 2705 660 2758 diminutionem
681 2705 802 2774 corporis
823 2704 928 2758 Solaris
950 2712 979 2757 et
1005 2704 1202 2759 admixtionem
1222 2704 1336 2758 umbrae
1358 2705 1386 2757 in
1406 2704 1487 2757 nubis
1509 2720 1606 2758 crassa
1625 2719 1676 2756 ma·

321 2784 401 2840 teria.
443 2787 469 2837 A
490 2785 560 2838 davo
581 2784 728 2840 introrsum
750 2801 801 2854 per
821 2784 934 2840 viridem
955 2785 1121 2848 caeruleum,
1143 2801 1319 2854 purpureum,
1341 2783 1504 2845 violaceum,
1527 2783 1555 2836 in
1576 2783 1678 2854 nigrum

321 2870 365 2918 est
384 2864 519 2919 transitus
540 2871 655 2934 propter
676 2865 760 2918 aliam
779 2879 901 2919 causam.
931 2865 1002 2919 Nam
1024 2863 1093 2918 haec
1114 2864 1222 2918 omnino
1243 2869 1287 2917 est
1307 2863 1447 2917 retractio.
1481 2863 1580 2936 Itaque
1601 2879 1679 2934 saepe

321 2943 452 3018 cogitavi,
475 2961 511 2998 an
525 2944 668 3013 proportio
683 2945 780 3015 anguli
793 2943 967 2998 retractionis
983 2945 1136 3000 constituat
1150 2944 1290 3006 terminos,
1313 2943 1339 2997 in
1362 2943 1460 3013 quibus
1482 2944 1592 2997 dicatur
1612 2943 1680 2996 color

319 3023 423 3086 viridis,
446 3023 591 3078 caeruleus
606 3021 654 3077 dc.
685 3023 723 3077 Ut
744 3024 767 3077 ei
787 3023 918 3078 retractio
939 3024 1053 3088 directa,
1077 3025 1197 3094 angulus
1219 3024 1311 3078 nullus
1331 3023 1484 3077 constituat
1496 3025 1606 3086 ilavrrm,
1627 3023 1679 3074 sive

321 3103 414 3174 potius
436 3101 462 3155 id
484 3105 556 3174 quod
576 3109 621 3158 est
641 3103 889 3173 splendidissimum
909 3104 938 3157 in
957 3105 1038 3166 davo,
1061 3105 1112 3158 lux
1132 3103 1203 3172 ipsa.
1238 3107 1279 3156 At
1299 3105 1406 3174 quando
1427 3103 1560 3158 refractis
1582 3103 1617 3156 sit
1636 3117 1678 3154 an·

323 3183 408 3256 gnlus
429 3191 538 3246 rectus,
560 3183 599 3236 ibi
619 3191 711 3238 cesset
731 3184 816 3238 omnis
838 3184 903 3246 lux,
934 3184 999 3254 quia
1020 3201 1118 3253 nempe
1138 3191 1218 3236 recta
1238 3182 1369 3253 objicitur
1389 3200 1504 3254 corpus,
1534 3183 1563 3236 in
1584 3200 1634 3254 quo
1653 3181 1681 3234 tt

323 3261 462 3316 refractio.
499 3262 544 3316 sic
564 3279 613 3331 pro
628 3261 736 3316 ratione
752 3263 890 3317 divisionis
911 3263 980 3316 recti
1002 3263 1098 3336 anguli
1120 3263 1325 3318 constituuntur
1346 3264 1461 3317 colores.
1500 3267 1543 3332 (In
1561 3269 1679 3335 margine:

322 3340 435 3395 Rectius
450 3340 503 3394 sic:
525 3345 723 3412 Agnoscendus
745 3349 789 3396 est
810 3343 890 3397 albus
913 3343 940 3396 in
959 3344 1045 3398 medio
1060 3345 1125 3397 davi
1142 3350 1173 3397 et
1191 3343 1294 3406 viridis,
1316 3344 1362 3414 qui
1383 3344 1464 3397 albus
1486 3349 1532 3398 est
1554 3344 1615 3412 ipsa
1633 3343 1678 3395 lux

321 3420 403 3475 Solis.
431 3419 494 3474 lam
514 3421 602 3475 flavus
616 3423 765 3491 respondet
778 3421 865 3485 viridi,
888 3424 1004 3477 adunus
1019 3452 1058 3462 -
1072 3423 1185 3478 schiller
1201 3451 1236 3460 -
1252 3423 1390 3486 caeruleo,
1412 3424 1516 3478 rubens
1540 3437 1678 3493 purpureo,

322 3505 475 3572 sequuntur
494 3501 622 3572 utrinque
644 3503 786 3556 tenebrae.
828 3502 938 3556 Priores
959 3509 1026 3557 sunt
1046 3503 1138 3566 terrei,
1160 3503 1328 3571 posteriores
1350 3501 1499 3572 aquatiles.
1542 3500 1679 3572 Propertio

322 3579 455 3636 mistionis
477 3581 611 3635 materiae
632 3577 753 3648 eadem.)
794 3583 848 3637 Sed
876 3585 1008 3652 quomodo
1034 3583 1172 3636 dividatur
1200 3582 1322 3653 annius
1349 3581 1525 3636 retractionis
1551 3581 1679 3636 maslinus

322 3677 372 3729 pro
395 3660 517 3714 terminis
539 3661 667 3725 colorum,
690 3661 800 3714 difficile
821 3667 866 3715 est
879 3663 962 3716 dictu.
998 3664 1085 3716 Credo
1108 3669 1200 3716 tamen
1222 3662 1329 3718 omnino
1351 3662 1373 3715 si
1393 3661 1556 3733 designetur
1581 3653 1619 3720 ¹is·
1642 3653 1677 3720 *ia

328 3732 366 3801 ‘ia
391 3733 431 3802 ¹is‚
458 3735 487 3799 'li
510 3739 588 3802 recti,
611 3741 638 3794 in
652 3759 685 3795 eo
698 3741 874 3796 retractionis
890 3742 995 3812 angulo
1010 3742 1140 3796 constitui
1155 3743 1263 3802 flavum,
1286 3743 1407 3804 viridem,
1431 3743 1599 3804 caeruleum,
1620 3755 1678 3810 pur·

322 3835 451 3888 pureum,
478 3819 616 3873 cibarium.
657 3821 730 3874 Ecce
752 3821 869 3875 altitudo
891 3822 966 3874 iridis
988 3840 1048 3876 cum
1069 3822 1255 3876 semicirculus
1277 3829 1336 3885 est,
1363 3821 1492 3892 numquid
1514 3837 1622 3891 semper
1640 3825 1679 3872 est

323 3897 432 3952 circiter
453 3899 489 3952 45
503 3893 524 3962 ⁰,
547 3899 592 3970 qui
614 3901 750 3971 angulum
771 3901 944 3956 semirectum
965 3903 1086 3956 metitur.
1129 3901 1182 3955 Sed
1204 3903 1260 3955 sint
1280 3901 1334 3955 liae
1356 3902 1535 3971 suspiciones.
1578 3900 1679 3954 Pariter

323 3983 354 4032 et
382 3979 415 4030 de
446 3979 590 4048 saporibus
618 3980 651 4032 de
678 3980 860 4050 odoribusque
885 3983 1028 4036 dicendum
1055 3981 1116 4036 erit.
1158 3983 1201 4036 De
1229 3981 1346 4050 objectis
1373 3989 1464 4036 tactus
1491 3999 1546 4034 non
1568 3981 1677 4038 videtur,

323 4063 389 4110 sunt
408 4058 481 4112 euim
500 4058 660 4112 materiales
683 4060 852 4130 qualitates,
884 4070 914 4115 et
940 4063 1016 4116 calor
1043 4079 1116 4116 mere
1145 4062 1238 4116 activa
1266 4062 1406 4131 qualitas,
1436 4062 1495 4114 sine
1524 4058 1678 4118 discrimine,
1782 4089 1783 4092 =

237 4133 244 4150 ⁸
325 4135 406 4206 quale
428 4135 455 4190 in
477 4137 576 4191 ceteris
598 4139 671 4192 inest
691 4139 848 4194 sensilibus.
890 4141 933 4194 De
955 4141 1141 4195 communibus
1167 4141 1314 4196 sensilibus
1343 4142 1405 4212 quid
1433 4157 1502 4211 opus
1523 4147 1568 4194 est
1586 4139 1677 4198 dicere,

324 4232 386 4268 oum
401 4213 461 4283 jam
482 4217 647 4272 dixerimus?
682 4219 770 4272 Sonus
792 4220 864 4273 enim
884 4227 929 4274 est
949 4228 1037 4275 motus
1059 4221 1132 4275 atris
1159 4228 1188 4275 et
1214 4228 1328 4290 propter
1348 4227 1450 4276 motum
1471 4221 1571 4290 recipit
1591 4223 1677 4289 tersa

323 4294 390 4350 fides
412 4294 483 4349 enim
508 4297 592 4364 duplo
620 4299 730 4369 longior
756 4299 840 4369 duplo
870 4307 994 4354 movetur
1015 4301 1129 4354 tardius.
1171 4301 1256 4355 Porro
1279 4303 1412 4372 quomodo
1435 4301 1461 4354 in
1483 4299 1587 4354 musica
1607 4297 1677 4351 etin

324 4373 520 4430 saltationibus
541 4383 630 4430 motus
652 4384 682 4431 et
703 4385 793 4432 status
816 4381 1067 4450 proportionentur,
1090 4381 1251 4434 audivimus.
1293 4381 1362 4443 Quid
1384 4384 1417 4435 de
1445 4379 1563 4434 numeris
1588 4379 1676 4438 dicam,
1735 4407 1738 4413 ·

324 4455 370 4524 qui
391 4461 543 4524 sequuntur
564 4457 756 4525 quantitates?
787 4459 908 4512 Videant
922 4461 1077 4524 anatomici,
1100 4477 1135 4514 an
1159 4461 1187 4514 hi
1207 4467 1292 4534 loyor
1310 4461 1366 4516 sint
1385 4461 1458 4515 inter
1480 4459 1601 4514 membra
1619 4473 1677 4526 per-

326 4533 390 4587 lecti
411 4535 523 4590 humani
544 4538 673 4605 corporis.
710 4539 852 4592 Vitruvius
873 4540 1002 4608 praeivit.
1038 4541 1081 4594 De
1103 4541 1199 4612 figuris
1215 4559 1281 4595 vero
1297 4542 1433 4610 praecipit
1446 4539 1595 4602 Vitruvius,
1617 4553 1676 4606 quo·

325 4614 402 4666 modo
423 4614 461 4668 sit
481 4615 651 4670 instituenda
671 4617 867 4671 architectura.
908 4619 1027 4688 Figurae
1049 4629 1114 4674 sunt
1134 4637 1236 4676 causae
1258 4626 1360 4692 λογων.
1397 4622 1521 4688 Corpora
1540 4613 1675 4688 regularia

327 4692 418 4747 omnia
437 4701 553 4750 utuntur
579 4694 622 4748 his
651 4697 755 4768 λογοις,
798 4697 935 4771 Compara
955 4700 1061 4764 latera,
1092 4701 1196 4774 plana,
1228 4702 1356 4777 angulos.
1398 4701 1676 4773 comparatitium
