3586 5518
791 245 873 312 ⁰⁸⁹&
890 245 944 298 m
1489 249 1547 317 tlt

165 397 299 480 singulis
325 404 516 484 corporibus
540 405 814 478 accommodentur,
845 425 903 468 nou
932 406 977 468 ite
1003 405 1032 467 in
1062 413 1182 486 promtu
1205 415 1263 470 est.
1280 408 1305 481 ¹)
1352 408 1430 471 Illud
1455 409 1550 474 solum

166 495 265 568 patet,
291 492 460 573 pyramidi
485 491 587 556 deberi
610 493 803 570 harmoniam,
829 513 917 578 qnam
932 495 1067 574 quintam
1081 495 1194 569 dicunt,
1219 503 1359 575 quartam
1381 496 1411 558 in
1436 496 1548 574 ordine,

170 577 240 658 quia
265 579 296 640 in
323 599 367 642 ea
397 583 500 644 minor
530 582 627 662 portio
661 589 709 644 est
740 575 768 665 Ἰ,
798 602 870 663 pare
897 583 1051 664 integrae,
1085 583 1164 646 sicut
1192 583 1272 646 latus
1303 585 1442 666 trianguli
1477 589 1549 668 (qno

171 668 306 746 pyramis
333 670 453 746 utitur)
478 671 631 734 subtendit
662 665 691 754 Ἰ,
723 672 835 736 circuli.
851 674 874 746 ⁸)
920 673 985 734 Hoc
1012 673 1100 752 plnra
1129 672 1215 734 iufra.
1235 673 1468 750 confirmabunt,
1499 675 1549 746 nbi
1610 733 1615 746 ,

173 758 208 818 de
233 759 424 837 aspectibus
450 778 583 840 agemus,
609 779 685 840 qnae
704 769 738 823 nt
756 761 804 824 hic
819 761 910 831 etiam
925 761 1140 841 intelligamus,
1164 761 1283 822 omuino
1303 762 1346 824 ita
1370 764 1547 842 cogitemus,

174 845 261 926 quasi
285 847 368 910 fides
394 851 519 911 sitnon
545 857 629 912 recta
652 850 740 924 linea,
765 851 818 911 sed
843 850 981 914 circulus.
1019 850 1114 912 Dabit
1137 849 1229 930 igitur
1248 851 1355 912 divisio
1374 851 1548 915 harmoniae

176 935 275 996 dictae
299 937 493 1018 triangulum
516 937 546 1000 in
571 957 627 1018 quo
652 938 778 1020 angulus
809 939 898 1002 lateri
929 940 1107 1020 opponitur,
1140 939 1231 1018 plane
1264 946 1297 1002 nt
1329 940 1358 1002 iu
1391 941 1576 1022 pyramide'
1692 951 1695 958 '

176 1025 306 1104 angulus
331 1028 439 1106 plano.
482 1027 655 1090 Remanent
677 1027 768 1109 igitur
792 1028 867 1090 cubo
893 1034 925 1089 et
947 1028 1091 1092 octaedro
1116 1036 1226 1090 octava
1250 1037 1282 1090 et
1305 1037 1414 1108 quarta
1437 1031 1545 1108 dictae,

177 1114 269 1176 tertia
294 1121 329 1176 et
353 1115 487 1202 septima
509 1117 539 1179 in
563 1117 676 1180 ordine.
724 1116 785 1178 Sed
815 1125 913 1180 utrum
942 1136 1044 1179 eorum
1071 1126 1169 1180 utram
1197 1117 1383 1180 harmoniam
1407 1119 1547 1181 tenebit?

177 1211 275 1264 utrum
301 1205 441 1268 dicemus
465 1206 643 1268 secundaria
666 1205 799 1286 recipere
823 1225 890 1281 eae,
922 1225 998 1285 quae
1028 1207 1122 1268 lineas
1152 1207 1303 1282 scribant,
1334 1214 1365 1268 et
1392 1208 1544 1287 primaria,

177 1311 253 1371 qnae
276 1293 461 1372 figurante)
488 1301 550 1356 tum
574 1295 649 1357 cubo
674 1295 832 1357 debebitur
850 1302 958 1374 quarta
976 1296 1069 1357 dicta.
1107 1295 1186 1357 Nam
1212 1295 1237 1356 si
1262 1315 1299 1357 ex
1322 1295 1379 1358 fide
1403 1295 1545 1359 circulum

178 1379 273 1444 facias
298 1391 333 1444 et
357 1403 395 1444 ex
418 1404 478 1446 una
502 1392 610 1464 quarta
632 1390 747 1446 rectam
771 1402 865 1463 usqne
885 1383 975 1445 aliam
991 1384 1084 1446 ducas
1099 1383 1223 1456 tamdiu,
1247 1384 1342 1446 donec
1366 1385 1395 1446 in
1418 1385 1545 1464 primum

177 1477 323 1548 punctum
356 1473 485 1547 redeas,
518 1473 570 1534 liet
603 1472 859 1554 quadrangulum,
894 1473 981 1551 quale
1014 1473 1134 1552 planum
1167 1472 1259 1535 etiam
1293 1469 1385 1536 cubus
1416 1473 1543 1538 obtinet.

178 1555 295 1622 Contra
320 1562 467 1624 octaedro
492 1561 650 1624 debebitur
674 1569 793 1636 octava,
818 1580 895 1642 quae
920 1570 969 1623 est
992 1561 1131 1624 dimidiae
1156 1561 1234 1626 lidie.
1275 1561 1355 1624 Nam
1378 1561 1410 1624 iu
1434 1563 1544 1626 circulo
1639 1601 1645 1620 .

176 1647 285 1710 ductus
319 1651 359 1712 ad
392 1650 546 1714 dimidiam
574 1651 668 1712 etad
692 1651 770 1712 idem
794 1657 936 1731 punctum
961 1650 1036 1714 lacit
1059 1651 1100 1713 nil
1123 1649 1181 1712 nisi
1205 1649 1325 1712 lineam.
1373 1650 1425 1714 Sic
1449 1653 1544 1714 dode-

175 1737 287 1799 caddro
312 1739 474 1802 debebitur
497 1740 577 1820 prior
599 1740 777 1819 imperfecta
800 1739 920 1818 duplex.
968 1739 1048 1802 Nam
1076 1739 1183 1801 ductus
1211 1758 1265 1820 per
1289 1738 1410 1820 quintas
1435 1747 1467 1803 et
1489 1760 1544 1821 per

175 1833 282 1888 sextas
306 1829 412 1890 circuli
437 1827 552 1890 iaciunt
574 1829 828 1910 quinquangulum
852 1834 884 1889 et
907 1827 1113 1908 sexangulum.
1158 1827 1302 1890 Restabit
1324 1827 1416 1908 igitur
1439 1829 1542 1894 icosa-

175 1915 247 1977 idro
271 1918 425 1997 posterior
448 1918 626 1999 imperfecta
649 1918 770 1997 duplex,
796 1917 866 1996 qnia
890 1917 997 1979 ductus
1020 1937 1075 1998 per
1098 1916 1173 1978 duae
1197 1917 1317 1998 quintae
1341 1919 1463 2000 repetiti
1487 1940 1541 1982 us-

174 2006 285 2084 quein
318 2007 398 2069 idem
431 2016 572 2088 punctum
607 2006 721 2068 iaciunt
754 2014 872 2068 tantum
905 2005 1054 2080 lineas')
1101 2003 1154 2068 Sic
1187 2014 1219 2076 et
1244 2007 1358 2069 'ductus
1390 2026 1444 2087 per
1479 2017 1541 2072 tres

174 2103 312 2156 octavas.
361 2097 412 2158 An
437 2097 586 2158 malumus
610 2095 753 2156 octaedro
778 2104 917 2176 quartam
947 2096 1033 2170 dare,
1065 2096 1136 2178 quia
1162 2096 1189 2159 ie
1217 2094 1378 2158 duodecies
1403 2107 1541 2178 quartam

173 2182 277 2246 circuli
301 2184 468 2260 subtendit‚
495 2185 525 2247 id
549 2185 626 2266 qnod
651 2185 764 2246 nullum
788 2184 869 2245 latus
893 2185 961 2246 cnbi
986 2183 1084 2246 facit?
1100 2185 1135 2257 w)
1182 2183 1234 2247 Sic
1258 2183 1441 2266 relinquetur
1464 2187 1540 2250 cubo

172 2279 293 2348 octava,
321 2274 480 2336 harmonia
501 2273 739 2355 perfectissima,
764 2272 886 2351 etipse
910 2272 1162 2353 perfectissimum
1186 2291 1294 2353 corpus
1318 2282 1377 2336 eet.
1422 2277 1539 2338 Forsan

171 2369 205 2422 et
227 2361 303 2424 illud
327 2362 555 2424 convenientius
579 2371 641 2432 est,
667 2362 833 2442 relinquere
858 2361 1016 2424 icosaddro
1040 2362 1169 2442 priorem
1189 2361 1395 2442 imperfectam
1415 2373 1541 2444 propter

171 2452 382 2531 sexangulum,
408 2452 487 2534 quod
511 2451 577 2513 basi
601 2452 769 2529 triangulae
794 2458 955 2530 cognatum
973 2451 1070 2531 magis
1085 2460 1144 2526 est,
1168 2470 1256 2532 qnam
1280 2451 1537 2532 quinquangnlae:

171 2539 364 2602 dodecaddro
393 2560 466 2603 vero
497 2541 568 2603 dare
597 2540 774 2602 divisionem
802 2539 988 2602 octonariam
1015 2547 1139 2620 propter
1165 2558 1319 2602 nnmerum
1347 2541 1482 2604 cubicum
1506 2540 1536 2618 8,

171 2629 243 2708 qnia
266 2629 362 2692 cubus
384 2630 574 2692 dodecaddro
597 2627 784 2710 inscriptilis.
799 2630 829 2703 ¹)
875 2628 959 2690 Haec
984 2648 1057 2691 saue
1081 2629 1111 2691 in
1134 2629 1232 2691 medio
1257 2628 1319 2691 sita
1341 2629 1417 2707 sint,
1442 2632 1537 2693 donec

171 2735 283 2780 causas
308 2718 374 2798 quis
398 2719 555 2799 repererit.

258 2807 429 2870 Veniamus
454 2809 541 2869 modo
566 2807 604 2868 ad
629 2813 783 2887 aspectus.
799 2809 828 2882 r)
873 2805 915 2868 Ει
944 2806 1182 2886 quandoquidem
1210 2805 1298 2867 modo
1327 2823 1365 2867 ex
1391 2805 1450 2866 fide
1474 2805 1535 2868 cir·

167 2895 268 2957 culum
292 2897 430 2974 lecimus,
458 2897 544 2959 limile
561 2903 609 2958 est
623 2897 734 2970 videre,
761 2896 908 2976 quomodo
931 2906 995 2957 tres
1017 2896 1172 2976 perfectae
1195 2893 1368 2957 harmoniae
1390 2893 1535 2973 pulcher-

166 2983 241 3046 rime
265 3003 334 3047 cum
358 2985 456 3048 tribus
480 2986 623 3067 perlectis
648 2984 822 3064 aspectibus
846 2985 1013 3064 comparari
1036 2985 1156 3064 possint
1175 3002 1218 3046 sc.
1238 3001 1305 3045 cnm
1326 2985 1363 3056 00,
1382 2985 1428 3058 Δ,
1448 2983 1534 3060 [].·)

165 3073 354 3155 Imperfeeta
375 3093 448 3138 vero
471 3075 552 3156 prior
575 3075 601 3137 B
630 3074 730 3135 mollis
759 3074 798 3135 ad
825 3091 954 3152 unguem
983 3073 1090 3136 similis
1119 3080 1168 3135 eet
1197 3071 1314 3148 sextili,
1347 3071 1430 3152 cnjus
1458 3073 1533 3133 haec

166 3171 254 3238 uota,
281 3171 326 3240 ak,
354 3183 499 3245 quemque
523 3163 741 3226 debilissimum
765 3181 833 3224 esse
857 3164 1019 3237 lerunt.·⁸)
1281 3233 1285 3242 ,

254 3253 412 3316 Habemus
437 3272 559 3316 causam
588 3253 722 3333 (qualem
746 3251 865 3332 quidem
887 3251 1082 3315 Ptolemaeus
1112 3268 1170 3312 uon
1194 3247 1294 3324 dedit)
1310 3245 1354 3324 bl)
1383 3266 1435 3311 cnr
1462 3248 1532 3329 pla-

164 3349 256 3404 netae
281 3343 433 3405 distantes
457 3362 515 3405 uno
539 3341 741 3422 autquinque
765 3339 860 3417 siguis
875 3352 942 3403 'uon
966 3347 1147 3406 censeantur
1169 3339 1198 3420 in
1221 3347 1357 3419 aspectu.
1394 3337 1473 3402 Nam
1497 3346 1532 3402 ut

164 3430 307 3505 vidimus,
330 3432 444 3495 nullam
467 3431 560 3494 talem
584 3431 612 3492 in
635 3429 760 3492 vocibus
783 3431 923 3509 agnoseit
939 3439 1049 3494 natura
1062 3428 1264 3494 concordiam.
1280 3430 1318 3502 ⁰⁶)
1353 3425 1429 3490 Cum
1454 3428 1532 3490 euim

166 3519 196 3581 iu
219 3521 334 3583 ceteris
358 3523 466 3584 eadem
490 3521 532 3583 sit
553 3520 632 3583 ratio
655 3519 830 3582 influentiae
854 3527 887 3580 ει
915 3519 1155 3591 harmoniarum,
1185 3516 1328 3579 credibile
1358 3523 1406 3578 est
1430 3516 1532 3579 ethic

163 3627 242 3672 ease.
293 3608 397 3672 Causa
420 3610 559 3691 utrinque
582 3609 687 3690 procul
710 3608 800 3670 dubio
825 3608 931 3670 eadem
960 3617 1022 3682 est,
1056 3626 1151 3688 eaque
1180 3625 1218 3668 ex
1241 3605 1371 3687 quinque
1394 3606 1531 3684 corpori·

162 3698 236 3760 bns:
253 3697 297 3774 ⁶⁶)
327 3719 418 3780 quam
447 3699 515 3762 aliis
544 3698 744 3779 quaerendam
768 3697 914 3778 relinquo.
963 3694 1039 3760 Cum
1062 3697 1154 3776 igitur
1177 3713 1280 3756 omnes
1304 3701 1433 3774 quatuor
1456 3694 1530 3755 har-

162 3788 281 3850 moniae
306 3797 475 3850 consonent
505 3788 567 3850 enie
595 3786 788 3867 aspectibus,
821 3793 853 3846 et
885 3804 954 3848 vero
988 3787 1085 3848 adhuc
1118 3793 1181 3846 tres
1209 3791 1328 3846 restent
1357 3783 1386 3844 in
1415 3784 1531 3846 musica

161 3875 351 3952 barmoniae,
375 3877 548 3958 suspicatus
566 3877 727 3958 aliquando
742 3894 817 3951 snm,
842 3894 900 3935 non
920 3874 1130 3956 negligendum
1154 3883 1221 3934 esee
1247 3873 1276 3934 in
1295 3871 1421 3952 judiciis
1445 3873 1529 3934 uati-

162 3967 304 4042 ritatum,
330 3966 524 4047 siplanetae
548 3964 590 4028 72
614 3974 667 4028 aut
696 3961 755 4028 tlt
779 3971 832 4026 aut
859 3961 919 4026 135
944 3965 1087 4044 gradibus
1112 3962 1236 4036 distent,
1260 3961 1438 4041 praesertim
1462 3981 1530 4024 cnm

160 4057 293 4132 rideam,
328 4077 420 4120 uuam
451 4075 490 4118 ex
516 4055 700 4136 imperfectis
724 4054 841 4117 babere·
860 4072 945 4115 sunm
968 4062 1134 4134 aspectum.
1147 4053 1188 4126 ο·)
1235 4047 1382 4121 Quamvis
1406 4049 1531 4114 cuilibet

160 4147 280 4210 oculato
305 4155 511 4208 meteororum
535 4143 717 4224 speculatori
748 4143 837 4206 facile
867 4142 1003 4222 patebit,
1038 4148 1137 4204 utrum
1166 4139 1268 4221 aliqua
1295 4139 1325 4201 in
1355 4139 1403 4202 bie
1432 4140 1529 4201 tribue

159 4236 250 4298 radiis
275 4237 324 4298 vie
348 4235 439 4308 insit,
470 4252 537 4296 cum
559 4243 677 4296 ceteros
701 4241 843 4312 aspectus
868 4231 948 4294 atris
972 4230 1154 4294 mutationes
1177 4227 1426 4291 constantissima
1448 4227 1529 4290 rati·

159 4325 246 4387 dcent
269 4323 477 4406 experientia.
525 4321 644 4385 Causae
669 4321 801 4403 quidem,
827 4339 901 4402 qnae
925 4318 1122 4399 probabiliter
1145 4317 1212 4397 quie
1236 4317 1354 4393 reddat,
1380 4317 1459 4396 qnod
1480 4311 1526 4393 ἰω

167 4407 210 4498 Ἃ,
239 4409 271 4498 ²l,
300 4415 332 4477 iu
357 4413 419 4475 fide
444 4419 562 4486 sonent,
587 4412 616 4472 iu
642 4410 765 4472 zodiaco
789 4428 848 4472 nou
871 4417 1041 4489 operentur,
1066 4407 1124 4468 hae
1149 4425 1216 4468 esse
1239 4403 1424 4486 poesinttff)

247 4505 281 4579 l)
307 4501 483 4586 Oppositus
498 4501 593 4576 sulus,
618 4501 676 4561 dno
696 4499 858 4580 quadrata,
884 4498 980 4560 trinus
1003 4517 1070 4560 cnm
1094 4492 1206 4569 sextili,
1232 4495 1394 4556 absolvunt
1416 4487 1527 4568 singuli

162 4593 395 4658 semicirculum:
433 4597 469 4651 at
496 4596 557 4651 tres
580 4587 611 4650 hi
635 4587 710 4650 radii
735 4587 847 4650 nullum
870 4587 985 4649 habent
1009 4587 1122 4648 socium
1145 4583 1185 4645 ad
1208 4583 1264 4645 hoc
1287 4597 1407 4652 munus,
1438 4593 1525 4655 quem

160 4683 265 4748 musica
288 4703 352 4746 non
378 4678 507 4762 penitus
529 4678 675 4758 repudiet.
723 4672 760 4756 2)
784 4675 905 4758 Reliqui
935 4675 1012 4738 radii
1035 4671 1184 4738 rationem
1208 4669 1321 4732 habeut
1345 4665 1463 4764 facilem
1487 4681 1525 4762 ex

156 4773 315 4852 diametro,
347 4772 440 4834 latus
471 4765 700 4850 quinquangnli,
730 4774 762 4828 ει
784 4763 968 4828 subtendent
992 4764 1050 4827 duo
1076 4763 1175 4825 latera
1202 4750 1433 4840 quinquangulu,
1464 4759 1525 4811 tna
