3674 5528
769 299 798 349 ln
816 297 888 362 Apol.
907 295 984 360 'l'yclr¹
1005 301 1092 346 centn
1109 292 1203 344 Ursum

590 459 682 522 Qualia
700 471 747 522 ego
764 454 850 506 inlellx
867 469 911 520 pro
929 467 1030 505 munere
1048 465 1153 503 munera
1170 445 1291 502 reddam!

661 530 729 580 Dum
747 530 779 576 sit
797 541 951 576 nummorum
970 527 1042 589 copie.
1058 523 1128 574 nulla
1145 523 1212 572 mihi.

590 602 633 651 Nil
652 602 719 652 aliud
738 613 793 648 cum
812 599 845 646 eit
862 599 922 646 mihi
937 600 990 659 jam
1009 611 1052 660 pro
1070 609 1171 644 munere
1189 607 1287 650 munus,

660 671 765 722 Munere
782 684 825 732 pro
843 675 915 718 tanto
933 683 1022 716 munus
1040 666 1142 715 habebis
1161 665 1235 714 idem.

590 742 695 793 Nescius
715 742 823 803 accipies
841 745 887 788 tus
904 751 1008 787 munera
1026 735 1088 797 (sint
1105 736 1165 785 licet
1184 730 1288 798 ampla),

585 864 593 872 ,
661 812 767 864 Nescius
786 811 893 872 accipies
912 823 952 857 me
969 809 1027 858 binc
1047 809 1154 858 abeunte
1172 810 1226 854 tua.

593 884 649 934 Nou
668 898 714 948 ego
733 883 843 931 delector
860 881 973 944 perituris
992 879 1030 928 hia
1049 879 1099 928 cito
1117 877 1233 936 nummis,

663 956 763 1004 Artibus
781 953 895 1016 ingenuis
913 951 1011 1015 gaudeo
1030 949 1118 998 edeam
1135 947 1224 1012 magis.

590 1024 656 1076 Nam
674 1026 754 1074 brevis
773 1029 847 1085 atque
866 1024 915 1071 cito
933 1021 1027 1069 nummi
1044 1021 1154 1084 peritura
1172 1017 1292 1080 voluptas¹

663 1095 735 1156 Quae
753 1095 821 1143 venit
839 1107 869 1142 ex
887 1091 973 1140 studiis
991 1107 1042 1140 nou
1059 1091 1169 1154 peritura
1187 1088 1262 1137 venit

591 1167 636 1217 Vis
654 1171 782 1230 praestare
800 1163 859 1212 mihi
879 1163 1021 1228 gratisdma
1037 1173 1148 1214 munera.
1167 1173 1255 1208 munus

662 1239 749 1300 Adque
767 1247 836 1284 meas
854 1234 943 1284 redeat
960 1233 1090 1297 perditum.
1110 1232 1198 1286 amice,
1215 1242 1312 1278 manus.

592 1309 680 1359 Gratis
698 1313 772 1372 grata
790 1305 849 1354 mihi
868 1305 949 1360 inerit,
969 1304 1110 1368 gratissima
1129 1301 1233 1357 eunctis,

662 1377 739 1428 Nulla
755 1377 839 1426 neure
856 1375 915 1423 mihi
934 1375 1017 1439 gratis
1035 1379 1110 1438 grata
1126 1372 1215 1434 magis.

592 1449 619 1500 st
638 1450 734 1499 dederis
753 1451 853 1497 centum
872 1460 1025 1494 nummorum
1042 1443 1120 1492 millia
1137 1442 1212 1500 mille,

662 1522 782 1569 Attamen
800 1518 900 1581 ingrata
919 1521 957 1566 est
974 1517 1057 1580 gretia
1074 1519 1149 1564 tauta
1165 1512 1233 1562 mihi.

590 1591 659 1642 Illius
678 1595 789 1654 aspectu.
808 1589 848 1636 vix
866 1593 965 1652 gratum
984 1587 1087 1635 reddere
1107 1585 1223 1639 amicum.

663 1661 764 1711 Perdita
781 1658 822 1707 iac
840 1659 952 1712 redeant.
972 1663 1058 1722 gratus
1077 1657 1170 1704 amicus
1189 1669 1239 1703 ero.

592 1731 617 1782 Si
638 1733 696 1796 quid
713 1731 807 1780 habeut
826 1731 887 1778 certi
905 1727 1068 1791 pulcherrima
1086 1727 1181 1774 lumina
1198 1724 1260 1774 coeli

662 1803 761 1858 Judicii,
780 1799 903 1850 occultum
922 1794 961 1848 dic
980 1799 1039 1847 mihi
1057 1797 1142 1859 ‘l'ycho
1160 1796 1250 1846 locum.

594 1871 651 1930 Dic.
667 1873 710 1922 ubi
729 1872 850 1934 deponam
869 1875 915 1918 tua
932 1883 1036 1919 munera
1053 1869 1148 1917 tradita
1165 1869 1243 1922 noble.

662 1943 710 1993 Dic
730 1949 756 1992 et
775 1943 821 1991 eris
839 1943 927 1990 merito
946 1953 1052 2005 magm
1072 1937 1159 2002 epoto
1176 1939 1244 1988 mihi.

594 2013 639 2066 Sin
658 2013 738 2070 aliter,
758 2013 841 2062 dubito
860 2011 985 2061 titubante
1003 2017 1095 2070 mente,
1115 2019 1289 2074 necunquam

664 2079 764 2136 Artibus
781 2083 833 2132 ulla
849 2084 898 2132 tuis
918 2083 1077 2133 attribuenda
1093 2080 1162 2131 fides.

592 2157 664 2208 Haec
683 2157 730 2206 duo
749 2155 770 2204 si
789 2153 892 2210 effictas,
911 2159 956 2203 tua
972 2159 1082 2217 tuncque
1099 2153 1215 2216 perennis
1232 2151 1258 2200 lu
1276 2151 1334 2201 orbe

665 2227 747 2292 Atque
766 2226 813 2274 erit
829 2224 940 2275 Uraniae
959 2225 1069 2274 maxims
1086 2223 1171 2272 danda
1187 2221 1257 2272 fides.

1070 2308 1154 2377 φιλος
1173 2303 1263 2380 ἕτερος
1281 2303 1336 2374 ἔγω
1353 2307 1386 2360 Ν.
1406 2305 1438 2358 B.
1456 2305 1555 2361 Ursus
1574 2325 1639 2376 supp

378 2419 467 2473 'Minus
484 2422 523 2472 his
540 2421 649 2471 versibus
668 2421 850 2470 contemtiones
869 2417 940 2468 addit
951 2418 1029 2468 Ursus
1046 2417 1128 2468 libello
1146 2431 1190 2466 sno
1206 2415 1261 2474 „De
1273 2411 1675 2480 montemmaranum·

313 2491 464 2555 Typhonem.
484 2495 529 2550 ait,
547 2507 597 2542 nou
616 2506 713 2541 omnem
731 2491 856 2554 possidere
875 2491 1024 2554 sapientiam
1041 2491 1066 2538 in
1086 2487 1207 2538 cerebello
1224 2501 1268 2538 ruo
1286 2486 1398 2542 Dauioo.
1423 2502 1504 2552 neque
1522 2488 1593 2538 illam
1610 2489 1673 2539 iuiu-

314 2575 368 2614 sam
387 2577 442 2613 esre
460 2577 504 2628 per
522 2565 576 2613 leta
593 2563 715 2612 iorsmina
736 2575 811 2612 nasus
830 2561 954 2623 heltonis
976 2561 1082 2623 praecisi
1101 2557 1225 2620 (constat.
1251 2557 1362 2620 Tycboni
1380 2573 1455 2624 quum
1473 2559 1577 2623 Lipsiae
1599 2560 1674 2626 dege-

312 2635 357 2686 bat
383 2643 504 2686 noctumo
527 2641 638 2698 tempore
666 2635 795 2683 commisso
820 2633 955 2682 certamine
973 2631 1093 2697 singulari
1110 2643 1200 2680 nasum
1227 2631 1302 2680 luisse
1325 2626 1493 2694 praecisum);
1521 2631 1677 2696 problemate

312 2718 371 2772 ergo
389 2706 453 2758 laec
471 2707 539 2757 illum
557 2706 650 2756 solvere
669 2719 718 2754 non
736 2717 820 2768 posse:

597 2792 624 2856 l)
644 2793 713 2843 zoile
732 2794 753 2842 si
771 2793 869 2855 poteris,
888 2795 917 2840 tu
935 2803 1047 2854 quaeque
1065 2789 1192 2853 nlangnla
1210 2789 1291 2838 solvas

684 2864 780 2927 Perque
799 2864 866 2911 sinus
885 2863 949 2910 solos
969 2861 1060 2924 absque
1080 2865 1198 2924 operante
1215 2873 1301 2910 mann.

643 2933 679 2986 Ut
697 2933 782 2984 divisio
800 2947 848 2982 nec
867 2947 946 2996 neque
964 2931 1136 2994 multiplicatio
1154 2931 1208 2987 det,

685 3005 723 3055 Sit
741 3018 886 3068 quocunque
904 3001 958 3053 loco
976 3005 1098 3051 maximus
1116 3005 1168 3065 lpse
1186 3003 1263 3052 sinus.

598 3073 625 3138 2)
645 3075 714 3126 Zoile
733 3077 753 3125 si
771 3076 863 3138 poteris
880 3076 945 3123 uotis
964 3075 1086 3122 sinibusre
1105 3073 1199 3123 duobus

685 3147 732 3197 Per
750 3147 852 3196 dueum
871 3159 955 3194 omnes
973 3147 1084 3194 invenias
1102 3145 1215 3209 reliquos.

597 3215 625 3279 3)
644 3216 710 3269 Noto
728 3231 807 3267 unove
826 3219 882 3266 einu
899 3231 943 3281 per
960 3216 1059 3280 singula
1077 3215 1192 3278 scrupula
1210 3221 1320 3268 cunctos.
1414 3221 1418 3234 '

683 3288 797 3338 Proxime
816 3295 842 3336 et
859 3287 968 3337 invenies
987 3295 1040 3336 arte
1058 3289 1125 3336 sinus
1143 3288 1211 3337 alios.

598 3357 626 3422 4)
646 3359 716 3409 Zoile
735 3361 755 3408 ei
773 3361 865 3422 poteris
883 3364 1004 3422 quantum
1021 3359 1188 3422 perpendiculi
1208 3360 1287 3408 omnis

685 3430 807 3494 Triquetri
825 3432 937 3480 invenias
954 3445 999 3493 per
1017 3443 1185 3493 canonemque
1203 3432 1284 3478 trium.

599 3497 627 3564 5)
647 3501 694 3552 Dic
712 3502 754 3551 ubi
773 3502 799 3550 in
818 3503 875 3551 orbe
894 3502 962 3550 locus
979 3501 1084 3564 repedat
1102 3515 1149 3566 quo
1168 3502 1274 3563 corporis
1291 3499 1380 3550 umbra

689 3571 747 3632 Qua
765 3571 803 3621 rel
822 3574 847 3621 in
866 3573 950 3636 quovis
969 3571 1014 3622 fiat
1031 3572 1057 3621 id
1076 3579 1130 3621 arte
1147 3569 1221 3620 looo'!

388 3677 542 3741 (Secundum
561 3676 779 3734 Delambrum,
798 3678 839 3740 qui
858 3677 884 3725 in
902 3676 967 3726 nist.
987 3678 1053 3725 Aser.
1073 3675 1192 3726 Moderne
1211 3675 1268 3725 Vol.
1287 3675 1305 3725 l.
1326 3691 1349 3740 p.
1371 3671 1422 3723 287
1441 3690 1492 3739 sqq.
1513 3671 1622 3738 pluribus
1647 3674 1677 3723 de

319 3749 381 3824 Urso
406 3751 459 3815 egit
478 3751 578 3811 ejusque
596 3746 685 3822 libellie
705 3747 957 3805 „Fundamento“
978 3754 1004 3798 et
1024 3747 1224 3812 „Hypotheeibus
1243 3745 1460 3804 Aemonomicis.“)

388 3886 416 3948 4)
435 3904 459 3952 p.
475 3885 534 3935 ²32.
572 3887 643 3947 Quae
655 3886 693 3936 hia
705 3889 853 3950 spectaverit
866 3889 944 3938 verbio
957 3889 1057 3952 Tycha,
1076 3889 1207 3952 sequentia
1218 3887 1387 3938 illustrabunt:
1412 3887 1632 3938 Rothmsnune
1652 3890 1677 3938 in

315 3961 391 4010 literis
409 3960 434 4008 d.
448 3959 584 4023 Bernburgi
599 3959 622 4008 d.
635 3955 676 4008 28.
691 3957 759 4021 Sept.
772 3955 814 4007 dl.
834 3961 943 4022 quaerit:
966 3961 1041 4024 „quid
1053 3975 1145 4010 causae
1159 3959 1511 4022 eet.quodopusilludtuu1u
1528 3959 1560 4008 de
1574 3959 1676 4010 Gorne-

316 4033 355 4080 tie
368 4032 513 4094 supprimes,
527 4031 670 4092 praesertim
683 4045 740 4078 cum
752 4044 801 4078 non
813 4036 912 4080 tentum
924 4032 985 4082 illud
994 4034 1047 4094 jam
1060 4031 1150 4082 dudum
1163 4031 1236 4080 fuerit
1254 4031 1401 4088 absolutum.
1416 4033 1588 4081 verumetiam
1600 4032 1676 4081 toties

317 4109 343 4151 et
362 4107 432 4150 tanto
451 4107 560 4163 tempore
588 4108 639 4150 tam
659 4107 726 4150 certo
745 4101 892 4163 promiseris,
917 4109 942 4151 te
961 4102 1101 4166 propediem
1119 4101 1178 4150 illud
1197 4099 1374 4153 emissurumi¹⁴
1413 4101 1453 4150 ed
1471 4102 1535 4151 haec
1554 4101 1677 4165 Tycha:

317 4207 322 4220 .
345 4207 350 4220 .
372 4208 377 4219 .
399 4171 471 4231 Quod
490 4171 557 4235 Opus
575 4177 685 4220 nostrum
706 4171 815 4221 noudum
833 4174 925 4235 publici
944 4176 1006 4236 juris
1024 4173 1077 4222 fieri
1095 4175 1257 4236 permiserim.
1284 4173 1377 4222 meritae
1404 4179 1535 4238 etgraves
1554 4187 1595 4223 me
1614 4173 1676 4222 deti·

315 4245 423 4294 uuerunt
441 4244 557 4292 rationes.
595 4242 771 4306 Praeterquam
790 4245 854 4290 enim
873 4245 897 4293 in
918 4281 923 4292 .
945 4281 950 4292 .
972 4279 977 4290 .
998 4244 1206 4293 observationibus
1232 4245 1362 4307 plurimum
1387 4243 1511 4293 indefesso
1530 4244 1611 4293 studio
1632 4243 1675 4292 ali·

317 4321 377 4378 quot
392 4316 444 4375 jam
464 4313 586 4362 conducis
604 4314 676 4362 cuuis
693 4313 812 4368 cudarim.
831 4315 910 4364 multa
928 4317 1004 4364 etiam
1022 4321 1153 4377 praeterea
1170 4315 1243 4378 longo
1259 4319 1312 4378 jam
1324 4320 1436 4378 tempore
1445 4313 1594 4370 inciderunt,
1613 4328 1677 4378 quae

316 4401 356 4435 me
375 4385 424 4433 otio
443 4383 489 4432 frui
508 4383 672 4446 philosophico
692 4391 717 4433 et
735 4383 845 4434 Uraniae
863 4387 953 4440 saone.
979 4391 1050 4448 prout
1067 4387 1169 4442 vellem.
1197 4387 1270 4436 litare
1288 4400 1337 4434 nou
1355 4387 1526 4447 permiserunt.
1564 4386 1678 4436 Accessit

317 4463 344 4506 et
360 4455 420 4512 boc,
449 4455 513 4518 quod
531 4455 608 4503 nostri
627 4457 693 4504 circe
712 4455 862 4504 cometarum
887 4457 1045 4519 apparentiae
1064 4463 1182 4506 accurate
1201 4455 1370 4521 disquirendas
1382 4455 1479 4505 labores
1492 4455 1546 4517 plus
1558 4455 1676 4519 temporie

316 4526 485 4590 requisierint,
512 4539 585 4588 quem
604 4526 695 4589 ingrati
713 4526 822 4574 nonnulli
840 4526 965 4579 homines.
995 4527 1105 4590 adeoque
1125 4529 1242 4592 eripuis.
1271 4527 1312 4592 qui
1331 4526 1515 4590 disciplinarum
1535 4533 1561 4576 et
1578 4527 1677 4591 quidem

317 4598 548 4647 mathematicorum
568 4609 676 4646 amorem
694 4597 872 4660 scientiamque
891 4597 958 4646 haud
976 4599 1103 4647 minimam
1120 4599 1295 4661 praetendunt,
1315 4611 1452 4661 agnoscere
1470 4597 1604 4660 potuerint.
1636 4595 1674 4646 ln·

317 4674 356 4718 ter
374 4682 434 4732 quos
458 4681 523 4718 unus
547 4669 692 4729 praesertim
711 4671 763 4721 est.
792 4669 833 4730 qui
855 4683 905 4717 nou
933 4668 1021 4717 saltem
1048 4670 1128 4719 nullae
1152 4671 1210 4718 mihi
1229 4683 1304 4734 agere
1322 4670 1416 4731 gratias
1443 4683 1486 4731 pro
1512 4675 1550 4718 tot
1568 4667 1676 4733 vigilatis

318 4741 444 4795 noctibus,
472 4745 511 4788 tot
529 4741 636 4803 erogatis
655 4737 772 4800 impensis
789 4751 895 4800 aequum
914 4742 1050 4795 censuerit,
1079 4741 1123 4790 sed
1151 4749 1176 4790 et
1194 4739 1396 4797 oblocutionibus,
1415 4739 1612 4802 perverelouibus
1630 4737 1675 4789 dtc.

318 4823 363 4858 uos
379 4809 498 4872 impetere
516 4824 565 4857 non
585 4809 715 4858 erubuerit.
739 4806 763 4855 ls
782 4823 846 4868 vero,
866 4811 906 4873 qui
924 4824 984 4872 prae
998 4813 1085 4860 ceteris
1103 4818 1213 4862 nostrum
1231 4813 1256 4860 iu
1275 4825 1301 4858 re
1320 4811 1440 4859 cornetics
1453 4810 1560 4859 studium
1579 4811 1676 4860 elevare
