3586 5518
286 263 349 334 104
824 263 1109 329 epm-omaus·

284 431 415 501 demae,
437 427 506 490 binc
527 424 749 508 provinciarum
772 423 1047 503 circumjacentium
1069 419 1236 502 respectus.
1275 422 1363 486 lllinc
1380 441 1508 503 namque
1532 422 1644 484 multos

284 540 301 583 e
325 515 484 580 nobilitate
498 515 646 588 videbam,
663 513 712 592 qui
730 532 778 574 me
800 513 849 574 vel
874 512 1015 573 audivere
1039 512 1204 586 docentem,
1228 514 1277 574 uel
1301 511 1447 574 commoni
1467 530 1575 573 mensa
1593 519 1645 572 aut

284 605 478 672 contubernio
501 622 567 665 meo
591 603 637 664 usi
660 603 707 664 me
730 601 851 681 propius
874 607 1096 680 cognoverunt,
1125 619 1220 682 exque
1244 619 1280 661 eo
1299 609 1434 679 tempore
1458 600 1643 662 benevolen-

283 679 360 759 tiam
391 714 410 755 a
441 691 577 775 patribus
610 691 640 752 in
673 710 706 752 se
739 689 909 751 derivatam
940 706 1013 768 erga
1039 707 1086 750 me
1116 697 1316 761 conservant,
1340 689 1504 768 quibusque
1529 689 1646 767 pollent

285 783 390 864 copiis,
414 781 630 853 demonstrant,
656 778 813 860 dignitatis
836 785 869 839 et
883 777 1000 857 gratiae
1016 775 1186 840 Caesareae
1202 778 1331 840 fructum
1345 797 1399 858 per
1417 776 1645 840 beneficentiam

285 873 458 951 exigentes:
493 887 548 929 nec
580 869 689 928 desunt
722 886 760 927 ex
792 866 1064 928 ecclesiasticorum
1097 885 1232 942 numero,
1259 867 1307 946 qui
1332 885 1389 927 uon
1414 867 1527 938 minus,
1557 883 1645 946 quam

285 959 495 1022 antecessores
520 955 581 1031 sui,
606 962 638 1016 et
659 963 743 1036 artes
767 954 998 1016 mathematicas
1022 962 1055 1014 et
1077 973 1123 1016 me
1147 956 1291 1016 cultorem
1314 963 1437 1028 amant,
1471 973 1579 1034 meque
1608 955 1647 1015 ad

285 1068 318 1111 se
342 1044 528 1119 invisendos,
552 1044 579 1106 si
602 1043 707 1105 turbae
732 1039 988 1122 conquievissent,
1013 1043 1050 1102 de
1072 1042 1238 1121 propinquo
1262 1063 1294 1104 se
1318 1051 1497 1105 evocaturos
1522 1043 1645 1104 nuntia-

285 1143 363 1200 runt
410 1133 542 1211 Dignum
574 1131 668 1212 igitur
697 1137 765 1194 erat
792 1149 860 1192 mea
881 1129 911 1191 in
936 1137 1079 1209 utrosque
1101 1129 1303 1208 gratitudine,
1337 1140 1370 1192 ut
1393 1131 1500 1209 quibus
1524 1149 1646 1210 possem

284 1222 396 1288 mutuis
420 1221 527 1284 olliciis
550 1227 653 1282 tantos
678 1219 812 1283 lautores
835 1220 1029 1300 percolerem,
1052 1219 1238 1299 ampliusque
1263 1217 1408 1280 demereri
1431 1219 1596 1281 studerem.

374 1311 453 1372 Hinc
476 1328 547 1371 vero
571 1327 609 1370 ex
630 1317 716 1388 parte
731 1308 876 1370 Austriae
895 1307 1036 1388 pavidam
1057 1306 1264 1387 imbellemque
1280 1308 1495 1370 astronomiam
1514 1307 1645 1372 circum-

286 1399 403 1463 stantia
425 1398 575 1480 pericula,
601 1403 748 1470 terrores,
773 1397 974 1470 calamitates,
1001 1415 1162 1458 aerumnae
1187 1396 1312 1458 subinde
1336 1397 1499 1458 admonent
1522 1398 1560 1456 de
1585 1397 1646 1458 cir-

287 1486 517 1570 cumspiciendis
541 1486 672 1549 auxiliis.
720 1485 874 1547 'Ibansivit
905 1485 959 1546 illa
982 1506 1010 1547 a.
1035 1480 1120 1548 1600
1152 1505 1168 1546 e
1197 1484 1303 1568 Styria
1330 1485 1360 1548 in
1383 1484 1582 1560 Bohemiam,
1616 1492 1651 1548 ut

287 1597 365 1660 quoe
389 1577 444 1639 sub
467 1575 651 1638 Austriaoae
675 1576 781 1636 domus
813 1575 1056 1654 umbra.primas
1079 1574 1197 1636 radices
1220 1582 1343 1653 egerat,
1375 1574 1482 1636 eadem
1512 1575 1568 1636 sub
1598 1573 1652 1636 illa

288 1676 320 1728 et
343 1672 572 1728 maturesceret.
620 1663 666 1725 lbi
700 1663 782 1725 varie
810 1664 931 1742 jactata
954 1685 973 1724 a
996 1662 1229 1744 tempestatibus
1252 1663 1412 1736 bellorum,
1437 1671 1499 1724 tam
1523 1663 1650 1726 intesti-

287 1773 393 1818 norum
417 1773 506 1834 quam
534 1761 742 1824 externorum,
774 1753 895 1814 tandem
923 1760 995 1832 post
1026 1771 1183 1814 excessum
1206 1751 1365 1833 ,Rudolphi
1395 1751 1587 1831 imperatoris
1621 1773 1650 1813 a.

291 1841 375 1908 1612
399 1841 551 1906 constanti
576 1842 680 1902 domus
704 1843 886 1904 Austriacae
915 1841 1015 1903 studio
1042 1841 1170 1904 recurrit
1203 1843 1232 1904 iu
1255 1841 1433 1904 Austriam:
1459 1841 1509 1903 ubi
1534 1841 1651 1905 utinam

289 1953 378 2015 quam
402 1932 529 2014 benigne
553 1938 681 2011 excepta
705 1939 737 1992 et
761 1931 839 2004 lota,
865 1937 928 2016 tam
950 1930 1086 2010 impensa
1109 1949 1321 2011 generosarum
1350 1929 1491 1992 mentium
1514 1949 1650 2009 occupa-

289 2023 370 2084 tione
395 2023 468 2092 (non
491 2021 589 2081 minus
613 2026 703 2100 atque
728 2039 747 2080 a
770 2039 816 2080 me
840 2021 904 2100 ejus
926 2019 1145 2092 instauratore)
1173 2018 1285 2102 perculi
1312 2019 1472 2098 potuisset.
1524 2021 1651 2092 Verum,

289 2112 382 2185 eheu,
417 2109 538 2191 quantis
563 2127 630 2169 sese
655 2115 758 2169 mutuo
780 2108 866 2170 bonis
890 2115 1003 2170 exuunt
1026 2109 1170 2171 mortales
1193 2107 1295 2170 miseri
1327 2127 1383 2188 per
1411 2107 1543 2170 scabiem
1574 2127 1652 2169 cou-

288 2199 456 2262 tentionum
479 2195 710 2276 turpissimam?
769 2195 867 2269 Quam
894 2197 1059 2277 protunda,
1091 2199 1134 2259 sic
1167 2197 1308 2270 meritos,
1343 2196 1442 2258 obruit
1477 2196 1653 2274 ignorantia

290 2287 370 2348 tati?
416 2283 515 2356 Quum
539 2284 725 2348 lamentabili
758 2285 883 2348 oonsilio
913 2286 1033 2366 „ignem
1066 2287 1135 2348 dum
1164 2285 1313 2366 fugimus,
1336 2286 1453 2347 medios
1470 2284 1653 2347 incurrimus

289 2373 415 2456 ignes?“
441 2373 565 2438 Utinam
586 2392 658 2436 vero
683 2373 864 2445 etiamnunc,
887 2382 959 2455 post
982 2382 1172 2437 consecutam
1200 2393 1299 2436 rerum
1321 2373 1550 2436 Austriacamm
1574 2393 1652 2437 con-

288 2463 468 2537 versionem,
491 2463 574 2524 locus
599 2463 731 2543 supersit
753 2463 797 2524 illi
813 2462 949 2525 Platonis
973 2464 1104 2538 oraculo,
1130 2463 1188 2544 qui,
1213 2481 1280 2524 oum
1303 2460 1417 2524 Gracia
1442 2464 1529 2541 longo
1552 2472 1585 2524 et
1604 2460 1652 2524 ci-

289 2552 344 2614 vili
366 2551 446 2613 bello
471 2551 592 2612 arderet
614 2551 761 2632 undique,
786 2551 933 2631 malisque
957 2559 1118 2614 vexaretur
1141 2551 1295 2626 omuibus,
1326 2571 1402 2631 quae
1426 2551 1514 2612 civile
1538 2552 1652 2614 bellum

291 2637 428 2702 comitari
453 2640 565 2708 solent,
591 2642 746 2704 consultus
771 2659 860 2721 snper
882 2641 1070 2721 problemate
1100 2640 1244 2708 Deliaco,
1265 2639 1401 2720 quaesito
1425 2647 1587 2722 praetextu
1611 2640 1652 2702 ad

289 2726 479 2809 suggerenda
501 2728 620 2809 populis
643 2729 770 2791 consilia
792 2729 957 2805 salutaria,
991 2729 1035 2790 ita
1067 2729 1184 2792 demum
1212 2728 1405 2808 tranquillam
1435 2748 1473 2789 ex
1495 2728 1652 2808 Apollinis

289 2815 443 2880 sententia
467 2814 628 2879 Graeciam
653 2817 781 2881 loturam
806 2818 971 2899 respoudit,
996 2818 1022 2879 si
1045 2837 1078 2878 se
1107 2817 1145 2878 ad
1169 2811 1366 2898 geometriam
1395 2825 1555 2897 ceteraque
1579 2817 1652 2898 plri-

289 2899 445 2986 losophica
468 2905 569 2968 studia
594 2904 705 2968 Graeci
728 2907 968 2969 convertissent:
994 2907 1064 2987 quia
1086 2906 1161 2967 haec
1181 2906 1282 2968 studia
1297 2905 1412 2968 animos
1432 2906 1470 2967 ab
1485 2904 1651 2968 ambitione

289 3001 322 3056 et
343 2992 467 3075 reliquis
489 2994 719 3075 cupiditatibus,
749 3013 787 3056 ex
810 2995 917 3075 quibus
939 2995 1020 3056 bella
1044 3002 1077 3056 et
1099 3001 1202 3057 cetera
1225 2995 1306 3056 mala
1329 2995 1476 3072 existunt,
1497 2995 1535 3056 ad
1561 3013 1651 3056 amo-

289 3100 353 3146 rem
375 3080 459 3164 paoia
483 3090 514 3143 et
537 3083 773 3145 moderationem
792 3083 822 3145 in
846 3083 982 3146 omnibus
1005 3084 1096 3146 rebus
1120 3083 1314 3145 adducerent.

379 3171 504 3234 Utinam
528 3170 655 3251 denique
675 3173 741 3250 jam
764 3173 934 3252 suppressis
967 3171 1059 3234 armis
1087 3179 1205 3234 tantum
1229 3173 1317 3234 detur
1339 3171 1524 3234 induciarum
1548 3190 1567 3231 a
1591 3169 1652 3232 mi·
1711 3211 1715 3220 ·

292 3257 400 3334 seriis,
433 3264 468 3320 ut
499 3259 574 3320 viris
605 3259 692 3321 bouis
724 3267 831 3334 vacet,
866 3260 963 3324 simile
987 3261 1139 3342 quippiam
1163 3259 1402 3323 Ciceroniani
1429 3259 1508 3322 illius
1533 3259 1653 3322 consilii

292 3345 496 3420 comminisci,
522 3347 589 3426 qui,
613 3365 721 3409 eversa
738 3349 893 3428 republica
911 3349 1064 3424 Romana,
1089 3368 1156 3411 com
1180 3357 1263 3411 esset
1277 3349 1329 3410 vix
1348 3347 1539 3410 consolabilis
1555 3349 1652 3424 dolor,

291 3433 322 3497 in
351 3441 441 3496 tanto
472 3435 602 3497 omnium
633 3453 732 3497 rerum
759 3437 920 3499 amissione
949 3447 979 3500 et
1013 3436 1223 3518 desperatione
1251 3437 1465 3540 recuperapdi,
1491 3443 1653 3517 postquam

291 3522 337 3586 illi
360 3522 429 3592 arti,
454 3523 501 3585 cui
509 3524 692 3598 Qstuduerat
717 3525 791 3587 nihil
815 3544 883 3586 esse
908 3525 976 3602 loci,
1001 3546 1097 3608 neque
1121 3526 1150 3589 in
1174 3525 1257 3588 curia
1280 3544 1376 3612 neque
1399 3525 1429 3587 in
1453 3526 1528 3601 loro,
1553 3525 1652 3588 vidit:

293 3631 410 3675 omnem
433 3630 519 3674 suam
543 3631 644 3675 curam
667 3620 757 3693 atque
781 3630 904 3693 operam
935 3614 974 3676 ad
1002 3613 1221 3695 philosophiam
1249 3607 1395 3689 contulit,
1429 3633 1555 3676 monens
1579 3613 1654 3677 Sul-

291 3701 399 3781 pitium
422 3718 516 3776 sunm,
541 3702 570 3762 in
595 3701 703 3764 iisdem
725 3701 841 3765 versari
864 3701 964 3778 rebus,
989 3723 1079 3784 qnae,
1105 3703 1224 3765 etiamsi
1247 3704 1345 3765 minus
1367 3662 1559 3785 prodessent,
1583 3702 1654 3766 aui

291 3807 371 3851 mum
394 3796 495 3851 tamen
520 3810 539 3850 a
561 3789 764 3852 sollicitudine
788 3790 974 3853 abducerent
996 3811 1072 3872 aque
1095 3793 1243 3855 molestiis
1266 3794 1413 3854 levarent.

293 3871 297 3880 '
382 3874 498 3948 Quibus
521 3877 600 3940 votis
625 3877 650 3940 si
674 3878 757 3942 Deus
782 3888 905 3954 annuat,
929 3899 986 3942 non
1011 3880 1147 3961 equidem
1172 3881 1310 3962 indiguas
1333 3881 1453 3943 homine
1477 3877 1653 3942 Christiano

292 3961 477 4045 voluptates,
502 3985 708 4029 aerumnamm
732 3969 854 4040 solatia,
878 3969 1089 4032 mathematice
1113 3989 1180 4032 mea
1203 3971 1251 4031 vel
1275 3988 1313 4031 ex
1336 3967 1547 4033 astronomicis
1562 3985 1653 4031 exer-

292 4053 383 4130 citiis,
407 4053 456 4116 vel
476 4074 514 4116 ex
528 4057 780 4137 contemplatione
796 4056 960 4120 divinornm
976 4076 1108 4140 operum,
1125 4077 1219 4139 exque
1231 4059 1413 4121 Harmonice
1427 4057 1534 4120 Mundi
1550 4057 1654 4132 (fatali

288 4141 347 4205 illa
370 4143 580 4224 occupatione,
608 4145 637 4206 in
662 4145 830 4208 durissimis
854 4147 953 4210 exacti
976 4147 1088 4210 biennii
1113 4147 1324 4222 dissonantiis)
1352 4163 1520 4227 proponere
1543 4153 1656 4227 parata

293 4249 413 4313 semper
436 4232 504 4293 erit.
550 4234 595 4295 At
619 4233 689 4314 quia
711 4235 741 4296 iu
765 4234 794 4296 id
819 4242 867 4296 est
889 4235 1011 4315 incepta
1034 4236 1109 4298 baec
1130 4237 1287 4317 occupatio
1306 4235 1518 4310 astrodomica,
1534 4243 1656 4315 otper-

288 4315 424 4383 ’ῆιὶιιιιιι
449 4318 519 4402 quid
542 4321 634 4402 igitur
656 4323 713 4384 hoc
726 4323 872 4385 Austriae
896 4331 980 4387 statu
1003 4322 1267 4386 calamitosissimo
1290 4325 1391 4405 potius
1410 4331 1494 4403 agat,
1516 4343 1607 4406 qoam
1622 4333 1657 4387 ut

291 4401 456 4489 praesidia,
480 4406 619 4487 quibus
610 4429 677 4494 rpsa
699 4411 825 4494 indiget,
842 4411 881 4473 ad
896 4431 988 4491 opera
1002 4413 1081 4475 inter
1095 4413 1227 4475 homiues
1246 4413 1406 4493 vulganda,
1432 4412 1530 4493 adqne
1546 4431 1656 4475 nomen

292 4493 454 4576 Rudolphi,
481 4495 605 4560 Tabulis
628 4499 785 4580 perpetuis
808 4501 1013 4576 asserendum,
1038 4501 1150 4584 pudore
1175 4501 1317 4576 cohibita,
1337 4521 1374 4562 ne
1399 4501 1437 4562 ab
1461 4501 1588 4562 afflictis
1607 4500 1658 4563 vel

292 4585 464 4668 lugentibus
488 4585 587 4648 omnia
609 4596 706 4667 petat,
730 4587 831 4669 potius
855 4589 923 4652 iude
947 4598 1096 4672 corruget,
1122 4609 1263 4670 quorsum
1285 4590 1389 4652 clades
1403 4589 1490 4664 istae,
1514 4607 1657 4670 quorsum

211 4699 214 4706 ·
294 4673 498 4756 prodigiorum
521 4675 696 4739 coelestium
720 4677 909 4758 expiationes
932 4677 1180 4742 horribilissimae
1213 4697 1271 4741 non
1299 4679 1501 4759 pertigerunt,
1528 4678 1656 4759 denique

295 4762 337 4826 ad
358 4761 502 4846 pristinos
525 4771 679 4847 patronos,
704 4765 743 4828 ad
766 4784 839 4847 quos
854 4765 976 4828 dimidio
991 4768 1058 4830 viae
1068 4767 1135 4850 jam
1149 4787 1227 4830 auno
1244 4763 1329 4831 1612
1348 4767 1657 4852 appropinquaverat,
