3674 5528
669 283 790 334 ‹re-asa
809 285 969 352 amissa.
1428 287 1492 354 359

151 443 231 487 umes
248 437 447 491 obmutionum
464 439 640 499 imitamenta,
665 443 800 506 exquibus
823 442 985 492 nobilissimus
1006 443 1048 493 ille
1071 445 1236 496 astronomiae
1255 447 1406 496 instaurator
1423 441 1492 498 the'u·

150 507 207 554 riam
224 507 349 559 Lunarcur
369 512 512 568 comtruxit,
531 512 603 562 valde
622 512 798 570 desideramus,
818 521 843 564 et
862 527 918 564 cam
935 514 1021 564 stellas
1040 517 1116 564 etiam
1134 516 1265 566 nonnullas
1284 519 1309 566 iu
1328 531 1371 568 suo
1390 519 1494 570 merum

151 577 259 640 catalogo
282 581 405 638 omiserit,
434 596 497 644 quae
521 595 537 630 a
558 581 701 633 Ptolemaeo
725 591 750 633 et
776 585 909 647 Cupernico
936 593 1112 641 recensentur,
1140 587 1226 635 obnixe
1246 601 1375 652 rogamus,
1395 597 1423 638 ut
1442 598 1494 638 tuur

149 647 211 708 ipsas
230 649 318 701 Lunae
337 652 535 709 ohservationes,
554 660 607 702 tum
626 657 702 704 etiam
719 655 806 704 harum
825 657 1053 718 praetermissarum
1071 657 1109 706 vel
1128 656 1271 712 distantias,
1291 659 1330 708 rel
1349 658 1492 709 declinatio-

149 730 190 766 oes
208 725 233 766 et
250 733 302 770 aso.
321 729 405 772 rectas
424 737 441 772 a
458 722 574 785 Tychone
594 727 777 776 animadversas
795 727 886 790 publici
902 727 963 789 juris
982 727 1114 791 aliquando
1132 727 1216 778 lacere
1234 728 1301 776 velis.

214 806 272 856 Jam
290 809 466 874 Hegulontius,
484 814 626 862 intermistis
645 814 791 878 quibusdem
810 813 840 863 de
859 814 933 864 stella
949 829 1014 864 uera
1031 817 1185 879 carpentarii,
1204 827 1268 881 qnae
1281 817 1306 865 in
1319 817 1380 867 libro
1392 816 1495 880 Kepleri

148 874 178 924 de
194 891 224 926 es
241 879 314 930 stolia
331 882 461 946 leguntur,
479 885 573 949 pergit:

216 968 296 1033 Atque
315 971 341 1020 in
359 971 397 1020 his
416 986 492 1035 opera
509 978 555 1022 tua
572 971 627 1022 aliis
645 988 694 1022 nou
712 975 794 1022 nanus
813 979 920 1037 accepta
937 974 996 1032 erit,
1022 988 1096 1038 quam
1114 973 1181 1024 mihi·
1218 974 1281 1032 Sed,
1307 974 1373 1039 quud
1391 974 1423 1024 ad
1440 989 1496 1038 pro·

148 1039 248 1098 positum
266 1055 350 1090 meum
368 1045 449 1105 potius
468 1051 580 1108 spectat,
607 1059 662 1094 cum
681 1059 727 1109 ego
746 1059 842 1108 semper
860 1051 971 1094 motuum
989 1046 1184 1107 speculationem
1201 1047 1314 1095 inutilem
1331 1045 1383 1094 lere
1398 1046 1496 1108 judica·

147 1110 229 1169 reriru,
255 1112 304 1160 nisi
323 1119 349 1164 et
367 1115 494 1164 stellarum
521 1117 583 1164 vires
603 1115 684 1179 miquo
702 1116 774 1164 modo
792 1118 917 1180 percipere
935 1116 1022 1165 liceret
1045 1113 1115 1177 (nam
1134 1118 1186 1166 siue
1212 1115 1261 1166 hac
1285 1117 1425 1182 cognitione
1449 1129 1497 1165 nec

146 1178 297 1241 planetarum
322 1186 383 1234 rarii
402 1200 488 1246 casus,
517 1201 564 1236 neo
582 1185 686 1236 fixarum
710 1193 826 1236 constans
851 1193 876 1236 et
893 1187 1039 1252 quotidiana
1063 1189 1251 1252 circumgyratio
1278 1203 1349 1236 usum
1373 1187 1451 1236 ullum
1469 1188 1496 1236 in

147 1249 252 1301 humana
270 1255 323 1304 vita
340 1255 433 1306 habere
452 1254 584 1319 ridentur),
604 1259 722 1308 -hauc
741 1258 840 1322 quidem
858 1258 888 1306 ob
908 1271 1009 1308 caraem
1028 1259 1114 1308 lubens
1132 1259 1258 1323 libensque
1270 1259 1337 1308 hauc
1347 1259 1499 1330 provinciam

147 1323 225 1372 inme
242 1327 357 1389 suscepi.
381 1328 553 1379 nonnullorum
577 1329 643 1392 apud
667 1343 712 1377 nos
732 1319 869 1378 calumnias
893 1336 979 1378 coutm
1003 1331 1162 1394 astrologiam
1183 1330 1340 1392 judiciariam
1358 1329 1499 1379 retundere.

147 1393 205 1440 Cum
223 1409 279 1444 vero
299 1397 369 1446 nulia
387 1399 419 1448 do
436 1414 463 1449 re
483 1401 561 1449 sorim
580 1405 635 1448 orta
652 1401 685 1448 sit
704 1401 830 1448 internos
849 1400 990 1457 dimicatio,
1015 1413 1089 1464 quam
1114 1403 1180 1450 circa
1198 1402 1340 1451 coelestium
1359 1400 1497 1466 configura·

146 1465 235 1514 tionum
252 1467 302 1516 rim
323 1474 348 1517 et
366 1471 488 1527 drtutem,
507 1471 556 1520 hac
575 1471 673 1534 quidem
690 1472 717 1520 in
734 1486 770 1528 re,
783 1471 858 1520 Doct.
872 1471 925 1528 Vir,
945 1487 1016 1535 opem
1030 1479 1056 1522 ct
1068 1471 1186 1522 auxilinm
1198 1477 1267 1521 tuum
1280 1477 1376 1536 expeto.
1409 1471 1501 1535 Objicit

146 1535 307 1595 adversarius,
327 1553 414 1590 omues
430 1541 544 1604 planetes
562 1543 639 1592 bonos
658 1556 675 1592 a
692 1541 748 1591 Deo
767 1551 863 1592 creatos
877 1550 903 1592 et
914 1549 1045 1606 propterea
1056 1543 1138 1592 radios
1151 1557 1234 1592 corum
1247 1558 1332 1592 omnes
1345 1549 1371 1592 et
1384 1549 1499 1607 aspectus

146 1607 217 1654 bunos
236 1623 291 1657 esse
311 1625 358 1660 nec
377 1613 525 1675 quadratum
543 1613 672 1678 hexagono
691 1614 771 1678 magis
788 1613 931 1662 iufaustum.
969 1613 1031 1661 Vult
1054 1620 1200 1676 praeterea,
1223 1628 1283 1677 quos
1307 1614 1423 1678 astrologi
1445 1627 1500 1664 sex·

146 1677 196 1726 tiles
209 1675 253 1728 dcc.
275 1681 411 1744 appellant,
430 1685 530 1733 minime
550 1686 586 1734 ita
604 1699 631 1734 se
649 1685 749 1744 habere,
768 1686 826 1748 quia
845 1699 901 1732 cum
919 1684 1044 1733 stellarum
1063 1684 1126 1733 radii
1144 1683 1263 1733 a'l'errae
1279 1684 1501 1748 superficiererer·

145 1749 264 1808 barentur,
285 1753 367 1817 sitque
386 1753 449 1803 inter
467 1755 558 1804 Terrae
577 1756 786 1805 semidiametrum
806 1762 832 1804 at
848 1754 963 1818 planetas
983 1753 1139 1818 (praesertim
1154 1752 1292 1816 interiores)
1311 1755 1433 1804 sensibilis
1444 1770 1501 1819 pro·

144 1822 228 1882 portio,
247 1823 402 1875 incidentiae
422 1832 447 1875 et
465 1827 603 1876 reflexionis
621 1827 727 1891 angulos
745 1827 845 1876 minime
862 1826 995 1888 praedietis
1015 1827 1119 1874 arcubus
1138 1833 1303 1890 congruentes
1327 1826 1426 1876 allicere
1444 1841 1502 1891 poa·

144 1899 206 1940 suut.
242 1892 383 1944 Radiomm
400 1898 461 1946 item
472 1898 619 1948 :emmone
638 1899 788 1962 nosprarnit,
808 1910 872 1961 quae
887 1903 912 1946 et
930 1897 1055 1946 fallaciam
1069 1896 1153 1960 anguli
1165 1898 1304 1946 necessario
1317 1899 1415 1962 ingerit,
1433 1900 1503 1960 cujus

145 1963 221 2013 nullm
239 1965 265 2013 in
285 1965 391 2016 zodiaco
411 1983 482 2018 arcus
501 1983 617 2018 mensura
636 1983 690 2018 esse
707 1974 797 2032 potest.
835 1966 949 2030 Denique
968 1969 1090 2016 rationem
1110 1981 1125 2017 a
1142 1982 1182 2017 me
1202 1967 1336 2033 efflagitat,
1357 1983 1399 2018 cur
1416 1968 1502 2032 huJus·

146 2034 207 2082 modi
224 2035 360 2086 intervalla
378 2039 403 2088 iu
421 2040 523 2088 zodiaco
542 2040 642 2102 maJoris
660 2041 710 2087 sint
727 2039 836 2096 virtutis,
860 2053 934 2102 quam
959 2040 979 2088 si
998 2037 1085 2088 stellae
1110 2053 1165 2089 sese
1190 2046 1275 2088 mutuo
1293 2040 1448 2089 intuerentur
1473 2053 1504 2089 ex

146 2103 261 2155 dhmntia
285 2109 408 2171 prioribus
427 2109 543 2158 dissimili.
581 2109 656 2159 Nihili
682 2111 722 2159 hie
745 2113 791 2159 iste
810 2110 871 2159 iacit
888 2109 1011 2160 rationem
1028 2109 1109 2168 iilam,
1137 2123 1211 2175 quam
1228 2111 1386 2160 Ptolemaeus
1402 2110 1462 2160 libro
1480 2109 1502 2159 1.

147 2173 261 2240 Quadrip.
288 2193 306 2227 a
331 2182 484 2242 proportione
509 2181 654 2232 hemionios
671 2189 756 2230 mutuo
775 2183 869 2230 sumsit.
907 2179 934 2230 Si
951 2181 1062 2230 iomassis
1080 2187 1125 2230 tua
1147 2181 1359 2246 astrologiae
1383 2181 1502 2231 Funda-

102 2294 105 2300 ,
145 2254 248 2297 menta
268 2249 302 2298 ad
322 2265 411 2300 manus
430 2258 527 2302 nostras
545 2253 850 2315 pervenissentraticues
870 2253 964 2315 aliquas
983 2252 1191 2316 suppeditassent,
1210 2253 1297 2316 quibus
1310 2252 1442 2302 adversarii
1460 2266 1503 2315 pe·

146 2317 265 2369 talantiae
284 2321 385 2371 taedius
405 2335 564 2372 occurrerem.
601 2323 651 2374 Sed
670 2338 725 2372 cunr
743 2323 865 2372 hacteuus
884 2339 944 2386 opus
956 2322 1003 2372 hoc
1016 2329 1085 2372 tuum
1098 2338 1147 2371 non
1160 2323 1229 2372 sitin
1243 2323 1359 2388 Angliam
1371 2328 1504 2386 portatum,

145 2389 230 2438 iterum
249 2397 330 2455 atque
348 2393 435 2442 itemm
454 2409 532 2458 rogo,
561 2400 589 2442 ut
607 2395 628 2444 si
646 2394 704 2458 quid
722 2395 860 2444 secretioris
878 2393 1047 2457 philosophiae
1072 2395 1173 2451 novisti,
1200 2393 1264 2456 quod
1283 2394 1315 2444 ad
1332 2393 1378 2442 has
1396 2395 1505 2444 radoues

146 2461 321 2512 convellendas
340 2465 432 2522 iaciat,
451 2465 509 2514 mihi
528 2468 710 2516 communicare
728 2481 777 2514 non
796 2465 935 2530 dedigneris
955 2463 999 2516 dtu.
1038 2463 1110 2514 Vale.
1147 2463 1253 2513 Loudini
1271 2462 1316 2514 dtu.
1336 2469 1465 2529 utsupra.

231 2567 427 2649 Keplerus
451 2573 621 2650 respoudit:
660 2572 780 2634 Literas
815 2579 904 2645 tuas,
937 2571 1055 2633 Praest.
1080 2571 1155 2646 Vir,
1187 2589 1280 2652 opera
1303 2579 1505 2636 mercatorum

147 2654 194 2734 qui
215 2657 421 2722 Fraucolirrto
445 2661 570 2736 rediere,
596 2661 739 2724 Calendis
764 2661 840 2742 Maji
864 2661 975 2740 accepi.
1022 2659 1130 2721 Beasti
1155 2678 1210 2734 me,
1237 2658 1369 2720 inritans
1393 2677 1440 2722 me
1465 2660 1505 2721 ad

146 2744 340 2810 scribendum
365 2749 402 2811 de
425 2749 650 2814 mathematicis
674 2745 801 2825 artibus,
826 2770 901 2831 quas
925 2767 981 2828 ego
1005 2748 1148 2810 divinitus
1172 2747 1301 2809 humano
1326 2747 1429 2827 generi
1448 2748 1506 2808 da-

150 2840 196 2894 tas
220 2837 378 2913 existimo,
404 2857 462 2900 non
486 2847 605 2910 tantum
628 2842 667 2901 ad
691 2859 762 2901 usus
787 2839 896 2912 varios,
923 2838 1084 2900 sedetiam
1108 2837 1146 2897 ad
1166 2836 1399 2898 oblectationem
1416 2836 1506 2898 animi

148 2919 397 2990 honestissimam
420 2929 543 3008 Deoque
567 2929 781 3008 gratissimam,
806 2937 840 2989 ut
863 2946 939 3007 quae
963 2927 1123 3006 conjuncta
1146 2933 1195 2986 cst
1214 2943 1281 2986 oum
1302 2924 1505 2986 celebratione

148 3013 369 3090 sapientissimi
392 3017 516 3095 opificia.
563 3019 681 3098 ltaque,
706 3019 732 3079 si
756 3017 826 3098 quid
850 3025 907 3090 est,
933 3016 1012 3096 qnod
1036 3013 1164 3076 hominis
1188 3013 1351 3074 coelestem
1375 3012 1505 3076 animum

149 3100 177 3160 in
200 3101 257 3164 hoc
281 3103 378 3165 exilio
400 3105 609 3186 pulverulento
633 3107 767 3169 detinere
792 3112 825 3168 et
848 3106 972 3167 delinire
996 3103 1102 3184 possit,
1125 3111 1160 3164 ut
1179 3102 1268 3181 juvet
1290 3101 1406 3175 vivere,
1432 3101 1507 3164 haec

147 3191 281 3268 profecto
313 3200 364 3254 est
391 3193 564 3256 oblectatio.
611 3193 678 3266 Quo
703 3189 831 3259 ”nomine
855 3201 958 3256 nostro
992 3193 1093 3254 seculo
1126 3190 1233 3252 mento
1267 3190 1398 3271 mihique
1431 3191 1507 3252 adeo

149 3278 204 3358 ipsi
228 3282 374 3360 gratulor
396 3282 433 3344 de
457 3284 580 3345 inventa
604 3285 813 3366 typographia,
839 3301 898 3362 qua
921 3283 1059 3344 effectum
1082 3281 1184 3353 video,
1210 3286 1243 3341 ut
1266 3278 1296 3340 in
1319 3286 1407 3340 tanta
1428 3299 1507 3361 pau-

149 3369 240 3430 citate
266 3370 431 3446 hominnm,
456 3372 506 3454 qui
530 3373 568 3433 ad
591 3373 716 3436 subtilia
739 3373 800 3434 ista
821 3379 980 3452 penetrare
1005 3370 1069 3450 apti
1092 3377 1171 3444 suut,
1194 3369 1335 3431 inventus
1350 3375 1453 3431 tamen
1468 3368 1509 3430 sit

150 3456 176 3516 iu
199 3457 367 3521 Britannia
390 3461 437 3523 vir
460 3461 604 3538 eximius,
639 3463 688 3543 qui
711 3462 782 3524 mihi
806 3480 874 3523 sese
898 3462 1043 3523 lectorem
1066 3458 1125 3520 mei
1155 3458 1223 3521 libri
1246 3457 1344 3520 literis
1368 3464 1508 3529 testetur,

147 3556 331 3630 partemque
364 3551 525 3625 mercedis,
559 3569 649 3632 quam
683 3552 739 3612 hac
772 3550 934 3632 scriptione
963 3549 1159 3629 quaerebam,
1192 3547 1257 3626 ipse
1291 3553 1509 3626 repraesentet.

149 3635 224 3697 Nam
250 3637 388 3718 quaein
411 3657 507 3702 meum
532 3639 674 3724 honorem
696 3639 787 3718 pleno
811 3657 862 3701 ore
885 3639 1017 3719 profers,
1049 3657 1087 3699 aa
1110 3636 1153 3698 sic
1177 3635 1298 3715 quidem
1322 3634 1452 3715 accipio,
1476 3641 1512 3696 ut

149 3723 214 3786 iude
239 3743 393 3788 summam
416 3728 446 3789 iu
470 3736 501 3790 te
525 3727 767 3790 benevolentiam
791 3727 820 3788 in
845 3728 949 3790 harum
972 3726 1081 3788 artium
1105 3724 1236 3787 cultores
1261 3723 1433 3800 aestimem;
1457 3741 1512 3803 per

149 3831 214 3875 sese
237 3833 316 3877 vero
342 3833 400 3876 nou
425 3823 542 3880 tautam
565 3817 626 3879 vim
650 3817 762 3879 habent
777 3816 936 3890 afficiendi,
961 3823 1105 3894 quantam
1127 3814 1203 3876 haec
1218 3833 1255 3876 ex
1269 3813 1512 3876 confabulatione

150 3903 336 3968 suavissima
360 3913 428 3968 ort-a
450 3909 606 3987 voluptas,
639 3906 708 3986 quia
730 3906 760 3967 in
784 3925 831 3967 me
859 3924 918 3968 nou
942 3904 1075 3978 invenio,
1104 3922 1196 3985 quare
1219 3903 1273 3966 illa
1296 3903 1352 3965 abs
1375 3909 1407 3964 te
1430 3901 1521 3965 dicta'

152 3995 289 4056 encomia
314 3993 389 4056 milri
411 3996 554 4076 privatim
577 3994 778 4074 comprobem.

235 4083 364 4165 Sequar
388 4092 489 4146 tamen
521 4085 672 4166 epistolae·
702 4091 771 4146 tuae
803 4083 895 4145 iilum.
942 4083 1037 4157 Ecce,
1072 4077 1342 4163 quammagnifice
1362 4081 1514 4160 jacturam

150 4172 412 4249 praestantissimi
437 4173 602 4237 astronomi
624 4173 682 4234 hac
704 4173 835 4237 tutelari.
851 4193 919 4234 mea
946 4167 1136 4234 successione
1160 4179 1321 4248 pensatam
1345 4168 1513 4232 arbitraris.

149 4260 215 4322 lion
240 4262 396 4338 diffiteor,
430 4281 498 4339 me,
530 4261 672 4346 Tychoue
696 4271 831 4337 mortuo,
863 4261 1043 4324 haeredibus
1067 4261 1116 4330 rel
1140 4259 1315 4321 absentibus
1338 4259 1387 4322 vel
1408 4276 1515 4338 parum

150 4349 270 4426 peritis,
302 4351 552 4414 observationum
579 4351 753 4412 relictarum
776 4352 906 4413 tutelam
928 4352 1000 4412 mihi
1023 4350 1207 4412 confidenter
1236 4355 1267 4408 et
1301 4347 1402 4408 forsan
1427 4365 1515 4408 arro-

151 4447 257 4515 ganter
282 4457 466 4518 usurpasse,
492 4433 815 4502 adversis'lraeredum
839 4439 1059 4513 voluntatibus,
1091 4457 1149 4500 uon
1172 4436 1301 4497 obscura
1324 4443 1424 4496 tamen
1446 4435 1516 4513 jus-

151 4528 233 4590 sione
258 4529 476 4620 imperatpris3
512 4530 561 4610 qui
585 4547 651 4590 cum
675 4547 775 4591 curam
799 4529 1065 4604 instrumentorum
1087 4525 1161 4589 mihi
1184 4525 1413 4600 demandasset,
1449 4541 1515 4604 ego,

153 4618 213 4678 late
238 4625 371 4698 accepto
395 4618 551 4693 mandatu,
576 4617 806 4680 observationes
829 4617 1020 4698 potissimum
1043 4615 1143 4695 recepi
1159 4614 1318 4675 curandae.
1356 4613 1457 4674 Multa
1479 4631 1518 4672 ex

153 4727 186 4767 eo
209 4706 426 4770 controversia
449 4725 499 4768 me
522 4706 599 4768 inter
623 4715 656 4768 et
670 4706 826 4780 haeredes,
853 4707 922 4767 dum
936 4723 993 4785 ego
1007 4705 1160 4785 publicum
1175 4701 1361 4764 commodum
1376 4700 1516 4780 respicio,

151 4795 225 4874 ipsis
256 4797 296 4859 de
326 4795 450 4877 privato
481 4812 534 4857 suo·
558 4816 577 4856 a
600 4794 734 4857 Caesare
766 4801 888 4873 praeter
916 4803 1020 4857 votum
1048 4794 1128 4856 lente
1159 4790 1319 4852 admodum
1342 4789 1517 4852 satisfieret.

202 4901 296 4950 aaaron
312 4898 416 4950 operar.
911 4961 913 4964 Ι
1273 4892 1306 4942 tt
