3698 5516
190 437 250 502 ΔΕ
274 448 451 522 aequatos,
486 439 545 504 OG
568 441 631 521 ejus
655 441 721 504 axis

193 537 227 590 et
253 529 328 608 poli.
384 527 451 590 HD
484 529 634 605 zodiacus,
667 530 722 592 BF
785 554 792 559 ·

197 617 262 696 ejus
287 618 358 680 axis
383 627 419 680 et
443 619 523 698 polit
551 614 719 700 eritleL

200 707 314 788 pumua
338 705 427 768 urbia
458 707 488 768 in
512 706 630 770 theoria
652 707 718 768 Ln-

206 816 259 859 uae
273 796 442 859 secundum
452 794 620 870 Eudoxum,
631 795 716 875 ejus-

207 903 261 966 que
288 885 352 966 poli
379 885 413 959 1,
455 883 496 946 Κ.
537 882 629 954 NOQ
665 901 716 945 se-

208 974 334 1048 cundus,
368 973 436 1054 ejus
459 973 521 1052 poli
541 973 584 1047 N,
616 969 717 1034 Oai·
767 1013 786 1066 Β

177 1065 257 1126 uxi
301 1063 399 1143 primo
440 1061 486 1123 IK
525 1061 554 1123 in
597 1060 716 1141 punctis

208 1153 242 1225 P,
257 1151 302 1215 hl.
325 1149 407 1213 Rsn
428 1150 547 1220 tertius,
569 1151 634 1230 ejus
656 1145 717 1229 poli

209 1240 251 1316 R,
275 1241 315 1314 Τ,
340 1239 425 1302 affixi
447 1237 578 1302 secundo
592 1239 622 1301 in
638 1255 716 1318 pnn-

209 1331 265 1392 uu
288 1328 332 1402 v,
355 1328 397 1390 x.
741 1301 759 1362 ⁰

297 1416 402 1479 Habes
434 1413 552 1477 Eudoxi
588 1433 718 1476 concen-

209 1507 311 1580 tricos,
336 1505 430 1579 Uree,
444 1504 489 1572 ,in
512 1502 630 1565 theoria
652 1503 717 1564 Ln-

209 1615 275 1658 nae.
335 1594 351 1656 1
391 1609 469 1655 nuuc
511 1599 543 1652 et
583 1599 718 1655 veterum

208 1683 425 1746 astronomiam
448 1679 575 1742 extolle!
615 1680 717 1742 Theo·

208 1774 253 1836 ria
292 1771 369 1833 haec
406 1787 464 1832 nou
501 1776 624 1830 constat
659 1767 717 1830 uisi

208 1857 417 1933 concentricis,
443 1876 516 1919 sane
540 1858 609 1938 qula
631 1863 717 1918 cete·

208 1969 258 2013 ras
272 1950 379 2011 Lunae
402 1947 637 2027 inaequalitates
651 1945 716 2007 En-

208 2041 304 2100 dcxus
328 2035 490 2116 ignoravit.

296 2126 393 2188 Porro
439 2140 531 2204 quare
574 2121 717 2182 Eudoxus

209 2216 301 2278 etiam
323 2215 354 2276 in
378 2209 540 2274 Theoriam
563 2208 644 2271 Solis
668 2209 840 2276 latitudinis
861 2212 1003 2277 circulum
1031 2211 1242 2288 introduxerit,
1268 2213 1317 2276 dio
1340 2231 1457 2276 mecum
1480 2233 1576 2296 quae-

208 2305 274 2366 sivi.
323 2303 404 2365 Nam
436 2299 497 2360 etsi
523 2298 580 2360 hoc
603 2297 708 2376 procul
741 2301 831 2364 dubio
862 2311 895 2364 et
922 2301 960 2363 D.
991 2301 1094 2382 Tycha
1117 2301 1218 2364 Brahe
1252 2301 1360 2377 iaciat,
1395 2301 1445 2382 qui
1477 2311 1579 2366 muta-

208 2393 322 2455 tionem
356 2390 489 2469 aliquam
527 2385 696 2448 latitudinis
728 2389 855 2452 fixarum
888 2389 1101 2470 deprehendit:
1138 2389 1196 2452 hoc
1232 2395 1333 2452 000000
1370 2397 1435 2452 tem
1467 2392 1579 2454 subtile

208 2479 362 2561 negotium
397 2497 453 2539 nec
483 2475 541 2536 nisi
571 2483 643 2554 post
674 2479 769 2539 multa
802 2479 906 2541 secula
939 2477 1121 2559 deprehendi
1156 2485 1275 2558 potest,
1314 2497 1370 2540 nec
1402 2479 1429 2540 si
1460 2479 1579 2542 Eudoxi

207 2580 346 2648 tempore
377 2565 532 2646 potuisset
566 2563 764 2628 animadverti
798 2565 927 2630 Eudoxo
955 2567 1065 2630 fnisset
1103 2565 1271 2645 cognitum,
1305 2567 1354 2647 qui
1383 2568 1477 2632 multo
1510 2568 1577 2630 evi-

208 2657 348 2720 dentiora
387 2651 555 2734 praeteriit.
611 2653 827 2732 interpretatio
867 2673 939 2718 vero
973 2655 1205 2718 Fracastcrii
1237 2655 1334 2717 locum
1372 2673 1431 2718 nou
1465 2654 1577 2719 habet:

208 2747 306 2823 „haec
329 2743 437 2824 igitur,
461 2741 573 2822 inquit,
606 2761 625 2802 a
652 2743 785 2806 secunda
811 2763 866 2824 per
888 2743 1005 2809 zodiaci
1041 2742 1257 2822 longitudinem
1281 2743 1461 2815 ducebatur,
1494 2752 1578 2808 motu

209 2844 312 2898 autem
342 2850 396 2894 suo
424 2829 573 2899 iaciebat,
606 2838 640 2892 nt
667 2831 759 2892 stella
787 2851 845 2895 non
874 2833 904 2894 in
934 2832 1038 2894 eadem
1068 2830 1200 2892 maxima
1228 2829 1429 2894 declinatione
1458 2849 1579 2912 semper
1644 2887 1651 2898 .

209 2929 359 2995 maneret,
388 2918 443 2980 sed
465 2918 554 2980 Luna
577 2918 664 2980 modo
687 2917 717 2980 in
751 2939 808 2982 unc
833 2922 919 3001 signo
949 2920 1036 2984 modo
1062 2919 1092 2981 in
1117 2919 1176 2980 alic
1199 2919 1365 2994 videretur,
1399 2917 1454 2982 Sol
1478 2919 1577 3000 magia

208 3022 240 3074 et
261 3011 361 3073 minus
385 3007 553 3070 declinaret
575 3007 613 3068 ab
637 3003 937 3086 aequinoctiali.“¹⁰)
983 3006 1067 3079 Quid
1085 3007 1165 3068 enim
1189 3025 1264 3087 opus
1279 3013 1329 3069 eet
1350 3025 1405 3088 pro
1428 3007 1579 3071 varianda

207 3100 291 3164 Solis
314 3096 517 3160 declinatione
540 3113 649 3157 novum
672 3096 812 3158 inducere
836 3097 992 3172 circulum,
1018 3115 1086 3158 cnm
1107 3093 1138 3156 id
1162 3095 1292 3158 officinm
1324 3095 1415 3158 tertio
1446 3097 1497 3178 qni
1519 3096 1577 3160 sub

207 3190 334 3252 zodiaco
358 3183 472 3247 incedit
502 3183 542 3245 sit
569 3185 743 3274 proprium?
787 3185 831 3248 Et
852 3186 947 3248 verba
970 3185 1065 3265 ipsius
1088 3203 1148 3246 non
1173 3191 1243 3246 aaut
1263 3183 1440 3247 astronomi.
1478 3185 1574 3262 Luna,

206 3278 315 3357 inquit,
340 3273 503 3336 secuudum
525 3271 673 3335 maximae
698 3273 912 3338 declinationis
937 3274 975 3337 ab
1000 3281 1162 3354 aequatore
1186 3279 1329 3353 punctum
1361 3291 1438 3335 nuuc
1463 3273 1494 3336 in
1516 3292 1575 3336 uno

208 3367 306 3446 signo,
331 3381 409 3425 nnuc
432 3362 462 3423 in
487 3359 547 3424 alio
570 3363 756 3425 cernebatur.
804 3362 1142 3426 hotmannessun
1164 3362 1302 3443 nuspiam
1322 3362 1390 3442 plns
1405 3361 1444 3423 ab
1460 3381 1575 3443 aequa-

207 3463 274 3517 tura
299 3451 447 3525 declinat,
473 3468 562 3531 quam
587 3449 618 3512 in
644 3465 689 3524 aa,
719 3456 772 3528 ᾗ,
803 3471 862 3514 non
894 3451 991 3513 minus
1025 3469 1114 3532 qnam
1138 3449 1203 3514 Sol.
1249 3449 1394 3531 Adeoque
1418 3451 1483 3530 jam
1512 3452 1575 3513 iere

210 3540 431 3605 concludebam
455 3557 581 3614 mecum,
607 3540 740 3601 voluisse
764 3539 921 3602 Eudoxum
945 3547 1059 3602 motum
1074 3540 1206 3602 fortasse
1225 3540 1350 3602 lixarum
1365 3539 1575 3601 demonstrare

212 3651 267 3712 per
291 3629 455 3692 secundum
477 3624 569 3696 Nou
599 3626 754 3702 circulum,
789 3629 878 3690 aliter
910 3628 1078 3690 revolutum
1106 3636 1136 3690 et
1165 3647 1255 3708 snper
1284 3627 1352 3689 aliis
1381 3627 1476 3707 polis,
1507 3647 1574 3690 cum

209 3718 410 3783 occurrebant
437 3714 614 3796 sequeutia:
646 3716 699 3791 „in
724 3717 840 3798 majore
864 3725 964 3779 autem
988 3715 1147 3778 latitudine
1171 3717 1313 3779 inflexum
1336 3734 1404 3778 esse
1428 3734 1511 3792 eum,
1543 3715 1573 3778 in

211 3827 269 3890 qno
293 3808 393 3878 Luna,
416 3823 507 3884 quam
529 3802 560 3865 io
584 3823 642 3884 quc
666 3803 721 3868 Sol
745 3805 893 3868 lerator.“
939 3803 1055 3876 Quibus
1079 3804 1180 3868 verbis
1211 3806 1307 3868 omnis
1329 3805 1419 3884 plane
1443 3803 1573 3866 diversi-

209 3907 258 3960 tas
283 3895 363 3958 inter
386 3892 469 3955 Solis
493 3901 525 3955 et
547 3892 652 3955 Lunae
677 3894 811 3958 theorias
830 3894 961 3970 tollitur,
995 3893 1051 3956 hoc
1079 3912 1138 3955 uuo
1166 3889 1308 3973 exce'pto,
1338 3893 1416 3974 qood
1440 3890 1501 3955 OV
1523 3893 1573 3956 rel

207 3985 268 4048 NX
291 3983 390 4046 minor
413 3981 455 4044 sit
476 3981 506 4044 in
529 3980 616 4056 Sole,
650 4000 739 4062 qnam
767 3983 795 4044 iu
820 3983 917 4046 Luna
964 3983 1101 4044 Tandem
1123 3981 1243 4058 incidit,
1282 3980 1399 4044 Eudoxi
1422 3980 1572 4045 intentum

208 4094 265 4138 non
289 4082 356 4136 tam
379 4090 449 4133 esse
472 4070 706 4133 astronomicum
731 4089 820 4151 quam
843 4070 1092 4151 philosophicum.

294 4159 419 4224 Etenim
450 4167 482 4220 et
504 4157 647 4221 Eudoxus
672 4168 862 4222 astronomus
890 4160 970 4222 iuter
992 4157 1188 4240 philosophos
1216 4163 1248 4218 et
1270 4155 1390 4237 quidem
1412 4158 1571 4239 Pythago-

207 4253 284 4314 ricos
308 4272 330 4312 a
351 4247 479 4311 Latrtic
503 4255 686 4311 recensetur.
735 4245 901 4311 Consilium
921 4249 1016 4329 igitur
1038 4248 1095 4311 hoc
1119 4247 1211 4309 fuisse
1234 4244 1370 4320 Eudoxo,
1396 4247 1514 4328 qnando
1538 4256 1573 4309 ot

206 4341 316 4404 lumine
341 4337 386 4400 sic
409 4335 542 4398 motibus
565 4335 724 4416 plurimum
738 4335 792 4398 Sol
816 4344 848 4400 et
861 4337 949 4400 Luna
962 4337 1081 4400 differre
1096 4336 1255 4398 videantur
1275 4335 1429 4410 acetaria,
1455 4353 1571 4416 aequa-

204 4430 323 4494 litatem
356 4424 562 4489 omnimodam
587 4424 666 4487 iuter
694 4425 855 4488 luminaria
883 4426 1054 4502 instituere,
1089 4423 1212 4504 Solique
1240 4423 1279 4486 ad
1302 4423 1407 4486 Lunae
1435 4440 1570 4484 normam

203 4519 334 4584 tribuere
349 4512 557 4588 latitudinem,
583 4513 636 4575 sed
653 4513 861 4576 insensibilem
875 4521 928 4576 aut
947 4522 1030 4578 certe
1049 4513 1264 4576 insensibiliter
1277 4511 1464 4584 variabilem,
1491 4509 1570 4590 qnod

199 4609 233 4674 iis
256 4607 340 4672 innui
365 4601 475 4666 verbis
498 4601 650 4678 existimo,
679 4601 786 4683 quibus
814 4603 958 4683 majorem
980 4603 1085 4666 Lunae
1116 4621 1206 4682 qnam
1229 4599 1294 4663 Soli
1321 4597 1427 4662 tribuit
1459 4596 1569 4660 latito-

197 4701 305 4766 dinem,
356 4695 454 4759 Haec
480 4689 558 4752 euim
577 4689 746 4770 aequalitas
770 4689 938 4754 rationibus
963 4691 1026 4771 ejus
1049 4689 1263 4771 philosophicis
1287 4689 1389 4750 forsan
1408 4683 1569 4749 admodum

191 4801 255 4858 erat
278 4788 518 4854 consentanea.-
560 4779 625 4842 Nec
656 4779 791 4858 dubium,
825 4779 896 4864 quin
923 4779 1049 4844 eandem
1072 4779 1110 4842 ob
1134 4796 1256 4842 causam
1282 4776 1361 4838 inter
1388 4781 1508 4836 ceterae
1536 4781 1570 4840 ct
