3718 5520
297 313 364 382 412
867 311 968 364 [alteras
980 311 1084 377 Keplsri

385 475 571 528 Hervartnr
597 473 634 523 ab
656 469 851 538 Hebenburg
875 472 901 522 in
918 471 997 522 literis
1015 471 1039 522 d.
1061 469 1085 522 2.
1105 471 1164 524 Jan.
1186 469 1264 522 1599.
1287 472 1319 524 ds
1337 473 1387 524 lrac
1403 471 1508 537 Keplsri
1531 473 1662 524 emunda

299 549 394 600 scribit:
419 547 480 597 Wss
499 545 543 596 dor
559 544 624 594 Herr
642 545 668 594 in
685 546 767 594 rainer
784 543 902 594 Practics
919 558 950 592 zu
968 543 1024 594 End
1042 543 1171 594 derrelbsn
1190 544 1222 594 da
1239 551 1349 610 temporo
1372 551 1398 595 st
1419 543 1562 609 quantitate
1583 537 1615 610 ό
1635 550 1661 594 st

298 616 499 684 001uminuriunr
525 621 550 665 st
573 615 700 680 eclipsinm
720 614 870 672 discurriert,
897 614 949 664 hab
972 613 1013 664 ich
1037 629 1098 679 gem
1116 615 1230 680 gelessn,
1251 615 1302 666 und
1324 617 1470 672 remimms,
1490 613 1549 664 darr
1569 614 1661 666 etlichs

295 690 468 742 Mathematici
490 689 516 737 in
535 687 630 746 Saron,
660 685 720 735 alda
736 697 795 734 mun
814 683 854 734 die
873 684 990 735 badentte
1013 688 1102 750 junget
1124 686 1281 737 beschehens
1304 700 1389 753 grosre
1407 687 1566 736 linetarnusr
1586 685 1657 746 coslo

296 777 382 812 sereno
400 760 448 810 vol
467 758 585 826 gmehem
604 757 630 806 id
649 757 728 820 iprum
747 755 865 806 obrsrrirt
882 755 965 806 haben
983 756 1076 812 tollen,
1096 757 1142 806 du
1160 759 1268 808 numlicln
1287 759 1327 810 dia
1346 757 1414 808 donn
1433 756 1568 807 damslrlen
1587 756 1659 808 nicht

295 849 343 883 ron
360 831 457 889 undsn,
481 829 587 880 sondern
612 843 659 877 ron
678 827 742 877 obsn
759 827 804 876 her
828 827 868 876 bsi
890 821 922 889 Ἰ.
949 827 1088 878 verlinstert
1104 829 1214 880 worden.
1251 830 1307 880 Bitt
1328 845 1371 880 nm
1389 829 1557 894 Erlentsrung
1575 827 1660 880 dieser

296 905 433 960 anomalia.
452 903 499 953 uie
516 903 552 952 sie
570 901 604 950 sd
620 898 768 964 hypothesin
787 897 916 964 Copsrnici
935 914 967 950 nu
985 900 1191 950 scconrmodiran.

383 1047 423 1098 Ad
439 1037 504 1096 hsce
522 1041 649 1107 respondit
666 1041 841 1124 Keplsrns:

383 1173 430 1234 De
456 1169 537 1234 Solis
562 1167 667 1248 eclipsi
698 1167 823 1247 primum
852 1170 942 1232 valde
971 1169 1044 1232 mihi
1072 1175 1192 1249 gratum
1215 1176 1280 1244 est,
1311 1168 1455 1232 accedere
1486 1168 1525 1230 ad
1556 1187 1657 1230 meam

294 1264 421 1326 aliorum
446 1277 561 1342 quoque
595 1257 838 1333 observationes,
872 1259 980 1339 quibus
1009 1259 1179 1338 praecipne‘
1199 1257 1284 1339 digiti
1315 1257 1448 1339 ecliptici
1476 1258 1655 1338 prodentur.

295 1353 378 1416 Sane
401 1369 508 1413 novem
533 1347 645 1428 digitos
669 1345 734 1426 ipse
758 1366 884 1427 quoqne,
908 1349 963 1410 sed
987 1348 1100 1411 oculari
1120 1347 1231 1411 saltem
1246 1350 1428 1430 conjectura,
1453 1347 1537 1410 nulla
1551 1346 1656 1410 circini

294 1441 431 1522 ἀκριβείᾳ
455 1437 638 1501 constituere
661 1443 808 1516 poteram.

382 1531 488 1609 Itaque
512 1543 695 1607 magnopere
719 1533 750 1586 te
774 1545 840 1600 orn,
865 1533 900 1588 ut
921 1526 999 1588 inter
1022 1531 1142 1588 ceteras
1166 1523 1326 1588 aliorum
1350 1523 1653 1603 observationes,

294 1639 370 1701 quas
392 1615 561 1700 polliceris,
594 1615 672 1676 hanc
697 1614 802 1690 etiam,
833 1615 883 1678 ubi
907 1621 1014 1676 nactus
1038 1613 1114 1686 eris,
1143 1611 1300 1696 adjunges.
1347 1614 1476 1679 Omnino
1500 1616 1579 1680 haec
1603 1619 1655 1679 via

294 1718 342 1772 est
365 1709 404 1770 ad
427 1703 641 1788 perfectionem
665 1704 751 1766 artis.
798 1701 1072 1768 observationibus
1100 1705 1165 1784 ipse
1189 1723 1305 1785 quoque
1328 1704 1482 1778 incumbo,
1515 1707 1654 1786 quamvis

294 1799 374 1861 nullo
402 1797 667 1858 instrumentorum
694 1794 834 1874 remigio,
864 1794 914 1855 vel
941 1794 1010 1857 ideo
1039 1795 1162 1868 saltem,
1197 1802 1232 1856 ut
1259 1793 1286 1856 si
1318 1795 1437 1874 quando
1464 1794 1496 1856 iu
1525 1795 1654 1858 aliomm

293 1885 521 1950 observationes
554 1882 700 1956 incidam,
735 1903 793 1945 non
827 1883 900 1960 nihil
933 1883 1078 1959 babeam,
1113 1903 1170 1964 qno
1203 1883 1392 1963 diligentiam
1421 1883 1653 1948 observatorum

292 1978 457 2057 explorem.
503 1972 583 2038 Nam
606 1971 664 2033 hae
679 1971 907 2034 observationes
923 1993 1056 2048 crassae,
1082 1993 1157 2054 quse
1182 1975 1371 2053 planetarum
1397 1973 1436 2034 ad
1458 1973 1535 2036 fixas
1560 1975 1653 2038 sitnm

294 2065 387 2129 variis
411 2061 646 2126 circumstantiis
669 2062 809 2141 produnt,
834 2061 892 2122 etsi
916 2081 975 2124 non
999 2063 1038 2124 ad
1062 2071 1124 2126 tam
1148 2061 1274 2142 exiguas
1297 2062 1519 2142 portiunculas,
1545 2071 1580 2126 ut
1601 2063 1653 2124 in-

293 2151 535 2223 strumentariae,
561 2149 725 2222 deducunt,
748 2150 845 2212 minus
869 2159 981 2227 tamen,
1006 2171 1094 2232 quam
1113 2151 1198 2222 illue,
1231 2151 1377 2214 obnoxiae
1401 2159 1473 2214 sunt
1494 2151 1540 2214 illi
1564 2171 1652 2214 erro·

294 2264 361 2306 rum
383 2239 539 2312 varietati,
563 2239 612 2319 qui
637 2239 794 2301 confertim
818 2240 1025 2304 instrumentis
1048 2241 1240 2303 insidiantur.
1287 2241 1334 2302 De
1350 2258 1449 2302 annua
1472 2240 1529 2302 hac
1553 2241 1651 2322 eclip-

295 2333 371 2394 sium
395 2327 554 2402 anomalia,
588 2327 647 2388 etsi
677 2346 734 2389 non
764 2336 812 2390 est
836 2331 921 2402 (aute
949 2330 1108 2392 multorum
1139 2347 1282 2392 eunomm
1306 2329 1427 2391 labores
1445 2328 1651 2400 continuatos,

295 2419 396 2483 omnia
418 2418 511 2498 probe
534 2423 710 2496 perspecta,
740 2418 840 2479 omnia
862 2418 971 2480 cuiculi
994 2417 1126 2498 ecliptici
1150 2419 1345 2480 fundamenta
1367 2417 1407 2480 ad
1430 2418 1576 2482 amussim
1599 2439 1652 2482 re·

294 2517 413 2581 vocata,
439 2525 541 2569 omnes
566 2505 696 2566 omnium
718 2512 886 2588 temporum
909 2509 1037 2587 eclipses
1062 2507 1100 2568 ad
1116 2508 1264 2569 calculum
1278 2506 1471 2568 Pmteuicum
1489 2508 1650 2581 reductus)

293 2598 451 2678 quicquam
473 2590 736 2675 pronunciandum,
761 2595 871 2674 ingenii
894 2603 997 2658 tamen
1022 2596 1123 2677 gratia
1147 2596 1250 2658 licebit
1273 2594 1351 2658 serio
1375 2595 1533 2658 certamini
1555 2615 1650 2676 prae·

294 2688 405 2750 ludere.
451 2681 600 2747 Memini
627 2703 712 2745 sane
744 2683 779 2746 in
803 2685 1028 2748 Ptolemaico
1053 2685 1246 2765 eclipsium
1278 2685 1425 2750 calculo
1454 2684 1498 2746 ub
1528 2684 1650 2748 Alba-

294 2775 419 2856 tegnio
443 2771 711 2854 deprehensum
735 2773 966 2850 anomaliam,
992 2782 1029 2837 et
1049 2773 1341 2855 discrepantiam
1364 2773 1649 2838 observatarnm

292 2863 488 2944 eclipsium
520 2861 564 2923 ab
588 2860 718 2924 iisdem
750 2863 969 2939 calculatis,
1004 2881 1150 2943 eamque
1183 2863 1293 2926 alium
1324 2881 1426 2944 quam
1462 2862 1552 2924 haec
1586 2864 1647 2926 ho-

186 3011 189 3016 .
292 2954 422 3016 dierua
445 2959 511 3014 est.
559 2951 632 3012 ldeo
655 2949 829 3031 priusquam
853 2953 928 3014 certi
952 2953 1022 3033 quid
1046 2959 1212 3027 statuatur,
1237 2952 1318 3014 illius
1341 2951 1434 3013 etiam
1452 2957 1551 3014 cansa
1574 2954 1648 3015 red-

292 3042 391 3106 denda
414 3040 482 3103 erit.
528 3041 869 3118 Praesupponemus
891 3041 1025 3122 igitur,
1050 3043 1141 3104 hunc
1165 3039 1384 3118 anomaliam
1407 3060 1561 3103 annuam
1585 3042 1646 3104 ho«

292 3127 505 3194 diurnarum
520 3126 715 3208 eclipsium
737 3138 952 3212 perpetuum
977 3149 1060 3193 esse
1083 3129 1275 3193 Prutenici
1298 3129 1435 3191 calculi
1461 3131 1647 3206 comitem,

291 3219 322 3282 si
345 3219 377 3280 is
399 3225 503 3281 retro
526 3225 734 3298 usurpetur.
781 3220 822 3282 Et
844 3218 1030 3300 propositum
1054 3218 1140 3282 nobis
1164 3226 1240 3292 esto,
1264 3218 1534 3298 causamreperire
1557 3219 1648 3298 hujus

290 3307 469 3370 anomaliae.
518 3303 594 3368 Cum
618 3324 689 3385 ergo
713 3305 773 3369 tria
796 3308 859 3370 sint
881 3326 1022 3389 corpora,
1054 3315 1117 3370 tres
1140 3315 1238 3370 motus
1265 3307 1305 3370 ad
1323 3305 1542 3369 noviluniomm
1566 3316 1648 3371 tern-

288 3415 364 3478 pora
387 3393 571 3458 dimetienda
594 3405 815 3472 concurrentes,
840 3405 915 3479 puta
938 3396 1030 3472 Solis,
1055 3398 1171 3470 Lunae,
1196 3403 1228 3460 et
1250 3395 1339 3477 primi
1363 3395 1482 3458 mobilis
1507 3399 1557 3470 (ut
1580 3405 1646 3459 ter·

290 3486 378 3550 minis
411 3483 592 3558 usitatamm
616 3483 825 3565 hypothesium
849 3489 998 3562 utamur),
1032 3485 1153 3566 singula
1188 3486 1324 3565 singulas
1362 3483 1448 3547 nobis
1477 3484 1647 3565 praebeant

230 3623 233 3630 .
292 3572 489 3656 suspiciones.
535 3571 616 3634 Nam
644 3571 713 3634 dum
745 3576 916 3638 vernalia
943 3573 1134 3638 novilunia
1166 3581 1229 3636 aut
1255 3573 1466 3654 plenilunia
1493 3573 1646 3638 tardius

289 3683 396 3732 revera
418 3661 551 3736 veniant,
576 3678 664 3740 quarn
678 3658 708 3722 in
724 3664 840 3726 calculo
854 3663 1076 3745 praedicuntur,
1101 3662 1329 3726 autumnalia
1351 3661 1484 3725 citius:
1509 3663 1537 3726 si
1551 3682 1647 3727 causa

289 3753 319 3816 in
339 3751 420 3815 Solis
444 3757 527 3813 motu
556 3757 620 3824 cst,
655 3759 775 3828 oportet
799 3752 901 3816 Solem
931 3772 1023 3815 verno
1052 3760 1187 3832 tempore
1220 3751 1338 3831 longius
1368 3750 1398 3812 in
1428 3754 1646 3834 consequentia

688 3839 802 3904 distare
826 3862 916 3921 quam
949 3862 967 3902 a
999 3842 1115 3904 calculo
1138 3840 1289 3919 proditur,
1324 3841 1488 3903 antumnali
1513 3841 1645 3906 brevius.

686 3929 730 3991 Ut
760 3931 791 3992 A
823 3931 865 3993 sit
894 3939 1029 3994 centrum
1061 3929 1162 3992 mundi
1194 3936 1226 3991 et
1257 3927 1338 3991 orbis
1371 3930 1521 4005 Lunaris‚
1559 3932 1646 4012 cnjus

687 4016 835 4082 diameter
860 4039 915 4100 per
940 4018 1142 4098 longitudines
1166 4017 1248 4081 Solis
1278 4017 1395 4080 medias
1418 4037 1511 4099 prope
1535 4019 1644 4100 aequi·

686 4288 746 4350 situ
783 4286 812 4348 in
846 4305 904 4366 qno
939 4285 1102 4349 assumitur
1140 4284 1168 4346 in
1202 4285 1328 4354 calculo,
1371 4284 1519 4348 diameter
1551 4285 1646 4366 igitur

684 4395 740 4456 per
767 4374 969 4455 longitudines
997 4374 1114 4436 medius
1137 4371 1233 4436 LBO.
1280 4371 1329 4436 Sit
1358 4382 1459 4436 autem
1482 4375 1511 4438 D
1538 4375 1643 4448 Libra,

683 4465 698 4526 I
721 4463 823 4535 Aries,
847 4469 879 4525 et
903 4471 1096 4527 assumantur
1118 4463 1190 4525 bina
1213 4469 1351 4546 tempore
1375 4463 1405 4525 in
1429 4463 1536 4544 quibus
1556 4464 1644 4528 Luna

686 4553 849 4618 secuudum
873 4552 1019 4615 calculum
1043 4553 1107 4634 (qui
1131 4552 1191 4632 jam
1215 4552 1245 4616 in
1266 4553 1354 4616 Luna
1376 4571 1471 4615 verax
1494 4571 1562 4615 esse
1585 4571 1642 4632 po-

287 4647 382 4724 nitur)
406 4630 449 4711 sit
477 4649 506 4712 in
531 4647 570 4722 Q,
594 4650 637 4714 R.
683 4643 795 4713 lisdem
810 4651 976 4723 temporum
995 4641 1130 4705 articulis
1146 4649 1315 4724 appareant
1337 4640 1366 4705 in
1381 4641 1642 4705 observationibus

288 4737 365 4800 dnae
396 4739 525 4820 eclipses
550 4738 687 4802 Solares.
732 4731 867 4796 Necesse
896 4737 945 4793 est
973 4729 1079 4810 igitur,
1108 4729 1211 4794 Solem
1239 4751 1385 4816 apparere
1413 4732 1444 4796 in
1472 4731 1554 4796 linea
1575 4731 1639 4806 AF,
