3542 5528
675 275 837 328 murm.
959 279 965 284 ·
1388 277 1431 348 49

103 432 172 492 dicos
192 447 286 500 novos,
311 431 359 494 nti
383 451 435 494 eos
458 431 530 494 mihi
552 450 674 512 praeses
698 433 915 497 ordinariorum
939 435 1004 514 (qui
1026 435 1056 496 in
1076 435 1263 498 dedicatione
1285 438 1432 502 nominati

102 523 172 590 sunt)
193 518 279 580 irater
302 519 387 582 illius
402 521 553 622 capitanei
570 520 674 583 itidem
693 540 746 602 pro
761 523 875 603 aliquot
889 525 1098 586 nativitatibus
1113 525 1189 586 dono
1204 525 1297 587 dedit.
1329 526 1432 590 Nolim

102 615 183 668 autem
203 616 327 681 metuas,
354 616 389 670 ut
410 609 507 670 minus
531 609 614 672 dives
638 628 694 688 ego
718 611 796 672 fiam
834 612 911 674 Nam
928 613 1095 692 hujusmodi
1110 612 1235 694 aucupia
1257 633 1327 676 rara
1350 623 1428 680 suut

101 693 233 772 Quamvis,
258 717 284 758 sr
275 696 384 760 'Deus
399 697 522 760 cuilibet
537 699 655 762 animali
675 699 757 762 dedit
775 698 974 764 iustrumenta
993 701 1074 764 vitae
1098 702 1328 779 conservandae,
1354 723 1429 784 quae

100 785 191 846 invidia
212 793 269 857 ast,
293 786 320 848 si
344 787 450 849 eodem
473 787 597 850 consilio
621 796 791 851 astronomo
815 788 952 870 adjungit
974 791 1189 871 astrologiam?
1225 792 1306 854 Illud
1327 793 1430 874 itaque

98 873 215 954 poculum
236 871 406 956 Schillingo
430 886 533 938 nostro
551 876 721 958 propinavi,
746 877 790 940 uti
815 879 879 940 loco
903 888 954 941 tuo
978 881 1186 959 responderet,
1210 898 1374 962 precorque
1396 889 1430 944 ut

98 983 172 1024 sanus
193 970 223 1024 et
243 973 373 1044 vegetus
396 972 430 1026 et
451 963 516 1044 ipse
539 966 731 1047 respondeas.

169 1050 227 1115 Sed
249 1053 289 1114 ad
314 1052 448 1116 libellum
472 1073 568 1116 meum
591 1055 690 1118 redeo.
736 1055 832 1118 Estne
856 1055 1005 1118 sufficiens
1035 1057 1090 1120 hoc
1114 1075 1152 1118 ex
1174 1057 1348 1120 infelicitate
1372 1058 1427 1120 de-

95 1141 197 1203 ductum
210 1151 428 1224 argumentum,
453 1144 609 1206 materiam
624 1145 732 1206 falsam
749 1144 840 1208 esse?
872 1145 921 1207 Au
942 1163 1055 1225 poenas
1078 1147 1126 1210 luo
1145 1145 1288 1225 juvenilis
1304 1147 1428 1210 temeri-

96 1229 154 1290 tatis
174 1239 203 1292 et
225 1232 389 1294 affectatae
421 1233 570 1312 pompae?
616 1233 765 1315 Tyehonis
794 1242 875 1296 certe
903 1234 1035 1296 rationes
1066 1254 1113 1298 me
1145 1234 1218 1296 nihil
1247 1242 1369 1297 movent
1395 1243 1430 1297 ut

95 1317 217 1383 dubitem.
252 1321 335 1384 Nam
358 1321 416 1382 etsi
439 1321 557 1384 vitiosis
581 1323 774 1385 abscessuum
796 1323 1038 1403 proportionibus
1062 1321 1259 1406 eCoperuico
1283 1324 1428 1387 desumtis

95 1409 132 1478 (ot
160 1427 194 1468 ex
226 1409 292 1491 ipso
326 1409 480 1490 intelligo)
511 1412 774 1492 superaedificavi:
817 1410 922 1473 vitium
955 1420 1055 1474 tamen
1087 1413 1167 1475 inest
1197 1412 1428 1494 particularibus

94 1497 287 1578 motibus„qui
302 1498 445 1578 exiguam
458 1497 588 1563 inserunt
602 1499 789 1563 varietatem.
823 1499 958 1562 Veniant
980 1501 1010 1563 in
1033 1503 1128 1564 lucem
1151 1502 1217 1582 ejus
1240 1502 1429 1578 narrationes

95 1587 223 1652 coelestes
229 1606 240 1662 ;
268 1587 440 1658 videbitur,
478 1588 585 1651 Placet
607 1590 731 1671 optime,
756 1590 976 1671 deprehendere
1000 1589 1098 1672 ipsum
1121 1590 1321 1668 observando,
1351 1591 1429 1672 quod

95 1693 138 1754 ego
157 1675 363 1738 ratiocinando
387 1677 580 1758 collegeram,
614 1686 762 1759 praeter
789 1678 982 1742 circuitum
1012 1681 1110 1743 circa
1136 1680 1285 1742 eundem
1308 1679 1428 1742 Solem

94 1763 170 1826 nihil
192 1765 268 1827 lere
297 1766 656 1846 pluribusplanetis
685 1787 863 1831 commune
891 1787 971 1831 esse
996 1769 1134 1832 debere.
1182 1770 1288 1850 ltaque
1311 1787 1428 1832 rursum

93 1853 192 1932 gestio:
222 1853 303 1918 Veni
330 1855 433 1936 tycho
461 1863 493 1918 et
515 1857 575 1919 noli
598 1858 730 1919 tardare.
776 1856 932 1938 Depouam
955 1867 1055 1920 autem
1079 1857 1158 1938 apud
1180 1868 1211 1920 te
1235 1877 1330 1920 meam
1355 1877 1427 1938 spe-

93 1943 263 2021 culationem,
289 1951 325 2007 ut
343 1944 440 2024 judex
463 1946 516 2018 sis,
540 1967 577 2008 an
601 1947 760 2009 conveniat
784 1966 849 2012 cum
865 1947 1014 2030 Tyehone,
1040 1947 1066 2010 si
1088 1948 1114 2009 is
1136 1948 1272 2023 prodeat.
1308 1945 1428 2027 Jupiter

92 2030 166 2093 debet
186 2031 298 2096 habere
323 2033 564 2097 mediocritatem
587 2035 617 2098 iu
641 2035 756 2098 duabus
778 2043 878 2097 motus
905 2035 1097 2116 particularis
1126 2035 1337 2118 qualitatibus,
1366 2033 1428 2098 Sa-

91 2128 178 2182 turnus
201 2141 361 2184 excessum
384 2123 415 2184 iu
438 2143 506 2198 una,
532 2124 681 2187 defectum
703 2126 732 2188 iu
757 2124 867 2200 altera,
891 2123 976 2186 Mars
1000 2125 1138 2206 opposito
1161 2125 1248 2187 modo
1272 2143 1429 2187 excessum

93 2209 129 2270 rel
151 2211 321 2286 delectum;
347 2219 410 2273 tres
434 2213 601 2294 superiores
625 2212 735 2276 debent
758 2214 817 2276 alio
841 2215 869 2275 in
894 2231 1002 2294 genere
1022 2213 1177 2294 qualitatis
1192 2214 1315 2289 versari,
1341 2232 1429 2294 quam

91 2298 137 2360 duo
156 2299 324 2366 interiores.
371 2301 477 2363 Venus
501 2302 590 2365 debet
617 2303 646 2364 in
676 2303 737 2366 suis
764 2311 862 2365 motus
894 2302 1090 2382 qualitatibus
1118 2323 1186 2366 esse
1216 2302 1429 2384 opposita'uni

91 2386 231 2463 llercurio,
254 2399 291 2452 ut
304 2389 429 2470 Jupiter
442 2389 574 2454 Saturno
593 2399 626 2452 et
637 2392 731 2454 Marti
754 2392 852 2454 simul.
882 2389 952 2453 Jam
971 2409 1047 2472 quae
1071 2392 1107 2452 de
1131 2393 1324 2472 ampliatione
1347 2391 1428 2455 orbis

90 2476 164 2538 annui
183 2478 265 2554 dicit,
291 2487 412 2541 tantum
436 2479 533 2554 abest,
557 2489 591 2541 ut
613 2500 660 2540 mc
684 2482 856 2544 absterreat
872 2500 891 2540 a
906 2479 1073 2561 Oopernico
1097 2481 1267 2554 (ueletiam
1282 2478 1335 2544 ab
1358 2498 1427 2543 cor-

90 2565 218 2642 poribus),
243 2576 278 2630 ut
298 2567 403 2648 potius
418 2586 471 2630 suo
487 2569 582 2648 ipsum
597 2569 765 2652 Tyehonem
789 2569 890 2650 gladio
914 2569 1002 2632 ferire
1025 2570 1161 2632 mediter.
1195 2569 1294 2642 Quid?
1318 2588 1427 2649 ergone

22 2699 23 2704 1
92 2663 129 2715 tot
148 2657 327 2719 monstrosis
352 2657 481 2720 motibus
505 2666 571 2720 tota
593 2659 686 2720 moles
710 2658 729 2722 5
748 2660 938 2740 planetarum
955 2679 1014 2721 una
1031 2678 1097 2720 cum
1112 2657 1192 2734 Sola,
1217 2667 1319 2720 centro
1342 2658 1426 2740 ipso-

91 2761 158 2818 rmr,
189 2745 345 2808 volvitur?
391 2743 513 2816 Quanto
540 2746 658 2809 facilius
685 2748 768 2810 credi
793 2755 897 2828 potest
920 2745 1104 2827 Coperuico,
1138 2748 1230 2808 solius
1261 2747 1293 2808 id
1316 2747 1426 2810 Terrae

89 2840 156 2892 motu
184 2834 266 2896 lieri:
281 2871 286 2880 ι
303 2853 374 2898 cum
403 2835 493 2897 iidem
525 2835 661 2916 utrinque
690 2838 751 2898 siut
778 2839 912 2900 effectus.
959 2835 1020 2898 Sed
1044 2837 1114 2917 quid
1141 2855 1196 2914 ego
1220 2834 1299 2898 tibi?
1320 2919 1322 2924 Α
1345 2832 1427 2905 Quid
1472 2912 1476 2922 Ι

90 2919 227 3001 lbchoui?
273 2922 408 2985 Dubium
432 2944 490 2986 non
522 2932 587 3001 est,
621 2926 690 3006 quin
718 2926 782 3007 ipse
814 2926 870 2988 hoo
900 2925 1060 3004 intelligat.
1106 2921 1226 3003 Ergone
1250 2924 1346 2985 solum
1370 2923 1426 2985 has

90 3009 203 3074 rationes
220 3011 328 3084 habet,
352 3031 427 3092 quas
443 3011 608 3092 Coperuico
624 3015 779 3094 opponat?
811 3017 860 3077 An
885 3015 982 3093 major
1004 3012 1050 3074 his
1071 3012 1238 3074 rationibus
1254 3011 1302 3074 vis
1325 3011 1425 3088 inerit,

89 3099 129 3160 ubi
148 3099 174 3161 in
197 3101 403 3163 fondamentis
426 3103 488 3164 suis
512 3110 544 3164 et
565 3103 747 3166 sufficienter
765 3102 1052 3167 considerabuntur?
1083 3102 1118 3163 Id
1133 3101 1234 3182 utique
1248 3100 1424 3165 videbimus.

22 3261 23 3276 χ
90 3183 164 3249 Certe
186 3191 263 3270 quod
289 3190 379 3266 dicit,
405 3210 438 3252 se
459 3192 491 3253 in
514 3191 589 3253 meis
613 3192 709 3254 literis
733 3194 865 3254 rationes
889 3191 1023 3266 dedisse,
1048 3191 1160 3252 nullam
1182 3190 1297 3272 reperio
1321 3198 1426 3253 contra

88 3284 182 3339 notum
204 3279 334 3353 Terrae,
365 3299 454 3360 quam
482 3281 650 3343 absolutam
678 3283 868 3362 negationem
897 3289 928 3343 et
955 3281 1061 3343 deinde
1088 3279 1246 3362 physicam
1268 3279 1423 3354 rationem,

89 3382 161 3440 quarn
181 3375 213 3430 tu
236 3368 423 3432 sufficienter
446 3369 595 3433 refutasti.
633 3369 710 3432 lllud
734 3371 811 3434 forte
836 3372 893 3432 viru
913 3369 1043 3450 aliquam
1061 3369 1195 3433 obtinere
1213 3368 1321 3449 possit,
1347 3370 1424 3450 quod

88 3463 189 3519 auctam
210 3477 283 3522 esse
306 3458 417 3520 Martis
440 3458 694 3522 eccentricitatem
718 3459 922 3540 deprehendit.
970 3456 1027 3520 Cui
1050 3459 1161 3520 rationi
1189 3457 1247 3520 duo
1270 3457 1345 3520 baec
1369 3459 1425 3520 oh·

85 3541 152 3619 jicio.
194 3547 331 3609 Primum
354 3556 473 3609 veteres
497 3547 752 3610 eccentricitatam
776 3547 883 3611 Martis
907 3565 942 3608 eo
966 3547 1054 3610 modo
1077 3547 1314 3627 investigarunt,
1339 3565 1427 3628 quem

87 3629 138 3710 ipse
160 3635 389 3700 insufficientem
413 3636 497 3698 dicit.
543 3635 670 3700 Dubites
693 3638 797 3718 igitur,
828 3657 866 3697 an
889 3635 994 3698 vitium
1021 3635 1050 3697 in
1080 3635 1177 3699 veteri
1200 3635 1425 3698 eccentricitate

88 3719 168 3786 insit?
197 3725 318 3787 Deinde
333 3723 517 3805 Oopernicus
535 3724 666 3805 ἀπογεια,
690 3745 747 3788 uon
769 3723 878 3804 dqqtro
902 3723 1096 3806 computavit,
1108 3725 1171 3786 -illo
1191 3726 1321 3787 fortasse
1341 3743 1425 3786 com-

22 3887 23 3890 *
88 3812 189 3887 putabit
201 3812 324 3892 ἀφηλια.
359 3813 489 3875 Videtur
508 3815 585 3876 enim
604 3815 705 3894 vigore
725 3813 933 3895 hypothesium
956 3833 1077 3884 suarum
1099 3813 1156 3875 hoo
1180 3815 1279 3875 lacere
1304 3813 1424 3878 debere.

90 3897 172 3962 Valde
193 3905 274 3964 euim
297 3902 458 3965 absurdum
480 3913 572 3980 esset,
597 3904 622 3966 si
645 3909 786 3982 punctum
809 3902 932 3983 aliquod
953 3903 982 3964 in
1005 3902 1116 3966 vicinia
1137 3899 1219 3964 Solis
1241 3919 1296 3981 pro
1320 3911 1425 3964 centro

89 3983 305 4068 5planetarum
329 3999 508 4054 assumeret.
554 3993 641 4054 Adde
665 3997 696 4052 et
719 3991 805 4062 illud,
829 3991 909 4072 quod
931 3999 1044 4054 certum
1068 3991 1185 4054 omnino
1209 3990 1264 4066 sit,
1289 4001 1426 4054 centrum

89 4071 229 4142 borbium
254 4081 314 4159 ipsi
343 4099 402 4142 non
430 4079 597 4164 aequaliter
623 4079 703 4142 circa
726 4081 849 4144 Terram
876 4081 933 4155 ire,
967 4099 1034 4142 eum
1062 4080 1222 4161 aliquando
1250 4080 1426 4160 ampliorem

89 4165 222 4242 periodum
246 4169 348 4232 facere
371 4169 497 4244 debeat,
522 4168 681 4249 aliquando
705 4169 917 4249 angustiorem.
963 4169 999 4231 Id
1022 4169 1101 4231 enim
1123 4187 1246 4230 necesse
1270 4179 1319 4232 est
1341 4171 1425 4233 illum

89 4263 202 4319 statuere
230 4259 272 4320 ad
295 4257 380 4320 illam
404 4257 600 4322 differentiam
630 4253 743 4320 1⁰11&
765 4257 795 4319 in
819 4259 918 4320 Marte
940 4258 1170 4338 producendam.
1216 4259 1322 4339 Itaque
1346 4277 1423 4320 non-

90 4341 145 4406 dum
164 4367 209 4410 me
237 4356 343 4410 movet
364 4348 440 4410 haec
462 4347 550 4410 ratio.
597 4347 632 4408 In
656 4346 861 4410 librationibus
889 4346 972 4427 globi
991 4347 1100 4408 Terrae
1125 4353 1157 4406 et
1179 4346 1294 4408 rationo
1318 4345 1424 4427 aequi-

89 4435 234 4500 noctiorum
247 4435 450 4517 suspicionem
464 4436 582 4517 quidem
602 4435 675 4498 lacit
698 4435 822 4516 alicujus
845 4434 1031 4510 incommodi,
1057 4435 1110 4497 sed
1124 4434 1197 4496 nihil
1217 4443 1320 4513 aperte
1339 4433 1421 4495 dicit

90 4519 142 4601 Ego
162 4543 229 4588 vero
252 4545 313 4588 non
337 4525 457 4588 terreri
467 4525 521 4588 sed
545 4524 644 4586 doceri
667 4524 1027 4586 volo.1mmensitatem
1050 4525 1146 4585 solam
1169 4521 1271 4600 habet,
1296 4540 1354 4602 qua
1376 4537 1423 4579 me

91 4627 136 4673 non
155 4615 347 4678 mediocriter
369 4622 479 4677 movet
526 4611 588 4676 Sed
611 4632 665 4677 nos
689 4613 797 4675 mundo
822 4614 940 4695 quidem
962 4610 1048 4692 parvi
1071 4629 1185 4686 sumus,
1211 4610 1335 4672 mundus
1357 4607 1423 4667 Deo

91 4717 136 4762 non
157 4713 201 4766 est
223 4723 363 4786 magnus.
402 4702 444 4765 Et
466 4712 534 4766 suut
555 4702 688 4766 rationes
708 4701 920 4764 immensitatis
944 4701 1033 4763 illius
1070 4697 1203 4761 Etiam'
1195 4717 1225 4758 rn
1247 4698 1303 4758 hoc
1326 4693 1422 4755 minus

92 4805 185 4871 usqum
202 4793 333 4868 videtur,
360 4791 601 4874 quodpostulat:
628 4791 753 4854 eandem
771 4792 836 4856 dari
858 4789 1079 4871 proportionem
1102 4784 1288 4867 quiescentis
1304 4790 1337 4844 et
1356 4800 1423 4844 mo-

131 4891 326 4948 nstramus
1192 4883 1210 4934 ⁴
