3586 5518
903 1203 1024 1306 Caput
1050 1205 1079 1280 Ι.

454 1383 576 1463 Quibus
598 1381 776 1445 rationibus
800 1379 968 1465 captator·
989 1381 1173 1465 hypotheses
1187 1381 1273 1464 fiant
1295 1391 1529 1446 montaneae.

652 1487 699 1551 Et
720 1486 891 1572 explicatio
914 1487 1131 1569 qupotlreainm
1156 1483 1330 1568 Ooperetici.

398 1645 469 1708 Etsi
491 1645 571 1724 pium
595 1653 653 1720 est,
677 1646 781 1708 statim
805 1645 843 1707 ab
867 1643 953 1705 initio
976 1643 1064 1726 hujus
1089 1645 1125 1707 de
1145 1653 1254 1707 natura
1269 1645 1481 1726 disputationis
1497 1645 1611 1724 videre,
1636 1669 1673 1710 an

311 1735 383 1796 nihil
407 1733 511 1798 Sacris
534 1733 647 1797 Literis
671 1733 853 1796 contrarium
878 1731 1012 1795 dicatur:
1037 1732 1282 1816 intempestivum
1305 1743 1406 1795 tamen
1431 1735 1583 1810 existimo,
1608 1757 1673 1798 eam

311 1821 546 1886 controversiam
568 1823 616 1884 hic
636 1842 755 1886 movere
779 1821 861 1902 prius
886 1823 976 1902 atque
1000 1821 1154 1886 solliciter.
1170 1827 1197 1897 ⁸)
1230 1821 1309 1884 Illud
1331 1823 1360 1884 in
1384 1841 1494 1902 genere
1518 1825 1673 1904 promitto,

310 1913 382 1974 nihil
406 1931 454 1974 me
478 1911 637 1986 dicturum,
663 1913 741 1992 quod
765 1912 794 1972 in
819 1909 931 1972 Sacrae
954 1909 1076 1972 Literas
1100 1909 1235 1991 injurium
1259 1911 1314 1984 sit,
1339 1918 1371 1972 et
1393 1910 1419 1972 si
1443 1913 1528 1991 cujus
1554 1911 1673 1993 Caper-

311 2000 394 2062 nicns
417 2017 533 2062 mecum
557 1999 761 2074 convincatur,
786 2013 839 2080 pro
865 1999 944 2058 nullo
968 1997 1149 2061 habiturum.
1183 2001 1284 2079 Atque
1303 2018 1341 2061 ea
1353 2019 1439 2061 mens
1457 2001 1528 2062 mihi
1553 2020 1676 2082 semper

311 2088 382 2162 luit,
407 2089 478 2149 inde
502 2107 521 2148 a
544 2106 602 2167 quo
626 2085 784 2168 Oopemici
809 2085 1041 2149 Revolutionum
1065 2087 1156 2148 libros
1180 2105 1361 2167 cognoscere
1385 2087 1479 2168 coepi.

400 2175 476 2238 Cum
499 2175 591 2254 igitur
614 2175 670 2237 hac
694 2175 723 2237 in
747 2184 834 2256 parte
859 2173 941 2236 nulla
965 2173 1107 2256 religione
1131 2174 1301 2257 impedirer,
1325 2193 1382 2257 quo
1406 2175 1503 2239 minos
1523 2175 1674 2257 Coperni-

311 2284 377 2327 cum
401 2264 426 2326 si
450 2271 655 2326 consentanea
678 2263 794 2327 diceret
817 2263 967 2335 audirem,
996 2261 1237 2344 primamddem
1259 2264 1331 2326 milri
1356 2264 1429 2327 lecit
1451 2265 1504 2328 illa
1527 2267 1673 2346 pulcher·
1783 2335 1784 2340 η

310 2353 386 2415 rima
408 2351 547 2432 omnium,
574 2371 650 2434 quae
675 2352 703 2414 in
728 2352 812 2414 coelo
837 2359 995 2432 apparent,
1019 2352 1229 2432 complacitis
1255 2351 1414 2432 Ooperuici
1437 2355 1614 2417 consensio:
1640 2363 1676 2417 ut

310 2439 360 2522 qui
384 2459 442 2502 non
466 2441 563 2502 solum
586 2449 686 2502 motus
709 2439 892 2522 praeteritos
907 2459 945 2501 ex
959 2439 1066 2504 ultima
1080 2441 1261 2522 antiquitate
1276 2441 1422 2522 repetitos
1437 2444 1674 2516 demonstraret,

311 2531 364 2592 sed
389 2529 483 2592 etiam
507 2529 623 2591 futuros
647 2537 756 2599 antea,
786 2548 844 2591 non
869 2529 987 2610 quidem
1011 2527 1193 2606 certissime,
1227 2531 1280 2592 sed
1310 2540 1409 2592 tameo
1435 2531 1524 2612 longe
1549 2531 1672 2608 certius,

310 2637 399 2699 quam
421 2618 631 2692 Ptolemaeus,
663 2619 836 2698 Alphonsus
865 2626 897 2679 et
919 2617 1028 2690 ceteri,
1052 2617 1176 2682 diceret.
1223 2619 1302 2682 Illud
1325 2628 1426 2682 autem
1449 2620 1538 2700 longe
1562 2621 1673 2700 majus,

310 2707 388 2788 quod
414 2725 489 2786 quae
518 2725 557 2767 ex
585 2705 652 2768 aliis
685 2706 787 2769 mirari
820 2706 982 2780 discimus,
1015 2725 1118 2768 eornm
1151 2708 1233 2770 solus
1259 2706 1442 2788 Copernicus
1471 2707 1673 2788 pulcherrime

310 2795 457 2857 rationem
479 2795 588 2869 reddit,
614 2813 795 2878 cansamque
811 2792 1028 2870 admirationis,
1053 2814 1130 2876 quae
1153 2805 1201 2858 est
1220 2796 1369 2877 ignoratio
1385 2817 1553 2872 causarum,
1580 2797 1672 2860 tollit.

308 2885 467 2964 Nunquam
498 2883 527 2945 id
562 2883 679 2946 facilius
712 2884 839 2945 docuero
873 2883 1036 2958 lectorem,
1071 2883 1218 2964 quamsi
1248 2886 1287 2946 ad
1309 2885 1526 2948 Narrationem
1549 2885 1673 2948 Rhetici

308 2973 467 3053 legendam
490 2972 534 3034 illi
559 2980 665 3034 auctor
688 2980 720 3034 et
741 2989 904 3052 persuasor
928 2970 1069 3034 existam.
1107 2972 1187 3035 Nam
1210 2973 1294 3052 ipsos
1310 2971 1470 3054 Oopemici
1493 2973 1587 3036 libros
1604 2973 1672 3036 Re-

308 3061 492 3124 volutionnm
517 3061 618 3141 legere
642 3080 700 3122 non
725 3059 862 3122 omnibns
884 3069 985 3122 vacat.

397 3151 500 3230 Atque
524 3150 579 3211 hoc
605 3152 669 3211 loco
693 3167 843 3230 nunquam
867 3147 1009 3210 assentiri
1031 3147 1115 3228 potui
1139 3147 1213 3224 illis,
1249 3149 1298 3231 qui
1327 3148 1396 3210 freti
1424 3149 1563 3228 exemplo
1588 3147 1671 3210 acci-

310 3238 465 3300 dentariae
490 3237 770 3312 demonstrationis,
804 3255 880 3318 quae
905 3255 943 3297 ex
967 3235 1052 3298 falsis
1074 3235 1250 3316 praemissis
1274 3238 1458 3300 necessitate
1482 3237 1674 3318 syllogistica

309 3345 412 3388 verum
436 3326 549 3406 aliquid
569 3326 679 3400 infert,
696 3324 724 3400 1)
757 3325 824 3407 qui,
849 3325 989 3406 inquam,
1013 3325 1069 3386 hoc
1092 3325 1229 3406 exemplo
1255 3326 1324 3388 freti
1348 3326 1584 3400 contendebant,
1607 3325 1672 3387 fieri

308 3435 409 3496 posse,
436 3424 469 3477 ut
492 3415 589 3477 salsae
613 3415 682 3490 sint,
708 3434 784 3496 quae
809 3413 977 3494 Copernico
1000 3414 1123 3494 placent
1144 3415 1343 3496 hypotheses,
1367 3423 1399 3477 et
1422 3423 1524 3478 tamen
1550 3434 1589 3476 ex
1613 3413 1673 3476 illis

310 3525 382 3566 vera
406 3496 568 3582 quietam
591 3511 735 3583 tanquam
759 3523 796 3565 ex
820 3501 956 3582 genuinis
980 3500 1133 3582 principiis
1157 3511 1330 3583 sequantur.

399 3593 578 3672 Exemplum
602 3591 681 3654 enim
705 3611 763 3654 non
789 3591 927 3672 quadrat.
974 3591 1054 3654 Nam
1082 3591 1144 3652 ista
1171 3592 1295 3675 sequela
1323 3611 1361 3653 ex
1385 3591 1471 3654 falsis
1494 3589 1674 3670 praemissis

311 3682 435 3744 fortuita
458 3690 524 3756 est,
555 3689 587 3743 et
611 3699 686 3761 quae
711 3681 780 3743 lalsi
804 3689 912 3742 natura
940 3687 1001 3754 est,
1034 3679 1162 3757 primum
1186 3689 1276 3762 atque
1301 3679 1351 3742 alii
1375 3680 1418 3742 rei
1442 3688 1594 3758 cognatae
1619 3699 1673 3741 ac-

311 3770 527 3842 commodatur,
551 3789 584 3832 se
598 3769 695 3851 ipsam
709 3768 824 3850 prodit:
850 3768 906 3831 nisi
930 3775 1037 3848 sponte
1057 3769 1206 3831 concedas
1226 3768 1465 3849 argumentatori
1489 3766 1542 3843 illi,
1568 3777 1604 3830 nt
1625 3767 1673 3829 in-

310 3858 412 3921 finitas
433 3858 509 3920 alias
525 3858 620 3920 falsas
634 3857 854 3938 propositiones
870 3865 1015 3931 assumat,
1041 3875 1096 3919 nec
1119 3875 1250 3938 unquam
1272 3858 1302 3919 iu
1326 3875 1489 3940 progressu
1512 3875 1674 3938 regressu-

311 3966 367 4027 que
392 3945 529 4026 sibiipsi
554 3955 684 4009 constet.
731 3947 832 4010 Aliter
860 3965 892 4009 se
921 3965 970 4008 res
998 3945 1090 4007 habet
1118 3965 1185 4008 cum
1219 3964 1274 4020 eo,
1308 3945 1357 4026 qni
1383 3945 1487 4009 Solem
1515 3945 1545 4006 in
1571 3955 1675 4008 centro

266 4059 270 4072 ⁵
311 4036 451 4099 collocat.
499 4036 577 4096 Nam
596 4035 670 4114 jube
693 4035 841 4115 quidlibet
864 4053 985 4111 corum,
1019 4053 1094 4114 quae
1127 4053 1234 4096 revera
1260 4035 1290 4096 in
1318 4035 1403 4098 coelo
1434 4043 1604 4116 apparent,
1639 4053 1676 4096 ex

311 4124 405 4186 semel
428 4123 530 4204 posita
553 4122 711 4205 hypothesi
736 4125 958 4194 demonstrare,
981 4121 1118 4203 regredi,
1141 4123 1301 4204 progredi,
1324 4143 1416 4187 unum
1440 4143 1478 4186 ex
1501 4124 1562 4186 alio
1588 4123 1676 4185 colli-

312 4231 392 4293 gere,
418 4222 450 4274 et
473 4211 590 4293 quidvis
615 4232 715 4291 agere,
741 4212 955 4293 quaeveritas
979 4231 1077 4274 rerum
1100 4209 1235 4290 patitur:
1260 4231 1355 4294 neque
1379 4213 1430 4276 ille
1455 4213 1625 4275 haesitabit
1646 4213 1676 4274 in

313 4304 391 4377 ullo,
417 4301 441 4362 si
465 4299 623 4381 genuinum
648 4301 701 4374 sit,
725 4309 758 4362 et
780 4301 828 4363 vel
852 4319 891 4362 ex
913 4299 1149 4362 intricatissimis
1173 4302 1463 4365 demonstrationum
1487 4301 1678 4364 anfractibus

300 4391 340 4452 in
366 4408 399 4452 se
422 4408 513 4452 onum
537 4388 781 4452 constantissime
800 4385 978 4451 revertetur.
1017 4387 1106 4459 Quod
1131 4389 1156 4450 si
1180 4389 1314 4470 objicias,
1337 4391 1418 4453 idem
1441 4391 1554 4472 partim
1579 4391 1678 4453 adhuc

311 4497 422 4560 posse,
455 4477 566 4558 partim
589 4478 659 4540 olim
681 4477 817 4559 potuisse
841 4477 899 4540 dici
924 4478 961 4539 de
984 4477 1095 4540 tabulis
1119 4485 1151 4538 et
1173 4477 1390 4560 hypothesibus
1415 4477 1568 4560 antiquis,
1599 4478 1679 4560 qnod

312 4585 419 4649 nempe
451 4587 648 4647 qmrcperorr.
670 4565 881 4642 satisfaciant,
916 4574 1006 4646 atque
1039 4565 1108 4626 illas
1141 4573 1244 4629 tamen
1273 4566 1482 4650 acepernico
1516 4576 1550 4630 ot
1580 4569 1679 4630 salsas

313 4656 417 4736 rejici3
440 4673 530 4736 posse
553 4655 646 4736 igitur
669 4655 776 4718 eadem
800 4655 916 4719 ratione
940 4665 973 4716 et
997 4652 1163 4735 Copemico
1188 4657 1380 4737 responderi,
1406 4677 1512 4738 nempe
1538 4657 1680 4738 quamuis

314 4744 434 4829 egregie
458 4763 574 4819 eornm,
599 4761 674 4826 quae
699 4752 847 4826 apparent
869 4743 1016 4806 rationem
1040 4743 1163 4822 reddat,
1187 4751 1289 4808 tamen
1314 4746 1342 4808 in
1366 4745 1528 4830 hypothesi
1552 4765 1678 4809 errare:
