3586 5518
331 290 393 360 lid
846 295 958 361 blystsril
977 295 1176 364 Gomograplriel

329 453 443 518 numeri
466 453 618 528 indicant,
642 463 784 537 quantum
808 454 922 518 dierum
945 475 1033 540 qnam
1056 457 1190 538 proxime
1214 454 1362 520 debeatur
1384 457 1514 522 interiori
1534 461 1680 539 planetae,

330 543 438 606 eadem
460 542 652 622 proportione
677 543 714 604 ad
738 544 852 620 orbem,
877 563 936 625 qna
958 545 1053 608 utitur
1075 545 1135 620 ille,
1161 545 1211 626 qni
1225 555 1274 608 est
1287 546 1317 608 in
1332 547 1432 628 capite
1447 547 1630 610 columellae.
1641 543 1682 624 “)

328 631 425 694 Vides
448 632 549 712 igitur,
573 649 676 694 reram
699 631 854 710 periodum
877 651 997 713 semper
1020 635 1164 698 minorem
1188 653 1268 708 esee,
1293 653 1382 717 quarn
1397 643 1446 698 εει
1468 635 1529 712 illa
1555 653 1629 718 qnae
1643 637 1682 700 illi

329 721 504 783 attribuitur
527 720 566 781 ad
591 720 817 783 similitudinem
842 723 1014 802 superioris.

407 808 532 870 Interim
555 817 656 871 tamen
681 819 813 872 motuum
837 810 973 873 binorum
997 811 1036 872 ad
1059 811 1201 888 invicem,
1231 830 1291 873 non
1315 812 1433 893 quidem
1457 813 1578 889 eadem,
1603 814 1682 875 simi-

330 897 368 959 lis
392 905 494 959 tamen
518 916 637 980 semper
660 907 710 960 est
732 900 894 980 proportio,
919 919 995 980 qnae
1019 900 1098 962 inter
1121 901 1294 964 distantias.

489 1039 565 1102 dies.
615 1058 659 1100 sc.
1192 1085 1195 1090 -

483 1123 704 1204 10759125
760 1126 925 1208 accipiatur
949 1128 1033 1191 sinus
1077 1127 1194 1206 0403
1225 1129 1295 1194 'At
1313 1129 1338 1192 si
1356 1129 1520 1208 superioris
1571 1128 1680 1206 utut

502 1213 710 1290 ‹1³3237u
759 1223 842 1278 ιοιεε
860 1215 954 1291 1000,
975 1219 1033 1280 erit
1077 1215 1193 1289 6159
1249 1219 1349 1281 media
1372 1217 1521 1281 distantia
1572 1216 1682 1289 6290

524 1301 589 1371 686
613 1300 709 1376 596
758 1305 840 1368 ἰεεε
862 1305 1031 1386 quantitate
1078 1304 1520 1384 5532·sit1000‚sstin-
1573 1301 1680 1384 <5658

524 1389 707 1468 365155
765 1403 864 1456 motus
886 1395 1021 1474 periodi·
1078 1391 1209 1474 9615,
1250 1395 1367 1458 ferioris
1395 1395 1425 1456 in
1455 1394 1520 1460 Co·
1573 1393 1680 1470 97¹9

524 1477 589 1548 uel
613 1479 707 1555 429
868 1502 921 1546 ons
1084 1481 1193 1564 §³92
1320 1484 1442 1564 peruico
1580 1482 1682 1562 6500

415 1609 474 1672 Ηίε
496 1608 564 1670 vide
588 1605 660 1668 milri
684 1607 713 1667 in
737 1606 867 1669 motibus
890 1607 1007 1680 mediis,
1030 1616 1081 1671 sat
1104 1617 1187 1670 certo
1211 1609 1349 1688 cognitis,
1380 1608 1469 1688 idque
1493 1607 1582 1690 longe
1604 1609 1680 1688 prius

327 1706 416 1779 atque
441 1700 478 1761 de
501 1705 584 1760 certa
605 1695 814 1757 distantiarum
836 1696 952 1757 ratione
969 1694 1153 1776 Oopernicns
1168 1697 1325 1776 cogitaret,
1351 1696 1428 1770 vide,
1455 1698 1587 1778 inquam,
1610 1717 1678 1759 eau-

326 1788 395 1850 dem
419 1786 644 1859 diversitatem,
670 1801 745 1864 quae
778 1783 858 1846 inter
880 1783 963 1864 ipsas
988 1795 1037 1847 est
1059 1785 1237 1860 distantias,
1267 1804 1304 1846 ex
1327 1790 1615 1868 πρεσθαφαιρεσεσι
1633 1805 1682 1866 per

327 1874 535 1956 Oopemieum,
560 1881 592 1936 et
615 1891 652 1934 ex
676 1872 803 1954 quinque
827 1873 1001 1953 corporibus
1024 1893 1078 1955 per
1101 1894 1148 1937 me
1173 1881 1361 1936 exstructas:
1389 1874 1529 1955 utrinque
1553 1881 1682 1944 secuso·

327 1964 458 2039 minima,
483 1965 551 2028 inde
574 1981 660 2024 secus
685 1963 719 2040 6,
748 1961 792 2036 il,
822 1961 960 2038 Terram,
990 1973 1022 2024 et
1044 1964 1176 2026 maxima
1199 1983 1286 2026 secus
1312 1963 1353 2037 Ως
1383 1964 1524 2046 utrinque
1549 1963 1681 2036 secusll

328 2055 402 2132 etp
430 2053 565 2134 aequalis
588 2068 681 2133 pene;
715 2050 787 2112 item
820 2059 851 2112 et
885 2071 973 2113 secus
996 2052 1120 2115 Terram
1151 2060 1184 2115 et
1203 2051 1239 2126 9.
1287 2052 1381 2130 igitur
1409 2052 1457 2113 vel
1489 2053 1554 2134 jam
1585 2053 1681 2114 statim

329 2143 405 2204 satis
430 2143 590 2222 explorata
615 2147 663 2201 εει
686 2137 852 2220 Oopernico
877 2141 914 2202 de
937 2141 1047 2204 mundo
1071 2143 1167 2204 veteri
1191 2141 1328 2203 victoria.

340 1216 421 1318 liam

331 1325 357 1368 ει
380 1323 434 1385 pro

329 1393 434 1456 dicbus

418 2229 506 2304 Quod
531 2230 557 2293 si
582 2238 681 2291 tamen
704 2229 872 2308 praecisius
895 2229 987 2291 etiam
1011 2229 1050 2292 ad
1073 2231 1234 2294 veritatem
1248 2230 1394 2293 accedere
1418 2237 1450 2292 et
1463 2231 1680 2311 proportionum

328 2320 544 2400 aequalitatem
573 2319 667 2381 ullam
695 2335 818 2398 sperare
841 2318 985 2394 velimus,
1019 2320 1142 2383 duorum
1171 2321 1299 2383 alterum
1327 2320 1521 2382 statuendum
1544 2327 1607 2382 eet:
1634 2328 1682 2380 aut

329 2409 472 2470 metricas
496 2404 664 2481 animast),
691 2425 748 2486 quo
772 2415 843 2469 sunt
865 2406 974 2470 aSole
998 2409 1183 2486 remotiores,
1208 2409 1264 2471 hoe
1288 2427 1355 2470 esse
1379 2407 1607 2471 imbecilliores:
1635 2415 1681 2468 εει

329 2515 418 2559 unam
442 2517 510 2559 esee
539 2496 693 2559 matricem
718 2495 881 2571 suimam⁰)
912 2497 941 2559 in
966 2497 1080 2560 orbium
1109 2500 1240 2561 omnium
1263 2506 1383 2571 centro,
1413 2497 1533 2560 scilicet
1555 2498 1583 2559 in
1607 2494 1680 2570 Sole,

328 2603 413 2666 quae,
437 2595 472 2649 ut
494 2586 648 2666 quodlibet
670 2602 778 2664 corpus
802 2594 850 2647 eet
873 2586 1013 2659 vicinius,
1036 2589 1081 2650 ita
1102 2588 1308 2649 vehementius
1332 2585 1454 2649 incitet:
1489 2587 1520 2648 in
1544 2585 1677 2650 remotio·

327 2675 409 2737 ribus
434 2686 559 2756 propter
583 2675 805 2752 elongationem
826 2682 857 2736 et
872 2677 1110 2738 attenuationem
1124 2676 1246 2738 virtutis
1262 2675 1479 2756 quodammodo
1500 2675 1678 2753 languescat.

329 2763 416 2826 Siout
437 2765 530 2844 igitur
554 2765 621 2826 lons
647 2763 721 2825 lucis
744 2761 774 2824 in
799 2763 871 2825 Sole
895 2773 952 2840 εει,
978 2775 1009 2826 ει
1030 2765 1208 2846 principium
1232 2763 1335 2827 circuli
1358 2766 1387 2826 in
1412 2765 1478 2825 loco
1503 2763 1600 2838 Solis,
1624 2762 1678 2824 sci-

330 2854 401 2916 licet
423 2853 453 2915 in
477 2862 601 2917 centro:
635 2853 679 2914 ita
706 2871 782 2914 nunc
812 2853 893 2928 rita,
928 2861 1027 2916 motus
1056 2863 1087 2915 et
1117 2855 1217 2916 anima
1243 2852 1345 2928 mundi
1373 2853 1403 2913 in
1434 2853 1563 2915 eundem
1586 2853 1679 2913 Solem

329 2941 455 3005 recidit:
485 2950 519 3004 ut
541 2943 585 3004 ita
607 2943 733 3004 lixarum
756 2941 797 3002 sit
820 2941 917 3022 quies,
946 2944 1139 3024 planetarum
1165 2953 1253 3006 actus
1280 2941 1404 3005 secundi
1427 2950 1576 3017 motuum,
1605 2939 1678 3003 Solis

328 3039 415 3093 aetus
448 3031 514 3112 ipse
547 3031 678 3112 primns,
714 3030 762 3111 qui
795 3029 1071 3111 incomparabiliter
1100 3033 1227 3096 nobilior
1257 3040 1305 3094 εει
1333 3031 1452 3094 actibus
1485 3030 1624 3093 secundis
1652 3029 1678 3088 in

327 3120 417 3182 rebus
442 3121 599 3182 omnibus:
631 3138 688 3182 non
718 3137 805 3182 secus
829 3127 920 3200 atque
944 3119 997 3182 Sol
1021 3120 1085 3199 ipse
1109 3130 1141 3183 et
1164 3121 1275 3204 speciei
1298 3119 1536 3202 pulchritudine,
1568 3127 1600 3180 et
1624 3117 1678 3180 sir-

328 3209 402 3270 tutis
427 3208 573 3282 efficacia,
603 3216 636 3270 et
664 3208 738 3270 lucis
763 3208 921 3289 splendore
946 3210 1055 3272 ceteris
1079 3211 1216 3272 omnibus
1240 3212 1328 3290 longe
1351 3216 1500 3289 praestat.
1549 3207 1604 3270 llic
1622 3208 1678 3286 jam

328 3298 417 3376 longe
440 3297 551 3360 rectius
575 3297 605 3358 in
630 3296 732 3359 Solem
756 3307 930 3376 competunt
952 3298 1006 3360 illa
1033 3299 1147 3361 nobilia
1174 3299 1328 3378 epitheta,
1364 3299 1426 3361 Gor
1454 3299 1576 3368 mundi,
1607 3295 1675 3368 Rex,

328 3387 496 3465 Imperator
515 3385 679 3460 stellarum,
706 3387 787 3447 llens
806 3387 942 3460 visibilis,
968 3387 1141 3468 etreliqua.
1176 3387 1237 3450 Sed
1263 3389 1349 3468 hujus
1374 3387 1520 3450 materiae
1544 3385 1676 3448 nobilitas

328 3475 416 3554 longe
432 3474 512 3536 aliud
535 3482 654 3556 tempus
678 3476 833 3556 locumque
856 3475 998 3556 requirit,
1014 3475 1042 3550 d)
1066 3479 1182 3558 etjam
1205 3485 1297 3540 antea
1321 3487 1370 3538 εει
1394 3476 1474 3538 clare
1498 3482 1678 3556 apparetur

328 3562 509 3626 Narratione
533 3563 663 3626 Rhetici.

378 3692 385 3712 =.
414 3652 485 3714 Jam
509 3661 608 3715 autem
637 3655 674 3714 de
701 3653 788 3715 modo
817 3652 1046 3715 constituendae
1072 3653 1158 3734 hujus
1191 3655 1347 3736 quaesitae
1371 3653 1573 3734 proportionis
1600 3650 1677 3714 nobis

329 3740 521 3820 cogitandum
546 3750 602 3806 est.
651 3741 750 3823 Supra
773 3741 868 3804 visum
897 3751 957 3818 est,
988 3742 1013 3804 si
1041 3744 1107 3804 sols
1131 3744 1212 3806 orbis
1237 3745 1402 3824 amplitudo
1427 3745 1543 3806 iaceret
1566 3743 1604 3806 ed
1626 3759 1675 3800 au·

330 3828 460 3908 gendum
483 3838 601 3910 tempus
625 3837 806 3910 rapsodiam:
836 3830 915 3910 quod
942 3839 1075 3894 motuum
1104 3841 1136 3894 ει
1159 3833 1370 3895 distantiarum
1393 3832 1559 3895 mediarum
1582 3831 1676 3892 eadem

330 3917 499 3979 differentia
532 3919 632 3981 futura
665 3921 782 3982 fuisset.
830 3917 916 3989 Quas
945 3939 1050 4001 nempe
1078 3921 1231 4002 proportio
1255 3919 1298 3986 88
1327 3922 1441 3984 dierum
1468 3921 1674 4002 periodicorum

329 4005 471 4068 Mercurii
502 4007 540 4068 ad
570 4005 634 4072 225
658 4009 723 4070 dies
746 4008 896 4070 Veneris:
924 4010 1030 4072 eadem
1054 4010 1132 4072 foret
1155 4010 1370 4074 semidiametri
1395 4011 1476 4073 orbis
1499 4003 1676 4072 Mercurialis

330 4095 369 4156 ad
393 4095 565 4158 Veneriam.
613 4097 683 4160 Jain
706 4115 777 4159 vero
806 4098 981 4160 commiscet
1013 4119 1045 4162 se
1078 4099 1145 4161 huic
1173 4110 1305 4163 motuum
1332 4098 1518 4181 proportioni
1547 4095 1675 4162 debilitas

330 4183 465 4246 motricis
489 4184 606 4249 animae
630 4189 658 4250 in
684 4187 846 4249 remotiori.
893 4188 1121 4267 Dispiciendum
1145 4189 1250 4270 igitur,
1285 4209 1352 4251 cum
1376 4191 1433 4251 hac
1464 4187 1617 4251 debilitate
1648 4191 1676 4242 ut

331 4281 537 4354 comparatum
560 4275 609 4337 sit
655 4276 807 4338 Ponamus
830 4275 936 4355 igitur,
962 4275 991 4340 id
1016 4279 1093 4359 quod
1117 4278 1206 4341 valde
1230 4277 1392 4340 verisimile
1416 4287 1480 4353 est,
1506 4278 1607 4340 eadem
1628 4291 1674 4334 ra-

328 4361 411 4424 tione
435 4371 549 4426 motum
574 4384 593 4425 ε
616 4363 687 4428 Sole
712 4365 889 4446 dispensari,
916 4385 975 4446 qua
998 4367 1103 4428 lucem.
1120 4371 1147 4442 ·)
1185 4369 1276 4431 Lucis
1301 4377 1403 4430 antem
1426 4387 1463 4431 ex
1487 4376 1587 4428 centro
1609 4380 1674 4443 pro·

329 4459 457 4531 rogatae
482 4451 651 4516 debilitatio
675 4474 735 4536 qua
756 4455 951 4536 proportione
974 4455 1036 4531 liat,
1063 4455 1172 4520 docent
1195 4455 1297 4537 optici.
1340 4457 1420 4519 Nam
1443 4465 1585 4539 quantum
1608 4449 1673 4516 lnois

330 4541 432 4604 estin
455 4560 550 4621 parvo
575 4542 700 4618 circulo,
732 4544 908 4606 tantundem
932 4545 1025 4608 etiam
1048 4546 1123 4608 lueis
1152 4547 1215 4609 sive
1238 4544 1391 4609 radiorum
1413 4545 1562 4614 Solarium
1583 4536 1673 4604 estin
1757 4545 1762 4552 '

330 4649 451 4710 magno.
498 4631 576 4693 Hine
600 4653 666 4696 cum
690 4631 783 4694 sitin
807 4651 901 4713 parvo
925 4635 1076 4714 stipatior,
1099 4635 1129 4697 in
1153 4654 1262 4716 magno
1285 4636 1413 4711 tenuior,
1437 4654 1576 4698 mensura
1596 4629 1672 4708 hujus

331 4719 550 4782 attenuationis
574 4741 612 4784 ex
634 4721 703 4802 ipsa
722 4721 897 4783 circulorum
911 4723 1104 4804 proportione
1118 4726 1250 4805 petenda
1269 4724 1335 4802 erit,
1359 4725 1448 4806 idque
1471 4731 1534 4786 tam
1555 4721 1585 4784 in
1605 4721 1671 4787 luce,
1739 4727 1746 4744 '

331 4807 477 4889 quanin
506 4811 630 4874 motriee
658 4811 780 4873 virtute.
831 4807 934 4882 Quare
967 4821 1079 4896 quanto
1113 4815 1240 4898 amplior
1267 4814 1372 4878 Venus
1399 4813 1566 4888 Mercurio,
1595 4811 1672 4872 rento
