3674 5528
762 307 923 384 samm
1337 375 1339 380 ,
1424 333 1519 400 oss

151 506 186 550 so
209 488 370 566 samech,
396 489 471 554 dass
494 490 669 554 deroselben
692 509 728 553 zu
750 492 831 555 ihrer
844 492 942 554 selbot
956 493 1116 554 Frommen
1140 491 1223 570 dieue
1240 492 1302 556 alte
1320 494 1518 574 verstdndige

152 577 286 653 Mutter,
324 580 377 641 die
402 578 600 642 Astronomia
628 580 721 642 durch
745 581 798 644 der
821 581 953 642 Toohter
974 581 1221 662 Narreuteyung,
1254 581 1321 642 weil
1351 582 1394 643 sie
1418 585 1518 646 zumai

155 665 231 728 auch
264 666 357 729 einen
382 668 504 752 Spiegel
532 669 598 743 hat,
632 688 687 730 nur
714 669 950 748 eingeschvatnt
975 670 1036 730 vnd
1064 669 1240 749 eingelogen
1269 670 1389 732 werden
1421 690 1514 736 muse.

158 754 227 817 Vnd
251 757 352 838 seynd
376 764 501 820 sonaten
524 758 576 818 der
600 757 885 820 Mathematicorum
913 757 1027 842 salaria
1050 777 1083 820 so
1107 757 1235 820 seltzam
1258 759 1318 819 vnd
1342 777 1375 820 so
1399 759 1515 840 garing,

159 843 230 905 dass
253 843 304 906 die
329 845 447 908 Mutter
469 845 638 925 gevisslich
663 847 785 926 Hunger
809 847 914 926 leyden
940 853 1067 921 miisste,
1096 865 1161 908 van
1187 846 1235 908 die
1260 847 1391 909 Tochter
1415 848 1515 910 nichts

161 934 294 996 ervirrbe
319 934 375 996 dcc.
401 932 522 1013 (Comp.
548 934 654 996 librum
677 933 714 996 de
738 933 838 998 Stella
860 953 940 996 nova
963 933 1040 1014 (lap.
1064 934 1135 996 ΧΠ.
1161 935 1216 996 sub
1239 935 1327 996 linem
1355 943 1387 996 et
1411 944 1514 1000 annot.

162 1029 297 1084 nostram
319 1023 400 1085 infra
424 1029 598 1103 sequentem
620 1023 693 1084 Nro.
721 1021 787 1096 10.)
833 1023 902 1085 Etsi
912 1067 926 1096 „
949 1031 984 1085 ut
1005 1025 1081 1086 haee
1105 1029 1259 1085 testantur
1277 1024 1387 1098 verba,
1411 1025 1517 1104 priva·
1581 1045 1586 1051 ·

163 1111 218 1172 tim
242 1119 275 1172 et
288 1110 417 1190 publice
441 1129 499 1172 non
518 1111 643 1172 multum
660 1111 813 1173 tribuebat
827 1111 976 1190 Keplerus
996 1111 1192 1192 astrologiae,
1218 1111 1256 1173 ob
1275 1131 1329 1188 eus
1344 1131 1419 1194 quas
1434 1113 1516 1175 dixi-

162 1218 227 1260 mus
255 1219 382 1266 ceusas,
400 1219 477 1280 quae
500 1200 609 1262 rationi
641 1200 738 1262 minus
761 1201 913 1262 contraria
945 1200 1117 1262 viderentur
1145 1219 1181 1261 ex
1214 1200 1267 1262 illa
1290 1199 1450 1276 desumsit,
1485 1209 1517 1264 et

163 1286 304 1368 sibiipsi
331 1288 457 1368 aliisque
487 1288 657 1367 acceptiora
685 1289 810 1351 reddere
837 1289 951 1367 passim
974 1297 1101 1350 conatus
1125 1299 1173 1350 est
1200 1307 1266 1351 cum
1290 1288 1386 1351 literis
1409 1290 1514 1370 priva-

162 1375 212 1450 tis,
237 1384 303 1438 tum
325 1377 410 1439 libris
434 1377 463 1438 in
486 1377 593 1454 vulgus
616 1376 715 1448 editis,
740 1377 899 1456 praecipue
922 1377 996 1451 illis,
1027 1395 1101 1456 quos
1125 1396 1216 1457 supra
1239 1377 1378 1449 diximus,
1400 1379 1515 1440 Astro-

163 1464 263 1546 logiae
287 1465 503 1539 fundamentis,
533 1465 608 1526 libro
632 1466 669 1528 de
694 1466 785 1528 stella
808 1465 878 1527 anni
903 1460 987 1544 1604
1011 1474 1042 1527 et
1064 1466 1166 1527 Tertio
1199 1465 1434 1529 Interveniente.
1480 1468 1516 1529 Iu

163 1553 260 1615 literis
283 1553 425 1634 privatis,
449 1553 609 1634 praecipue
632 1553 684 1629 iis,
700 1573 776 1634 quas
800 1555 837 1615 ad
861 1554 1043 1616 Davidem
1066 1553 1272 1616 Fabricium
1296 1554 1389 1629 dedit,
1420 1556 1516 1617 multa

162 1643 424 1722 deprehendimus,
447 1661 522 1722 quae
545 1641 602 1703 huc
623 1642 788 1722 pertinent,
815 1661 903 1723 quam
927 1644 965 1704 ob
988 1661 1052 1706 rem
1076 1643 1131 1704 has
1151 1640 1343 1705 calendariis
1366 1644 1514 1722 praemit-

161 1731 254 1792 tenda
274 1749 443 1793 censemus.
491 1729 567 1794 (lum
590 1727 696 1793 auteni
714 1730 743 1792 in
767 1731 828 1793 illis
852 1731 931 1794 sicut
953 1731 1046 1792 etiam
1069 1731 1100 1793 iu
1125 1729 1314 1794 Calendariis
1342 1732 1438 1794 multa
1465 1733 1513 1794 in-

161 1819 232 1893 sint,
257 1837 334 1899 qnae
358 1839 435 1882 nunc
458 1821 522 1882 sine
538 1819 737 1898 explicatione
754 1837 843 1898 aegre
857 1820 1079 1900 intelligantur,
1103 1819 1150 1882 his
1164 1820 1218 1881 illa
1236 1820 1416 1883 illustranda
1434 1829 1513 1883 sunt.

249 1907 407 1987 Astrologi
432 1908 553 1990 quidam
576 1907 740 1969 horizontis
764 1909 906 1970 circulum
929 1908 959 1970 in
987 1907 1185 1990 inaequales
1209 1916 1313 1987 partes
1337 1908 1513 1982 diviserunt,
1535 1909 1540 1924 '

162 1995 246 2058 initio
270 1997 354 2058 iacto
377 2017 395 2056 a
418 2005 529 2077 puncto
552 1997 677 2058 orientis
700 1995 782 2059 Solis
807 1996 987 2078 aequinoctii
1015 2005 1162 2076 tempore.
1210 1994 1322 2059 Circuli
1352 1997 1515 2060 verticales

160 2103 214 2166 per
236 2084 415 2148 divisionum
443 2092 554 2165 puncta
581 2085 712 2166 traducti
743 2092 839 2147 totum
863 2085 938 2147 coeli
967 2085 1219 2166 hemisphaerium
1247 2085 1276 2146 iu
1309 2083 1349 2147 12
1378 2093 1514 2148 sectores

162 2171 309 2249 dividunt,
335 2175 559 2254 quas'domos
583 2173 733 2323 coqestes
756 2182 875 2236 vocant.
924 2173 985 2236 Alii
1009 2175 1196 2240 constituunt
1223 2173 1279 2236 has
1303 2174 1408 2236 domus
1432 2173 1513 2237 divi-

162 2262 257 2325 dendo
281 2263 438 2324 zodiacum
468 2281 523 2344 per
549 2261 628 2323 circu
642 2280 676 2323 os
705 2262 911 2330 latitudinum,
946 2261 997 2324 alii
1027 2260 1187 2325 dividendo
1219 2271 1428 2342 aequatorem;
1462 2261 1514 2324 alii

162 2349 289 2431 denique
318 2350 461 2412 circulum
483 2350 659 2412 verticalem
688 2369 742 2430 per
766 2359 863 2412 ortum
886 2359 918 2412 et
941 2361 1082 2414 occasum
1106 2351 1356 2431 aequinoctialem
1382 2351 1513 2414 ductum.

162 2439 432 2501 Denominationes
456 2447 488 2501 et
510 2439 745 2517 significationes
769 2439 873 2501 harum
889 2439 1072 2514 „domuum“
1096 2439 1152 2500 hae
1167 2446 1237 2500 sunt
1252 2440 1415 2502 secundum
1431 2437 1515 2502 Ori·

161 2547 321 2606 ganum:
351 2529 375 2590 1.
400 2526 577 2589 Ascendens
608 2545 661 2588 seu
684 2527 893 2608 Horoscopus3
923 2529 1027 2590 domus
1051 2527 1143 2589 vitae.
1191 2529 1230 2590 ΙΙ.
1256 2528 1436 2590 Divitiarum
1461 2545 1514 2588 seu

160 2625 262 2695 portae
286 2617 433 2678 infernae.
481 2617 533 2678 111.
558 2617 698 2677 Fratrum
721 2635 774 2678 seu
797 2633 941 2690 sororum,
959 2635 1011 2679 sen
1032 2615 1142 2690 divina.
1189 2617 1246 2678 IV.
1270 2617 1443 2690 Parentum,
1461 2634 1515 2678 seu
1565 2653 1567 2658 ·

160 2705 250 2766 imum
265 2704 354 2766 coeli.
403 2705 442 2765 V.
467 2704 652 2778 Liberorum,
670 2722 723 2766 seu
737 2705 817 2766 bona
831 2705 962 2768 fortuna.
1002 2705 1057 2767 Vl.
1082 2705 1285 2778 Valetudiuis,
1301 2703 1514 2779 ministrorum,

160 2793 332 2856 animalium
358 2793 597 2866 domesticorum,
623 2811 676 2854 seu
699 2793 781 2854 mala
795 2794 923 2854 somnus.
972 2794 1044 2855 VII.
1070 2790 1218 2872 conjugii,
1244 2811 1297 2854 seu
1315 2793 1406 2854 cardo
1431 2791 1513 2853 occi-

161 2881 303 2944 dentalis.
352 2881 435 2942 VllI.
459 2881 577 2957 Mortis,
602 2899 656 2942 eeu
675 2898 805 2961 superna
819 2889 917 2962 porta.
964 2881 1019 2944 IX.
1040 2880 1219 2966 Religionis,
1245 2881 1434 2955 somniorum,
1459 2879 1512 2942 iti-

159 2987 270 3046 nemm,
297 2989 351 3032 seu
366 2969 459 3032 Deus.
497 2969 538 3032 X.
562 2970 656 3032 Vitae
675 2987 769 3048 genus
784 2977 934 3045 natorum,
959 2989 1013 3032 seu
1027 2967 1156 3032 medium
1171 2970 1258 3032 coeli.
1305 2969 1360 3031 Xi.
1384 2966 1512 3030 Amico-

159 3077 231 3128 rum,
256 3078 312 3120 seu
326 3059 423 3121 bonus
437 3058 554 3138 genius.¹
594 3057 663 3120 XII.
687 3057 886 3132 inimicorum,
910 3077 964 3120 seu
977 3059 1075 3120 malus
1090 3058 1206 3138 genius.
1254 3057 1375 3120 Gradus
1390 3055 1512 3136 eclipti-

158 3165 210 3208 cae
246 3147 447 3210 meridianum
488 3164 638 3226 occupans
1035 3164 1082 3214 ng.
1098 3162 1118 3204 r.

159 3232 237 3298 Gor
275 3233 404 3298 Coeli
439 3243 637 3318 nuncupatur.

158 3321 282 3388 Gradus
335 3323 493 3404 eclipticas
539 3325 639 3386 oriens

157 3411 384 3492 OEoroscopus)
415 3420 549 3492 tempore
582 3412 638 3474 ob-

157 3501 351 3573 servationis,
376 3501 406 3560 in
420 3501 446 3562 I.
462 3502 548 3563 domo
572 3500 638 3562 ool-

156 3588 274 3652 locatur
288 3587 478 3663 „thematis“
497 3607 550 3650 seu
563 3607 637 3664 „ra-

155 3677 270 3752 dicis“;
296 3696 371 3753 „cor
386 3677 484 3738 coeli“
506 3678 536 3739 in
550 3678 591 3750 X,
607 3685 639 3739 et
658 3677 703 3732 Π
747 3673 806 3770 ⁸⁰}

153 3765 241 3828 initia
264 3766 448 3846 reliquarum
472 3767 636 3840 domorum,

152 3855 183 3917 h.
217 3873 245 3918 e.
286 3854 557 3934 correspondentes
590 3855 637 3916 his

150 3943 266 4019 gradus
305 3943 480 4022 eclipticas,
526 3942 637 4006 inscri-

150 4030 263 4094 buntur
302 4031 429 4111 singulis
466 4031 634 4112 triangulis,
684 4044 702 4102 Ι

151 4137 230 4199 quae
248 4121 389 4200 singulas
404 4127 637 4199 repraesentant

149 4208 269 4272 domus.
678 4206 683 4215 ’

241 4295 405 4372 „Thema“
429 4303 529 4356 autem
557 4297 635 4358 hano

148 4385 244 4448 babet
267 4387 410 4465 liguram,
445 4402 548 4465 quam,
582 4404 634 4446 se·
670 4429 700 4488 Π

150 4483 278 4552 quentes
294 4473 463 4552 Keplerum
486 4473 633 4534 nativita-

149 4567 211 4624 tem
224 4560 500 4626 Wallenstenii
522 4569 633 4624 notan-

150 4656 221 4726 tem,
246 4649 468 4714 delineavimns
484 4649 567 4724 (vide
583 4651 633 4712 in-

150 4737 219 4816 ira).
260 4738 480 4819 inscripsimus
494 4757 633 4803 numeros

149 4827 302 4896 domorum
326 4827 633 4910 singulistriangulis
