3674 5528
327 249 392 318 302
751 251 852 304 urere
869 252 972 320 ner-r
989 193 1141 318 messes·
1157 258 1260 304 mess

327 409 488 470 commodam,
507 415 536 460 ut
551 410 621 464 iaitio
640 410 727 462 harum
744 409 870 462 literarum
888 411 997 466 memini.
1017 409 1143 476 obtigisse.
1180 409 1273 474 Scripsi
1292 410 1326 462 ad
1342 410 1482 476 Principem
1500 425 1567 476 quas
1584 417 1614 462 tu
1631 425 1684 462 uro·

326 484 401 531 unisti
419 486 444 530 ot
462 494 525 546 quas
544 495 591 546 epo
609 483 706 532 omnino
725 481 855 532 scribenda
872 481 938 532 duxi.
976 481 1079 533 Summa
1104 487 1171 532 erat:
1202 481 1303 547 globum
1327 483 1408 532 minua
1429 485 1525 546 lustum
1548 497 1597 534 nec
1623 483 1685 533 aau's

328 552 467 608 artificiose,
486 552 526 615 qui
545 552 625 601 futuro
644 553 711 616 operi
729 553 877 615 respondere
890 552 975 616 possit,
996 553 1134 601 coniectum
1149 565 1211 601 esse.
1249 551 1382 602 Stellarum
1400 559 1427 603 st
1438 555 1576 619 imaginum
1589 551 1683 618 hpuras

326 637 375 672 nou
393 622 456 670 beno
474 637 502 672 ss
520 621 625 679 habors;
644 624 709 672 unde
728 624 865 688 quicunque
882 624 987 688 primum
1007 623 1161 686 adspexerit,
1180 623 1271 672 nullius
1289 625 1408 674 momenti
1425 631 1506 673 totum
1524 639 1586 689 opus
1606 625 1684 674 assd-

326 692 412 748 mabit.
433 691 540 742 offensus
559 708 592 744 sc.
605 693 683 756 primo
701 695 801 750 intuitu,
820 707 851 742 ex
870 697 941 756 cujus
954 693 1108 757 apparitione
1127 692 1158 742 de
1171 695 1259 744 ceteris
1278 695 1325 757 ipsi
1342 695 1386 744 liet
1402 694 1530 757 judicium.
1568 691 1597 744 Si
1615 709 1641 742 n.
1661 695 1687 744 iu

326 763 437 828 parergis
455 778 504 812 non
523 763 595 813 modo
614 763 683 815 nulla
700 765 839 829 elegantia,
859 764 903 814 sed
921 766 1035 828 ingentes
1053 765 1125 814 naevi
1144 765 1208 822 siut,
1234 764 1292 830 quid
1311 764 1342 814 ds
1360 767 1412 829 ipso
1431 758 1506 832 ἔργῳ
1524 765 1685 816 sentiendum

326 832 441 900 putabit?
460 831 506 883 dtu.
542 833 633 883 Addidi
652 841 744 892 summ,
762 841 796 896 te,
816 837 836 884 si
854 836 899 884 tibi
912 837 984 897 copia
1001 834 1080 892 lieret,
1099 849 1149 883 non
1167 835 1239 885 modo
1256 837 1384 900 promissa,
1403 837 1448 886 ssd
1466 837 1593 900 promissis
1612 835 1684 898 plura

327 911 454 968 praestare
472 904 535 954 reiis
553 906 708 970 promisisse,
728 919 792 970 quas
811 912 896 955 tamen
921 907 1009 954 absens
1028 920 1078 955 non
1095 906 1174 969 possis
1193 904 1238 955 so.
1274 903 1318 956 hie
1337 921 1394 972 ergo
1415 905 1479 956 Cels.
1499 907 1575 970 ipsius
1594 903 1685 955 humil-

325 975 381 1024 lime
401 977 568 1032 committere,
597 983 678 1026 utrum
704 977 737 1026 ad
753 977 931 1040 perficiendum
957 975 982 1025 id
1001 990 1060 1038 opus
1079 991 1129 1025 non
1148 971 1282 1026 consultius
1298 978 1406 1040 judicet,
1433 984 1463 1027 ut
1481 991 1554 1028 omne
1578 977 1606 1026 ld
1625 985 1687 1026 tuas

326 1047 446 1108 potestati
465 1046 629 1096 uoucrsdutur
646 1044 691 1096 dc.
712 1073 746 1085 -
765 1047 863 1097 Literas
882 1053 939 1096 tuas
956 1046 1124 1096 lubentissime
1147 1048 1282 1107 misissem,
1310 1048 1356 1098 sed
1378 1056 1407 1098 ut
1429 1049 1545 1111 superiori
1573 1053 1686 1112 tempore

326 1118 425 1180 scripsi.
448 1117 588 1182 personalia
605 1118 649 1169 illa
668 1133 707 1168 sue
725 1117 901 1182 impedierunt,
930 1132 978 1168 neo
996 1117 1094 1181 quidem
1112 1117 1155 1167 illa
1173 1124 1226 1168 tam
1243 1117 1332 1176 facile,
1355 1125 1384 1168 ut
1400 1134 1467 1170 nunu
1486 1120 1537 1176 ais,
1557 1117 1701 1168 obliterari

326 1187 480 1250 potuissem
509 1188 580 1251 plura
597 1204 623 1238 n.
643 1195 701 1238 sunt
724 1195 749 1238 et
767 1188 825 1238 hinc
843 1188 899 1239 inde
918 1188 1036 1252 dispersa.
1074 1187 1124 1238 Sed
1147 1195 1188 1238 r'es
1211 1187 1274 1238 beno
1298 1188 1384 1240 habet.
1420 1189 1475 1240 Hoc
1494 1201 1518 1238 n.
1539 1201 1687 1254 responsum

325 1263 381 1322 post
398 1259 480 1322 plures
498 1258 666 1309 hebdomadas
684 1259 778 1323 accepi,
797 1259 862 1326 quod
880 1259 913 1308 sd
931 1260 1031 1310 verbum
1050 1259 1188 1309 describere
1206 1259 1280 1309 solui.
1725 1276 1727 1284 ·

421 1380 495 1431 Vcn
525 1383 651 1432 Gottes
681 1351 827 1432 Θιιᾱίι
857 1381 1061 1432 Friederich
1090 1381 1228 1447 Herzog
1258 1396 1298 1431 su
1325 1381 1582 1447 Wdrtsmberg.

556 1453 683 1502 Vnssrn
706 1453 784 1502 Grus
804 1466 899 1502 suvor
916 1453 1065 1504 Erasmer
1083 1452 1142 1502 rud
1160 1453 1269 1502 lisber
1287 1452 1458 1502 Getrssrsr.

393 1539 446 1590 wir
470 1540 552 1590 haben
578 1555 659 1590 swern
688 1540 883 1606 rndsrthbnigcn
909 1539 1013 1592 Berioht
1036 1554 1124 1605 regen
1150 1540 1264 1590 demon
1287 1539 1323 1590 Μ.
1350 1541 1374 1592 J.
1397 1539 1522 1606 chplero
1546 1539 1685 1604 prolsmors

322 1610 505 1660 Mathematum
533 1627 564 1661 au
589 1611 681 1660 Graeta
708 1612 888 1676 angegsbnen,
920 1610 979 1662 aber
1003 1627 1058 1661 vom
1082 1611 1256 1661 Goldschmisd
1282 1613 1321 1661 nit
1344 1616 1397 1676 just
1420 1611 1582 1676 sertertigtsu
1605 1611 1684 1676 operis

324 1683 500 1743 astronomici,
529 1683 590 1732 alles
607 1681 699 1731 inhalts
717 1682 766 1731 rud
784 1681 922 1732 sonderlich
941 1682 1032 1734 durans
1050 1683 1145 1747 gntdig
1163 1697 1328 1738 rsruommsu,
1356 1697 1408 1732 was
1427 1682 1492 1732 euch
1509 1681 1630 1747 besagter
1648 1681 1683 1731 hl.

324 1751 434 1816 Kepplsr
457 1753 520 1803 eben
539 1752 576 1802 dis
595 1752 687 1802 veroks
705 1751 797 1802 halben
814 1752 928 1802 ruderis
948 1753 980 1802 Er
999 1755 1044 1803 das
1062 1753 1210 1818 seriertlgsn
1221 1754 1292 1803 volis
1311 1753 1512 1818 rugeschricben.
1550 1751 1611 1800 Vnd
1628 1751 1684 1801 vell

324 1824 367 1872 wir
384 1837 428 1872 rus
454 1824 519 1874 noch
536 1825 574 1872 nit
592 1823 725 1888 slierdings
744 1837 790 1874 aus
809 1823 905 1872 solchsr
922 1825 982 1882 sein
994 1823 1113 1888 Keppieri
1132 1825 1250 1890 meinung
1269 1823 1435 1876 ruterriohten
1455 1824 1564 1876 kdnnen,
1585 1824 1619 1870 ist
1638 1837 1681 1871 ru·

211 1927 221 1939 .
323 1908 363 1942 ser
380 1895 502 1960 gntdiper
518 1893 644 1950 Berelch,
672 1893 698 1944 Ir
714 1894 798 1943 wellet
816 1893 867 1944 lmo
891 1895 994 1945 darumb
1022 1893 1181 1944 suschreiben
1210 1895 1259 1944 rud
1282 1896 1354 1944 sinen
1379 1894 1561 1959 specificierten
1580 1892 1685 1942 Bericht

322 1964 442 2030 begemn,
470 1979 522 2014 was
541 1964 589 2013 rud
606 1967 653 2014 wie
672 1963 705 2014 Er
727 1965 765 2014 dis
783 1964 859 2014 Werh
882 1965 952 2015 recht
977 1965 1140 2015 ausurichtsn
1158 1965 1308 2023 sorbebere,
1320 1959 1324 1964 ’
1337 1967 1401 2016 auch
1420 1965 1615 2015 veronensem
1634 1964 1684 2012 rud

321 2035 368 2084 sris
387 2050 414 2086 er
431 2035 537 2085 dissolbe
556 2035 642 2085 darein
660 2036 763 2102 bringen
781 2035 859 2084 ubils.
897 2036 1009 2087 Abdann
1028 2036 1160 2102 gedenhsn
1178 2037 1221 2084 uir
1239 2051 1283 2085 rus
1302 2037 1383 2086 ieruer
1401 2049 1433 2084 su
1449 2036 1606 2086 resolrisrsn.

429 2104 524 2155 Datum
543 2105 657 2170 Stutgsrt
675 2105 699 2154 d.
720 2103 761 2154 18.
780 2106 879 2169 Aprilis.
1235 2107 1343 2156 Balth.
1371 2105 1572 2170 Eirengrsin.

393 2210 431 2258 Ex
449 2209 496 2260 hoo
513 2209 633 2260 mandato
651 2207 735 2273 (cujus
752 2211 829 2262 rerba
846 2224 902 2261 oum
920 2211 1068 2274 scripserim.
1087 2225 1186 2264 sensum
1204 2217 1259 2262 tute
1277 2213 1403 2276 percipere
1421 2209 1503 2276 potes)
1525 2212 1612 2268 rides.
1631 2225 1684 2260 ιιιι

324 2279 405 2330 denuo
423 2281 449 2328 iu
468 2281 591 2345 integrum
609 2286 689 2333 totam
711 2282 851 2332 restitutam
874 2295 938 2330 esse.
977 2280 1140 2332 Occasionem
1165 2295 1223 2346 ergo
1245 2281 1324 2332 babes
1345 2283 1424 2332 telam
1447 2283 1480 2333 sb
1504 2283 1575 2334 tuitio
1601 2281 1683 2332 denus

324 2351 405 2400 ordiri.
441 2350 519 2400 Vides
537 2359 629 2400 rustum
648 2352 679 2402 do
698 2353 818 2401 sumtibus
836 2366 881 2400 nos
900 2351 1047 2409 declinasse,
1068 2359 1093 2403 et
1111 2367 1164 2401 rem
1182 2366 1280 2401 ornnem
1298 2353 1362 2402 hene
1375 2353 1476 2402 habere.
1515 2351 1597 2402 'lirum
1614 2365 1683 2402 usne

324 2427 370 2477 est,
389 2425 417 2470 ut
434 2421 472 2470 bis
490 2421 598 2472 monitus
615 2427 685 2472 tuam
703 2437 801 2472 omnem
819 2423 978 2478 seutentiam.
996 2430 1106 2473 mentem
1125 2429 1151 2472 et
1169 2424 1278 2472 ammam
1296 2422 1329 2474 ds
1346 2425 1456 2480 invento.
1475 2423 1508 2474 de
1521 2423 1682 2487 dispositione

323 2492 425 2551 orbium,
444 2491 475 2543 de
493 2492 599 2542 motibus
618 2499 644 2542 et
661 2493 771 2556 inprimis
790 2493 821 2543 de
834 2492 906 2542 modo
918 2491 1069 2557 perficiendi,
1088 2492 1182 2544 iudices
1201 2501 1227 2544 et
1239 2493 1359 2544 declares.
1396 2493 1452 2544 Hoc
1470 2509 1548 2544 unum
1565 2507 1635 2558 rogo,
1654 2498 1684 2542 ut

322 2563 451 2626 perspicue
468 2562 495 2612 id
511 2577 642 2626 propones,
660 2577 720 2612 nam
741 2579 798 2628 spo,
816 2570 846 2613 ut
863 2565 972 2627 ingenue
994 2565 1083 2618 lateas.
1102 2579 1133 2614 es
1152 2563 1261 2627 epistolis
1279 2565 1328 2614 tuis
1345 2570 1416 2616 tuam
1428 2571 1539 2614 mentem
1556 2565 1681 2614 sufficies·

323 2640 363 2682 ter
382 2635 480 2697 assequi
499 2648 548 2683 nou
565 2647 674 2697 possum.
692 2634 779 2698 quitus
798 2635 911 2684 nimirum
929 2634 1007 2684 modis
1026 2634 1124 2684 efficere
1142 2636 1188 2685 tibi
1200 2635 1351 2698 propositum
1368 2637 1407 2684 sit.
1448 2634 1541 2686 Verum
1558 2634 1603 2686 ista
1620 2640 1681 2683 tuae

323 2703 469 2768 prudentiae
487 2706 621 2761 committo,
640 2719 690 2755 uon
703 2705 827 2761 dubitans.
847 2705 906 2768 quin
924 2705 1008 2754 omnia
1026 2707 1117 2768 optime
1136 2705 1319 2768 praemeditata
1336 2706 1381 2755 tibi
1400 2707 1458 2756 sint.

395 2773 453 2824 Jam
471 2775 619 2825 Masstlinus
637 2775 671 2825 ad
689 2775 886 2825 observationem
904 2777 1162 2840 computationemque
1175 2776 1295 2838 eclipseos
1310 2773 1341 2835 Θ
1361 2773 1465 2836 (Martie
1480 2770 1561 2837 1598)
1582 2774 1682 2830 mansit,

324 2846 358 2896 sd
368 2843 484 2908 Opticam
495 2846 658 2896 relereudam.
669 2869 704 2880 -
717 2845 773 2896 Hae
786 2845 913 2896 Masstlini
924 2845 1012 2897 literae
1031 2846 1121 2896 desum
1132 2847 1159 2896 in
1171 2846 1292 2896 Hanschii
1305 2847 1450 2898 collectione
1464 2843 1555 2910 (consp.
1568 2861 1594 2909 p.
1605 2841 1682 2904 219),
1713 2864 1717 2872 ·

323 2929 415 2980 easque
433 2916 575 2968 lisnsohius
593 2919 647 2968 sine
666 2917 739 2968 dubio
758 2917 911 2982 negligentia
928 2917 1080 2980 praeterivit.
1100 2930 1156 2966 cum
1176 2919 1208 2966 sb
1227 2917 1284 2967 aliis
1303 2917 1338 2966 M.
1358 2917 1435 2968 literis
1453 2923 1587 2981 seperatus
1604 2916 1685 2964 insint

322 2987 397 3038 isso.
417 2987 515 3053 Patrop.
539 2988 594 3038 Vel.
614 2987 677 3044 XV.
705 2987 769 3052 quod
796 2987 871 3038 rslert
898 2989 1025 3051 eclipsium
1050 2989 1240 3038 observationes.
1275 2987 1439 3039 Posteriorsru
1462 3001 1548 3039 aarum
1574 2992 1682 3052 partem,

323 3073 386 3124 quas
404 3061 505 3122 respicit
521 3060 663 3110 machinam
681 3058 784 3122 Keplsri
808 3057 953 3114 coelestem.
979 3072 1129 3122 quamquam
1153 3059 1244 3109 rectius
1268 3057 1301 3108 ad
1319 3072 1377 3124 pag.
1398 3056 1433 3107 88
1454 3059 1526 3121 hujus
1551 3057 1683 3106 voluminis

322 3131 461 3192 pertineat,
487 3130 651 3194 supplementi
673 3129 727 3180 loco
749 3129 790 3180 hio
812 3129 970 3179 inserendam
989 3131 1142 3188 cemuimus,
1169 3129 1233 3180 baso
1251 3130 1352 3193 lumper
1376 3135 1519 3189 incuntes,
1549 3141 1597 3186 sa,
1616 3141 1682 3192 quae

322 3198 471 3250 hlaestlinus
490 3201 589 3252 exhibet
614 3202 753 3264 descripto
771 3215 816 3250 suo
835 3199 868 3250 ad
885 3199 983 3250 Ducem
1002 3199 1167 3271 lirisderlouuu
1192 3200 1251 3272 dato
1276 3201 1399 3264 pertinere
1419 3200 1453 3252 ad
1468 3213 1529 3265 pag.
1549 3197 1583 3246 27
1607 3212 1682 3263 prae-

393 3340 486 3390 Eodem
506 3341 565 3390 llus.
586 3341 641 3390 Vol.
660 3341 715 3392 XV.
739 3340 810 3392 suini
835 3354 891 3390 cum
908 3341 1046 3403 praemissa
1063 3338 1140 3390 aliam
1163 3339 1368 3404 deprehendimus
1386 3339 1513 3390 Maestlini
1540 3337 1680 3402 epistolam,

324 3411 348 3460 d.
368 3412 392 3460 d.
411 3409 436 3460 9.
457 3409 499 3460 ts.
513 3411 569 3462 Oct
591 3411 672 3471 1900,
697 3415 757 3462 item
781 3413 813 3463 ab
832 3411 962 3462 flausohro
987 3412 1116 3465 omissam,
1143 3425 1217 3474 quam
1236 3411 1338 3462 disimm
1357 3424 1432 3475 supra
1454 3407 1491 3474 (p.
1513 3407 1559 3472 bb)
1585 3409 1682 3460 ἀιιιιι.

324 3480 414 3542 Quam,
433 3496 507 3546 quum
525 3483 634 3532 maxima
651 3498 681 3534 ιι
699 3489 770 3546 parte
788 3483 872 3546 optica
888 3488 994 3539 issem.
1013 3481 1045 3532 sd
1064 3480 1120 3530 Vol.
1139 3481 1174 3530 11.
1192 3481 1368 3532 reservandam
1385 3483 1534 3538 sensuimus.

394 3551 434 3602 sd
452 3552 555 3616 Keplsri
573 3553 656 3604 literas
680 3554 704 3603 d.
724 3554 748 3603 d.
769 3553 810 3603 11.
830 3553 888 3602 tun.
907 3551 1056 3602 Maestlinus
1082 3552 1208 3615 respondit
1233 3553 1256 3602 d.
1277 3547 1302 3601 1.
1324 3551 1438 3621 ¹⁴:³¹1ffi
1458 3549 1534 3602 1598.
1572 3551 1611 3600 Es
1632 3552 1684 3602 hac

324 3625 482 3688 responsione
500 3623 564 3674 haec
582 3630 680 3676 tantum
697 3625 747 3676 huo
763 3627 905 3689 pertinent:
934 3623 1110 3674 Calamitatsnr
1129 3624 1291 3674 domesticam
1313 3629 1340 3673 te
1363 3624 1468 3674 eandem
1486 3637 1562 3688 quam
1579 3637 1619 3672 ιιι
1639 3637 1683 3672 sx-

326 3702 423 3758 pertuus
442 3709 472 3745 ex
491 3696 573 3746 auimo
590 3697 719 3748 condolco.
755 3691 811 3746 Ah!
842 3695 925 3755 Quam
942 3696 1058 3744 miseram
1076 3694 1166 3746 ducsrs
1186 3701 1283 3759 oportet
1299 3695 1390 3744 vitans!
1428 3693 1522 3756 Quibus
1541 3708 1587 3743 noa
1606 3695 1683 3744 beare

324 3765 421 3814 ridetur
437 3771 544 3822 natura.
571 3780 603 3816 su
621 3767 701 3817 denuo
720 3767 803 3831 eripit!
841 3765 911 3826 Quas
929 3766 1067 3830 singulares
1086 3778 1104 3815 a
1120 3765 1176 3816 Deo
1194 3765 1379 3816 benedictiones
1397 3779 1442 3816 nus
1462 3766 1589 3828 accepisse
1606 3771 1682 3830 puts-

324 3849 392 3892 mus.
422 3849 465 3885 eas
483 3837 536 3901 ipss
554 3852 672 3902 perquam
694 3851 769 3901 saepe
787 3839 826 3887 rix
844 3843 995 3888 monsmatss
1012 3849 1095 3886 rursus
1114 3835 1214 3888 adimit!
1252 3836 1302 3888 Sed
1319 3850 1436 3887 revocare
1454 3849 1494 3886 sue
1512 3849 1618 3886 necesse
1635 3835 1682 3886 ba·

323 3907 369 3956 beo
387 3913 413 3955 st
431 3907 525 3957 Dosse:
556 3907 677 3958 Dominus
697 3909 778 3966 dedit,
805 3909 927 3960 Dominus
951 3907 1066 3965 absmiit,
1092 3908 1125 3958 sit
1146 3923 1238 3960 nomeu
1255 3907 1357 3958 Domini
1382 3907 1548 3958 benedictum.
1585 3905 1611 3956 Ιι
1630 3905 1682 3955 cis·

323 3983 420 4026 menter
437 3978 469 4027 ab
487 3979 543 4028 aliis
561 3980 744 4030 calamitatibus
763 3993 808 4031 nos
826 3985 949 4044 protegat.
986 3981 1075 4028 Διιιι.

295 4083 297 4090 ·
393 4047 451 4098 llas
475 4051 574 4114 quidem
599 4052 704 4115 epistola
729 4051 878 4115 astrologica
901 4065 952 4102 nou
979 4050 1074 4113 tangit.
1101 4055 1191 4113 postea
1213 4063 1269 4099 sero
1288 4047 1449 4108 Massiliota,
1475 4048 1588 4113 quamvis
1614 4046 1684 4097 haud

209 4097 222 4115 Ἰ
325 4119 440 4169 addictus
459 4121 622 4186 ethologiae,
647 4130 734 4173 natam
751 4121 860 4185 Kepiero
883 4122 1015 4172 muunoist
1036 4119 1138 4170 filiolam
1162 4116 1248 4181 (lunio
1266 4133 1352 4170 meuse
1374 4117 1453 4180 rtet)
1483 4123 1571 4182 „cidus
1589 4121 1683 4184 primm

323 4192 349 4240 iu
367 4190 434 4241 huno
453 4191 571 4242 mundum
594 4201 710 4257 aspectus
734 4194 801 4243 huno
819 4193 896 4251 cosli,
919 4194 1017 4242 utinam
1039 4191 1137 4242 ieliosm
1155 4198 1181 4240 st
1199 4203 1217 4240 a
1234 4189 1290 4240 Deo
1309 4191 1483 4247 benedictum,
1509 4192 1617 4254 positum
1635 4187 1682 4239 hs-

322 4261 401 4312 buit“
441 4261 544 4320 Thema.
563 4265 628 4327 quod
644 4265 682 4314 his
700 4266 789 4321 innuit.
809 4263 888 4319 deest,
906 4263 951 4314 sed
969 4263 1067 4326 qualem
1086 4276 1100 4312 e
1117 4262 1211 4314 nuntie
1223 4253 1352 4312 Maestlini
1365 4263 1523 4312 nsdmtatsm
1537 4269 1681 4312 mussare·

323 4335 355 4382 rit
374 4333 521 4399 astrulogus.
538 4337 591 4396 jesu
610 4335 661 4386 alia
679 4337 755 4386 etiam
773 4335 948 4397 superstitione
966 4340 1067 4396 captus.
1087 4347 1143 4384 cum
1160 4334 1240 4396 ipsum
1258 4340 1311 4382 tum
1330 4333 1445 4396 temporis
1463 4333 1594 4382 turbarent
1613 4331 1681 4382 osia·

322 4405 424 4456 unitates
442 4407 555 4470 privatae
572 4406 741 4472 publicasque,
762 4421 793 4457 ex
810 4405 848 4454 his
866 4405 969 4469 Kspleri
988 4407 1093 4468 spp'arst
1109 4405 1196 4462 limris,
1215 4403 1240 4454 d.
1259 4403 1283 4453 d.
1304 4399 1346 4452 29.
1365 4405 1432 4470 Aug.
1455 4401 1537 4454 test:

941 4547 979 4622 S„
1022 4547 1057 4609 P.

411 4653 488 4716 Mihi
520 4672 654 4734 quoque,
677 4653 863 4733 Praeceptor
892 4651 1082 4727 charissime,
1118 4657 1282 4732 postquam
1313 4650 1419 4712 eadem
1451 4657 1553 4713 tecum
1580 4649 1682 4714 studia

323 4743 630 4822 propensissimis,
664 4742 770 4810 eedem
792 4751 929 4824 tenpore
952 4739 1175 4825 puerperiorum
1199 4738 1400 4804 determinat:
1432 4745 1526 4822 etque
1549 4757 1588 4804 ne
1612 4739 1680 4801 olim
