3586 5518
740 287 823 354 cce
840 279 882 340 11·
1079 333 1084 352 .
1429 291 1491 362 133

208 445 317 510 Etiam
331 445 490 512 Saturnus
506 447 662 512 solitarius
678 457 727 512 est
745 433 908 529 amansque
928 449 1109 522 solitudinis,
1133 453 1222 556 plane
1245 460 1280 515 nt
1302 453 1366 556 ejus
1389 455 1492 535 anguli

123 535 272 597 rectitudo
297 555 360 599 nnn
385 542 492 618 potest
515 537 592 599 ferre
617 537 708 600 ullam
732 535 981 620 inaequalitatem
1004 541 1053 602 vel
1080 543 1245 617 minimam,
1277 542 1362 621 cqjus
1390 543 1494 624 gratia

124 623 281 705 multiplex
304 625 370 689 liat
412 624 528 688 Contra
542 623 697 703 Jupitere
721 646 832 707 genere
857 628 1036 690 induitomm
1060 638 1214 693 acutomm
1237 650 1326 693 unum
1350 631 1492 711 angulum

127 719 231 776 nactus
253 713 416 794 popularis
439 713 508 775 ideo
532 714 631 776 factus
660 724 722 791 est,
751 717 906 780 moderate
936 721 1036 779 tamen
1061 726 1093 780 et
1115 726 1328 800 temperanter.
1374 719 1492 786 Auctor

128 802 203 864 enim
226 811 277 865 est
307 802 511 880 amicitiarum
540 764 753 868 honestiorum.
801 807 852 869 Ita
873 806 959 868 Mars
990 815 1021 869 et
1044 807 1150 870 Venus
1182 807 1342 888 populares
1371 815 1403 872 et
1432 809 1491 889 ipsi

127 899 204 968 sunt,
228 892 330 954 sed'
300 893 435 954 numium.
468 892 549 956 Nam
563 892 688 956 obtusus
704 901 736 956 et
752 894 928 975 prodigns'
919 913 1051 974 ipsorum
1075 898 1203 977 augurius
1226 897 1491 978 intemperantiam

127 987 221 1042 notat.
255 981 428 1043 Mercurius
452 980 488 1042 de
513 989 621 1044 natura
644 981 769 1049 Saturni
794 990 826 1045 et
846 981 934 1046 Jovis
958 992 1007 1045 est
1029 985 1147 1048 ratione
1151 986 1284 1070 anguli.
1322 985 1365 1049 Et
1387 993 1491 1050 amant

126 1068 239 1132 literati
263 1070 386 1150 quidem
408 1069 610 1145 solitudinem,
636 1071 689 1132 sed
713 1070 866 1134 inhumani
889 1078 991 1134 ιιιιιιιι
1016 1092 1075 1135 non
1099 1065 1181 1138 sunt.
1217 1077 1334 1138 Amant
1353 1094 1415 1152 eos,
1434 1076 1491 1156 qni

126 1158 233 1220 iisdem
248 1157 359 1222 studiis
373 1158 573 1233 oblectantur,
595 1159 772 1240 modumque
788 1169 928 1224 statuunt
950 1161 980 1222 in
996 1163 1285 1234 conversationibus,
1309 1164 1377 1244 plns
1401 1183 1490 1246 quam

79 1301 82 1308 .
125 1245 256 1328 Jupiter,
281 1247 365 1328 cujus
390 1247 486 1309 omnis
510 1247 590 1310 actio
615 1248 693 1309 est
684 1269 714 1310 ιιι
739 1250 884 1312 coetubns
906 1248 1059 1313 huminum
1082 1251 1219 1332 interque
1242 1259 1434 1332 purpuratos

211 1335 337 1416 Jupiter
355 1344 389 1398 et
401 1335 507 1398 Venus
531 1336 669 1398 foecundi
693 1345 773 1399 suut.
821 1337 902 1402 Sane
926 1338 997 1440 qnia
1018 1339 1138 1421 Jupiter
1162 1339 1236 1404 facit
1260 1341 1298 1403 ad
1322 1341 1490 1422 plerorum-

127 1443 180 1505 que
205 1425 471 1509 compositionem,
495 1425 601 1487 Venus
625 1423 725 1488 autem
747 1425 836 1489 Jovis
859 1426 945 1508 quasi
970 1427 1090 1491 soboles
1115 1438 1178 1505 est,
1210 1448 1277 1493 cnm
1299 1450 1360 1492 nna
1383 1430 1489 1494 Venus

127 1513 233 1592 viginti
256 1513 355 1576 Joves
377 1513 582 1575 breviusculos
606 1513 635 1575 ic
660 1535 692 1576 se
716 1515 878 1578 contineat.
911 1515 1032 1596 Jupiter
1055 1525 1156 1580 autem
1177 1519 1208 1580 iu
1231 1537 1331 1581 mares
1355 1519 1488 1599 aequior,

127 1601 231 1664 Venus
255 1601 287 1664 in
312 1603 479 1665 foeminas:
514 1601 591 1664 unde
620 1602 671 1664 ille
703 1623 767 1666 mas
798 1604 925 1680 dicitnr,
959 1605 1035 1668 haec
1058 1606 1200 1670 foemina
1245 1606 1386 1710 Pyramia
1408 1607 1489 1670 enim

126 1690 234 1753 efficax
258 1698 326 1766 est,
361 1689 537 1754 ioosatdron
568 1691 705 1753 effectum
735 1700 766 1754 et
796 1691 927 1756 soboles.
974 1693 1022 1756 Ex
1045 1695 1093 1757 his
1118 1695 1226 1758 iisdem
1248 1695 1404 1777 principiis
1428 1695 1487 1758 ali-

127 1787 238 1860 quanto
267 1780 450 1862 explicatior
481 1798 574 1843 causa
600 1780 751 1856 redditur,
785 1801 876 1862 qnare
900 1783 1067 1844 Mercurius
1095 1783 1258 1880 promiscui
1280 1804 1370 1846 sexus
1394 1784 1435 1846 sit
1453 1791 1490 1882 'et

127 1888 216 1949 qnare
241 1869 271 1931 in
296 1868 500 1931 foecunditate
524 1868 694 1932 mediocris.

211 1955 301 2020 Jovis
323 1958 466 2038 primum,
496 1956 563 2020 dein
588 1955 728 2034 Saturni,
758 1965 790 2020 et
818 1959 936 2022 demum
960 1959 1102 2023 Mercurii
1128 1960 1334 2042 tranquillitas
1358 1969 1390 2023 et
1413 1979 1487 2023 oon-

128 2046 243 2110 stantia
264 2066 380 2109 mornm
404 2055 453 2109 est
475 2068 493 2108 a
515 2045 670 2125 paucitate
694 2048 868 2128 planorum:
883 2111 884 2114 ,
900 2047 1030 2112 Veneris
1058 2058 1090 2110 et
1112 2050 1222 2112 Martis
1246 2048 1433 2112 turbulentia
1455 2056 1489 2114 et

127 2135 237 2198 levitas
261 2156 282 2196 a
304 2135 505 2198 multitudine.
548 2134 675 2198 Varimn
699 2143 731 2198 et
752 2134 896 2198 mutabile
920 2155 1037 2218 semper
1061 2137 1199 2200 foemina.
1236 2137 1280 2200 Et
1302 2138 1398 2217 figura
1419 2139 1486 2202 Ve-

128 2226 204 2287 neris
228 2224 361 2287 omnium
384 2225 514 2287 maxime
536 2224 623 2286 varia
645 2231 679 2286 et
700 2223 852 2286 volubilis.
890 2226 993 2307 Atque
1017 2225 1049 2287 hi
1071 2227 1184 2307 gradus
1207 2234 1293 2290 snut:
1319 2227 1396 2288 unde
1420 2244 1486 2290 me-

128 2314 190 2376 dius
214 2312 399 2388 Mercurius,
424 2313 525 2374 media
547 2312 616 2375 lide.

212 2402 357 2466 Mercurii
380 2401 524 2466 versatile
549 2409 580 2462 et
603 2402 733 2466 celere
724 2401 875 2480 rugeuinm
895 2402 990 2464 refert
1007 2402 1143 2468 octabdri
1160 2403 1323 2466 mobilitas.
1356 2401 1485 2466 Nam
1460 2423 1487 2466 ιι

127 2509 214 2572 snper
246 2492 323 2554 dnos
356 2491 483 2571 angulos
512 2489 638 2580 vqlvas,
672 2498 799 2570 quatuor
833 2491 974 2553 contiuua
1006 2491 1104 2554 latera
1131 2511 1185 2573 per
1213 2493 1345 2556 medium
1374 2491 1486 2571 figurae

127 2579 272 2642 directum
302 2579 361 2642 iter
388 2569 556 2642 transeunt
614 2537 743 2642 (interae
772 2579 884 2659 ligures
917 2581 1182 2662 quomodocunque
1210 2581 1334 2658 volvas,
1368 2579 1486 2644 videbis

126 2687 176 2749 per
198 2668 332 2732 medium
355 2677 533 2732 transversa
555 2674 587 2730 et
610 2667 757 2748 impedita
778 2667 918 2731 incedere
942 2669 1048 2734 latera.

211 2757 298 2819 Mars
321 2757 425 2820 multis
449 2756 595 2820 lateribus
625 2756 770 2836 pauciora
798 2756 890 2837 plana
919 2757 1025 2833 efficit,
1058 2759 1165 2822 Venus
1189 2758 1315 2820 totidem
1340 2755 1486 2820 lateribus

126 2848 212 2926 plura
235 2845 347 2928 plana:
381 2846 492 2908 Martis
517 2845 608 2907 etiam
633 2846 718 2907 multi
750 2855 875 2910 conatus
904 2847 981 2910 irriti
1008 2855 1097 2910 sunt:
1132 2845 1237 2909 Venus
1261 2845 1418 2908 conatibus
1441 2845 1486 2907 illi

126 2953 188 3019 par,
213 2935 406 3015 prosperiore
431 2939 532 2997 tamen
556 2934 650 2998 utitur
674 2936 804 2997 fortuna.
846 2935 910 2998 Nec
934 2935 965 2997 id
988 2936 1095 2998 mirum
1118 2953 1186 2996 esse
1210 2936 1310 2998 dehet.
1352 2933 1486 2996 Facilius

124 3023 201 3086 esim
224 3025 354 3087 choreae
374 3023 572 3088 instituuntur
590 3043 679 3104 quam
698 3023 788 3096 bella,
813 3031 843 3086 et
866 3042 922 3104 par
944 3033 1020 3099 erat,
1045 3024 1134 3086 citius
1158 3025 1198 3086 ad
1221 3023 1309 3086 finem
1330 3022 1485 3102 pervenire
1600 3083 1601 3086 ,

124 3131 252 3186 amores,
276 3131 367 3194 quam
390 3113 468 3185 iras,
491 3113 562 3193 quia
583 3112 641 3174 hae
665 3113 816 3192 perimunt
837 3111 982 3190 homines,
1007 3113 1051 3177 illi
1073 3113 1210 3194 gignunt.
1256 3111 1372 3178 Eodem
1394 3115 1484 3191 pacto

123 3202 291 3290 lincurius
316 3199 450 3264 Saturno
474 3201 589 3263 felicior
614 3209 671 3292 est.
688 3201 715 3274 ο)

614 3377 659 3440 ΙΝ
683 3374 823 3441 CAPUT
844 3375 998 3442 NONUM

647 3498 764 3550 uonna
782 3498 961 3552 nucnoms.

199 3605 233 3678 a)
254 3609 367 3680 Loquor
387 3624 447 3662 cnm
471 3609 630 3681 astrologis.
672 3609 744 3663 Nam
765 3609 788 3662 si
811 3625 900 3664 meam
924 3608 1091 3665 sententiam
1114 3609 1214 3674 dicam,
1239 3609 1332 3663 nullus
1355 3608 1383 3663 in
1406 3609 1484 3664 coelo

116 3689 260 3745 maleficus
275 3689 340 3744 mihi
355 3695 498 3744 censetur:
520 3689 602 3760 idque
616 3705 678 3743 cnm
692 3690 727 3743 ob
742 3688 813 3743 alias
827 3689 959 3754 rationes,
983 3696 1040 3744 tum
1055 3689 1173 3744 maxime
1187 3693 1302 3759 propter
1316 3688 1395 3754 hanc,
1419 3689 1486 3760 quia

116 3769 235 3826 bominis
255 3769 343 3840 ipsius
363 3776 468 3824 natura
486 3775 530 3823 est
550 3770 596 3824 hio
613 3769 641 3824 in
662 3770 749 3823 Terra
766 3785 890 3835 versans,
915 3785 986 3841 quae
1009 3769 1209 3826 radiationibus
1229 3769 1406 3839 planetarum
1420 3785 1483 3824 con·

116 3851 197 3906 ciliat
218 3851 347 3904 effectum
368 3849 397 3903 in
411 3865 488 3912 sese:
509 3849 582 3904 sicut
599 3849 718 3912 auditus,
743 3847 893 3903 instructus
917 3849 1054 3903 facultate
1075 3849 1254 3924 dignoscendi
1274 3848 1483 3904 concordantias

116 3947 224 3994 vocum,
249 3929 381 3985 conciliat
395 3929 515 3984 musicae
529 3930 602 3984 hanc
615 3930 677 3994 vim,
702 3929 799 3983 utilla
816 3928 915 3983 incitet
928 3929 1087 3984 audientem
1107 3933 1142 3983 ad
1156 3930 1322 3984 saltandum.
1363 3929 1407 3983 De
1428 3930 1483 3984 hac
1507 3929 1511 3936 '

114 4029 147 4066 rc
167 4011 217 4082 egi
230 4009 325 4064 multis
345 4009 374 4063 in
387 4026 556 4078 responso
575 4010 610 4063 ad
628 4009 741 4078 obiecta
759 4008 888 4064 Doctoris
907 4009 1069 4065 Roeslini
1100 4013 1196 4064 contra
1224 4008 1323 4063 librum
1343 4010 1378 4062 de
1398 4009 1485 4064 stalla

115 4107 199 4156 nora,
222 4097 253 4146 et
267 4088 335 4146 alibi
350 4088 463 4159 passim,
478 4089 616 4160 etiamque
637 4089 665 4144 in
678 4089 727 4143 lib.
742 4088 789 4142 1v.
814 4088 1040 4145 Harmonicorum
1060 4089 1172 4161 passim,
1191 4087 1356 4158 praesertim
1379 4105 1439 4160 cap.
1456 4087 1482 4142 t.

197 4168 229 4236 h)
250 4171 311 4225 Hoc
330 4169 485 4240 allegorice
506 4169 679 4224 intellectum
698 4167 822 4240 physicis
843 4169 998 4224 rationibus
1013 4169 1122 4224 defendi
1138 4174 1248 4238 potesta
1268 4175 1302 4222 nt
1319 4168 1343 4222 si
1357 4169 1409 4224 snb
1430 4167 1484 4222 odii

114 4253 254 4306 vocabulo
275 4248 423 4305 ιιίιιιιιιιιιιιι
451 4250 640 4321 qualecunque
668 4248 846 4320 intelligatur
873 4249 950 4314 situs,
981 4256 1078 4313 motus,
1106 4248 1225 4312 luminis,
1254 4247 1362 4302 coloris.
1403 4247 1481 4311 Vide,

115 4331 214 4395 lector,
234 4337 321 4401 caput
333 4329 463 4384 ιιιιιιιιιιιιι
476 4328 613 4390 Ptolemai
633 4327 859 4394 harmonicorum,
880 4330 928 4385 uhi
941 4329 1102 4401 prodierint,
1125 4345 1251 4400 quaeque
1271 4326 1298 4383 in
1319 4328 1346 4381 id
1366 4333 1482 4382 annota-

115 4411 211 4474 verim,
232 4409 403 4482 praesertim
421 4409 547 4464 nltimam
565 4426 652 4465 meam
674 4409 892 4480 speculationem
911 4412 945 4464 de
959 4409 1071 4464 Saturni
1090 4415 1120 4464 et
1133 4409 1232 4463 Martis
1246 4407 1347 4462 mutuis
1361 4405 1481 4460 excessi·

117 4489 168 4544 bns
187 4493 232 4545 rel
254 4490 423 4553 defectibus,
445 4490 522 4544 ,loris
541 4505 608 4544 rere
628 4488 826 4545 mediocritate.
849 4482 887 4558 ¹⁸)

196 4567 222 4638 c)
241 4571 304 4627 Etsi
326 4569 400 4625 nihil
429 4574 475 4622 est
493 4569 546 4623 hoc
566 4575 664 4640 caput,
693 4569 746 4625 nisi
772 4568 850 4624 lusus
873 4567 1070 4640 astrologicus,
1100 4583 1151 4622 neo
1175 4582 1241 4638 pars
1263 4563 1353 4634 operis
1375 4557 1478 4613 censeri

118 4650 206 4716 dehet,
227 4655 275 4707 scd
296 4665 456 4706 excursus.
477 4649 602 4703 conferat
622 4655 714 4706 tamen
734 4647 803 4703 illud
824 4651 911 4704 lector
932 4665 992 4702 cnm
1012 4647 1165 4703 Ptolomaei
1185 4645 1352 4703 rationibus,
1375 4637 1481 4691 tamin

118 4729 281 4797 Tchahiblo,
304 4745 393 4804 qnam
415 4729 446 4782 in
459 4727 645 4784 Harmonicis:
666 4729 772 4784 ridebit
791 4735 900 4784 nostras
914 4726 1091 4783 Ptolemaicis
1111 4743 1166 4781 non
1187 4724 1337 4787 inferiores,
1359 4731 1392 4770 ac
1405 4716 1480 4768 forts

114 4811 238 4869 meliores
257 4829 333 4868 csse.

709 4878 902 4896 .-μί-ι-
