3674 5528
313 291 378 358 666
733 293 1247 358 Umfflmffl

313 469 422 516 secans
445 451 632 513 horizontem
653 449 684 510 in
710 447 755 524 G,
779 448 937 512 zodiacum
959 450 988 510 iu
1010 449 1070 512 hl.¹
1102 449 1161 512 list
1183 449 1276 529 igitur
1298 449 1394 530 ipsius
1417 449 1528 512 stellae
1551 447 1580 510 L
1602 463 1675 510 sex·

313 542 376 603 tilis
400 549 464 602 tam
488 540 518 600 in
543 536 573 599 G
596 556 684 618 quam
708 538 737 598 iu
762 537 809 612 hl,
842 539 912 617 quia
935 539 1044 599 stellae
1068 538 1189 600 radiant
1218 538 1246 600 iu
1273 539 1376 600 urbem
1400 537 1612 607 circumcirca,
1645 545 1677 598 et
1784 609 1793 616 ,

315 631 344 692 G
375 629 493 708 quidem
521 627 586 706 jam
620 627 720 705 tangit
753 625 953 699 horizontem,
987 627 1021 687 Μ
1054 645 1124 688 veru
1159 633 1208 688 est
1234 625 1323 688 inira.
1371 625 1552 699 Quaeritur,
1589 625 1675 704 qualo

312 725 456 800 punctum
480 715 517 776 de
541 715 651 776 circulo
666 711 729 775 MG
754 713 915 775 tenendum
940 715 981 775 sit
1003 732 1057 793 pro
1082 715 1245 776 directione
1268 715 1358 794 hujus
1380 715 1500 776 sextilis
1524 714 1564 774 ad
1584 713 1676 774 horo-

313 805 458 885 scopum?
495 805 575 866 Nam
598 801 624 863 si
649 801 677 862 G
703 811 790 863 extra
803 802 969 878 zodiacum,
994 803 1119 865 directio
1135 802 1258 864 durabit
1271 801 1456 866 diutissime:
1481 801 1585 864 omnia
1599 801 1678 862 euim

314 903 427 974 puncta
449 891 551 952 circuli
574 890 661 970 parvi
688 909 725 951 ex
750 889 776 950 L
804 890 948 970 descripti
980 892 1151 952 successive
1185 898 1316 970 tangunt
1349 891 1566 970 horoscopum
1606 905 1680 969 ergo

314 984 411 1044 solum
434 979 625 1058 puuctumhl
645 977 768 1040 valebit.
815 975 979 1048 Quaeritur
1002 979 1094 1058 igitur
1119 979 1273 1058 iongitudo
1298 979 1370 1042 ΜΗ.
1418 977 1584 1040 Methudus
1609 996 1679 1039 ccr-

314 1069 484 1133 rectissime
507 1067 562 1128 huc
587 1067 652 1128 loco
676 1072 733 1140 est,
758 1074 792 1127 ut
805 1075 958 1128 secantem
973 1068 1031 1128 LM
1057 1061 1118 1130 60⁰
1140 1067 1258 1130 dividas
1281 1085 1337 1146 per
1358 1071 1514 1130 secantem
1530 1067 1589 1128 LH
1605 1065 1678 1128 lati-

316 1159 442 1229 tudinis,
472 1165 506 1216 ut
528 1156 656 1235 prodeat
679 1173 787 1215 secans
811 1153 883 1216 ΜΗ.
929 1153 999 1215 Jnm
1023 1155 1196 1234 Magiuue
1227 1155 1267 1228 (iu
1287 1163 1464 1230 Supplemente
1484 1161 1680 1228 ephemeriden

222 1249 227 1260 '
313 1273 338 1322 p.
361 1251 411 1305 158
429 1253 455 1302 u.
486 1251 602 1302 Praetor.
624 1245 707 1315 1608)
731 1243 847 1306 mavult
870 1251 1012 1322 punctum
1035 1243 1069 1304 lt
1091 1243 1121 1304 in
1145 1251 1308 1324 aequatore
1332 1254 1478 1318 statuere,
1504 1253 1539 1304 ut
1563 1245 1607 1304 sit
1622 1241 1679 1304 LH

316 1333 487 1407 declinatio,
512 1331 602 1394 HMF
622 1339 783 1410 aequator;
808 1331 866 1392 erit
888 1329 981 1412 igitur
1003 1351 1162 1412 processus
1186 1332 1275 1407 idern,
1300 1341 1332 1394 et
1347 1335 1436 1409 scias,
1461 1332 1518 1394 boc
1532 1350 1680 1410 processu

315 1422 450 1486 tabulam
477 1440 545 1482 esse
575 1421 700 1493 lactem,
738 1438 777 1479 ex
805 1435 863 1499 qna
891 1417 1032 1498 Magiuus
1058 1420 1148 1500 jubet
1180 1438 1352 1499 excerpere.
1407 1421 1458 1482 Sic
1488 1418 1680 1499 Origauus

315 1509 501 1576 (premerides
519 1507 755 1571 Brandouhnrglcae
774 1507 805 1556 ab
818 1521 840 1556 a
857 1505 1040 1558 lues-1055.
1061 1508 1176 1558 Fraukol.
1192 1508 1224 1558 ad
1238 1507 1285 1557 Od.
1302 1505 1378 1559 1606.
1399 1508 1455 1557 Vol
1468 1507 1487 1558 1.
1508 1523 1532 1572 p.
1548 1503 1602 1556 366
1615 1501 1679 1572 seq.)

316 1603 381 1645 cum
405 1598 459 1642 suo
482 1581 572 1642 modo
595 1585 627 1639 ct
649 1579 753 1640 tabula
780 1580 869 1657 plane
898 1579 953 1640 hoc
981 1589 1135 1658 praestat,
1171 1579 1249 1659 quod
1274 1598 1329 1660 ego
1353 1599 1445 1659 supra
1469 1578 1557 1640 docui
1581 1580 1679 1658 primo

316 1671 472 1735 schemate
501 1685 555 1748 per
587 1675 727 1728 secantes
765 1669 916 1737 (Viclrenius
943 1675 1042 1726 scribit:
1073 1676 1172 1726 modurn
1196 1683 1267 1726 tuum
1292 1675 1461 1726 constituendi
1487 1675 1525 1724 rel
1555 1673 1681 1739 aequandi

315 1765 445 1824 aspen,
470 1756 599 1808 diuidendo
618 1761 746 1806 secantem
764 1753 803 1804 rel
822 1752 988 1805 differentiam
1005 1755 1144 1806 latitudinis
1163 1754 1209 1806 dte.
1228 1769 1276 1806 nec
1295 1771 1342 1821 ego
1368 1771 1416 1806 nec
1436 1755 1565 1820 Origanus
1582 1754 1681 1819 uocem

316 1834 470 1906 mus).
516 1827 638 1890 Invenit
660 1825 752 1898 euim,
787 1834 930 1904 quantum
953 1827 1095 1905 planetae
1120 1826 1252 1890 debeant
1275 1827 1389 1890 distare
1418 1827 1448 1888 iu
1472 1827 1614 1900 zodiaco,
1648 1833 1682 1886 ut

317 1921 359 1982 sit
387 1919 466 1980 inter
492 1917 625 1998 ipsorum
653 1932 780 1994 corpora
805 1915 959 1994 perlectus
983 1923 1135 1993 aspectus.
1182 1915 1377 1988 Nesciebam,
1410 1915 1531 1976 tabulas
1565 1913 1623 1976 has
1650 1913 1680 1974 iu

316 2006 440 2086 Magino
464 2007 512 2066 vel
536 2002 672 2082 Origene
695 2001 830 2064 inveniri.
877 2003 993 2082 Magini
1016 2013 1117 2066 tamen
1141 2007 1325 2066 seutentiam
1353 2004 1390 2065 de
1420 2012 1586 2084 aequatore
1621 2019 1680 2062 nou

317 2105 390 2177 puto
414 2101 540 2156 naturae
564 2099 806 2153 consentaneam.
852 2090 1047 2154 planetarum
1071 2098 1103 2152 et
1125 2091 1207 2154 Solis
1231 2093 1290 2154 iter
1313 2103 1362 2155 est
1384 2093 1413 2153 iu
1437 2091 1580 2153 zodiaco:
1610 2089 1681 2151 inde

317 2193 367 2246 est
390 2183 435 2244 vis
458 2181 596 2261 partibus
620 2178 736 2240 zodiaci
759 2178 843 2240 radio
867 2179 976 2240 stellae
991 2179 1083 2242 tactis
1099 2183 1237 2244 movendi
1261 2190 1410 2256 naturam,
1436 2198 1503 2242 cum
1527 2199 1582 2240 eae
1605 2197 1680 2258 par-

276 2345 279 2350 ,
318 2283 366 2336 tes
389 2271 428 2332 ad
452 2270 648 2347 horoscopum
671 2267 803 2330 veniunt.
850 2265 967 2329 Sufficit
989 2269 1097 2348 igitur,
1122 2281 1156 2332 ut
1179 2277 1325 2352 aequatur
1347 2277 1485 2350 praestet
1509 2286 1680 2330 mensuram

319 2359 463 2440 temporis
487 2355 673 2418 directionis.

407 2470 445 2550 l)
469 2471 663 2533 Ptolemaeus
692 2469 769 2530 forte
794 2463 964 2552 dioogapoc
992 2479 1024 2532 et
1052 2470 1200 2552 pinguiori
1224 2473 1362 2535 Minerva
1385 2471 1519 2546 dixerat,
1554 2469 1681 2550 gradum

318 2561 492 2642 sequuturis
515 2559 545 2620 in
569 2557 733 2620 directione
761 2559 931 2637 siguificare
957 2577 1065 2622 aunum
1103 2557 1269 2632 (ursimus
1288 2569 1405 2636 lingum
1424 2569 1558 2636 gloriatur,
1586 2566 1683 2618 unto-

318 2651 377 2701 dam
395 2673 429 2683 —
447 2651 473 2698 in
493 2647 630 2697 Commeat.
650 2647 683 2696 ad
695 2645 865 2696 Ptolemaeum
886 2675 918 2696 ,-
936 2649 1018 2696 verius
1037 2662 1111 2712 qnam
1130 2654 1227 2700 ceteros
1246 2655 1388 2700 macutum
1406 2650 1483 2700 inisse
1496 2655 1609 2698 menum
1621 2647 1680 2698 Pto·

318 2722 409 2772 lemasi
426 2722 453 2770 in
471 2719 662 2780 direcuonlbns,
687 2723 713 2768 et
731 2717 830 2768 modum
848 2719 925 2781 ipsius
945 2721 1075 2771 convenire
1100 2735 1156 2770 cum
1174 2721 1246 2770 modo
1257 2735 1309 2770 ono
1328 2719 1374 2770 dte.
1411 2720 1479 2771 Num
1497 2719 1540 2770 hic
1559 2733 1632 2770 runs
1650 2720 1682 2768 sit

318 2804 405 2854 modus
422 2799 597 2856 Ptolomeicus,
616 2805 643 2848 et
660 2797 733 2862 quale
750 2804 820 2848 tuum
838 2799 1124 2862 sltjudicinm,'pustulc
1138 2806 1164 2852 et
1177 2793 1304 2866 expecto).
1343 2791 1433 2866 Sane,
1459 2791 1531 2872 quia
1554 2799 1681 2852 euentus

319 2883 516 2948 directionum
540 2898 597 2940 nou
623 2879 660 2939 ad
685 2877 900 2941 subtilissimas
924 2879 1065 2940 minutias
1089 2880 1282 2959 respondent,
1305 2881 1424 2960 putavit
1442 2879 1608 2941 mittendas
1624 2877 1682 2939 mi·

320 2973 435 3046 nutias,
467 2979 499 3032 et
522 2977 603 3032 recte
628 2967 758 3047 quidem.
804 2965 1017 3041 Recentiores,
1043 2965 1215 3044 Cardenus,
1241 2969 1396 3049 Magious,
1420 2967 1577 3040 Naiboda,
1601 2967 1682 3028 Bra-

319 3065 413 3135 heus,
449 3059 585 3121 minutim
616 3056 717 3118 omnia
748 3064 980 3129 consectantes,
1019 3057 1130 3118 rectius
1159 3059 1362 3132 contendunt,
1401 3049 1489 3120 360⁰
1511 3054 1682 3136 significare

320 3143 428 3231 etit,
455 3164 558 3208 anuos.
605 3143 693 3206 Meus
725 3145 831 3206 modus
861 3145 1013 3206 consentit
1041 3145 1169 3208 maxime
1194 3165 1259 3208 cum
1282 3145 1422 3220 Braheo‚
1457 3145 1525 3226 qui,
1561 3155 1596 3205 nt
1626 3161 1682 3222 ego

319 3257 374 3322 per
400 3235 515 3298 zodiaci
544 3252 632 3296 arcus
656 3233 752 3313 dirigo
775 3231 893 3310 Solem,
916 3233 964 3295 ita
984 3233 1051 3314 ipse
1075 3253 1129 3314 per
1152 3235 1324 3315 aequaturis
1347 3255 1435 3298 arcum
1458 3235 1630 3296 coorientes
1652 3231 1682 3292 in

322 3335 408 3390 recta
430 3323 569 3404 sphaera.

410 3427 446 3505 5)
479 3427 567 3498 Quod
593 3427 783 3489 Peucerus
808 3429 848 3499 (in
860 3435 920 3487 libro
939 3437 970 3488 de
983 3436 1171 3488 Dirioationnnr
1183 3439 1316 3504 generibus
1328 3429 1483 3502 praecipuis)
1506 3434 1597 3508 putat
1620 3441 1685 3486 cum

321 3521 468 3594 Herlicio,
493 3536 547 3578 eas
571 3515 738 3580 censendas
762 3533 831 3578 esse
854 3518 1044 3597 planetarum
1068 3519 1189 3593 dumus,
1220 3537 1297 3597 quae
1320 3517 1604 3580 constellationibus
1628 3514 1685 3574 de·

322 3611 506 3680 scribuntur,
539 3625 595 3668 nec
622 3604 807 3684 incipiendas
837 3607 875 3668 ab
906 3606 1111 3686 aequinoctio,
1144 3607 1199 3668 sed
1229 3627 1248 3668 a
1274 3607 1372 3702 prima
1396 3606 1516 3668 arietis:
1552 3603 1684 3685 speciem

320 3699 413 3762 habet
435 3695 509 3768 veri,
534 3696 577 3756 sic
601 3695 678 3757 enim
702 3703 734 3755 et
757 3713 825 3756 cum
848 3695 951 3755 Lunae
975 3695 1180 3757 mansionibus
1203 3695 1246 3757 fit.
1293 3695 1340 3758 At
1361 3695 1430 3756 vide
1454 3695 1531 3756 libro
1556 3711 1623 3756 meo
1647 3689 1684 3752 de

322 3787 444 3863 „Stella
467 3782 676 3863 Serpeutarii“
706 3784 889 3846 senteutiam
912 3803 1023 3859 meam,
1058 3785 1150 3846 ctiam
1178 3791 1338 3854 exurente
1368 3782 1590 3863 astrologorum
1621 3782 1684 3842 lor-

321 3885 444 3948 matam,
468 3871 601 3933 Peuccro
625 3871 824 3934 contrariam:
854 3871 912 3934 etsi
936 3881 1051 3936 totum
1075 3874 1242 3935 domuum
1265 3873 1454 3952 negotium
1478 3882 1683 3935 contemno.

411 3987 496 4048 Haec
520 3985 557 4048 ad
583 3986 687 4048 literas
711 3987 740 4046 d.
766 3986 795 4046 d.
821 3985 873 4049 25.
898 3987 1013 4049 Martii.
1059 3988 1147 4051 Nunc
1171 3988 1211 4050 ad
1233 3997 1399 4070 sequentes¹
1424 3985 1473 4050 18.
1498 3987 1593 4066 Maji:

414 4078 446 4150 1)
478 4074 576 4149 Petis,
607 4083 640 4137 ut
665 4074 748 4136 brevi
771 4082 934 4154 praecepto
958 4083 989 4136 te
1008 4076 1121 4154 juvem,
1146 4084 1180 4137 ut
1203 4077 1298 4152 scias,
1331 4084 1473 4157 quantum
1503 4073 1683 4154 Cuperni-

322 4166 428 4230 canis
452 4163 614 4232 motibus
638 4165 877 4243 planetarum
901 4163 943 4224 sit
956 4164 1134 4239 addendum,
1160 4174 1304 4244 qnantum
1318 4163 1567 4227 subtrahendum.
1611 4162 1683 4224 Dixi

319 4258 382 4337 jam
416 4271 507 4332 saepe
540 4261 572 4314 et
604 4251 730 4332 scripsi,
763 4270 825 4313 rem
853 4259 1015 4332 praecepto
1040 4253 1251 4333 comprehendi
1281 4271 1338 4314 non
1363 4271 1464 4334 posse.
1511 4251 1683 4314 Braheus

321 4348 387 4427 ipse
411 4343 455 4406 sic
479 4341 557 4421 egit:
591 4341 742 4415 ostendit,
778 4341 974 4420 quantumin
998 4341 1227 4405 excentricitate
1252 4343 1446 4415 mutandum,
1481 4339 1682 4420 quantumin

322 4452 479 4516 apogaeo,
514 4438 657 4510 quantum
690 4429 719 4490 iu
752 4429 945 4509 proportione
979 4429 1113 4505 orbium,
1146 4431 1174 4494 in
1206 4441 1289 4493 motu
1313 4431 1428 4504 medic,
1462 4429 1492 4490 iu
1518 4428 1681 4491 latitudine

322 4524 464 4586 maxima.
512 4518 629 4589 Quibus
660 4517 834 4579 constitutis
862 4518 957 4597 jussit
987 4527 1096 4598 postea
1128 4520 1278 4583 calculare
1316 4525 1415 4580 motus
1444 4517 1533 4578 modo
1563 4517 1681 4578 usitoto

322 4615 353 4676 in
375 4608 545 4675 Prutenicis
569 4617 600 4668 et
623 4605 831 4686 Alphoueiuis,
856 4613 974 4668 tautum
997 4607 1141 4670 correctis
1164 4607 1328 4688 principiis.
1375 4604 1524 4685 Exemplo
1542 4605 1680 4685 ingentis

322 4699 493 4772 varietatis,
517 4715 593 4776 quae
617 4696 663 4756 his
688 4713 726 4755 ex
748 4693 903 4775 principiis
927 4695 1036 4771 oritur,
1066 4696 1107 4758 sit
1131 4697 1183 4758 tibi
1208 4697 1320 4759 Mars.
1368 4695 1457 4756 Anno
1471 4689 1567 4756 1606.
1592 4693 1678 4774 prin·

321 4789 400 4869 cipio
423 4787 495 4850 anui
518 4793 559 4847 st.
582 4805 611 4847 n.
634 4782 731 4863 incipe
755 4783 866 4846 addere
894 4784 959 4865 ejus
992 4777 1067 4848 l'ucis
1088 4783 1278 4856 Prutsnicis,
1311 4781 1365 4848 22.
1388 4781 1477 4846 Febr.
1508 4781 1586 4846 adde
1610 4783 1681 4863 plu-
