3628 5518
733 261 821 310 sensa
837 255 935 309 um.
1447 246 1513 316 263
1532 235 1533 240 ’

148 422 256 486 Terrae
277 438 334 482 aen
356 439 445 501 pepp
468 419 604 500 ejudem
624 435 681 508 per
704 417 750 480 eni
773 415 876 479 ehenli
900 413 1112 496 quadrantem,
1145 417 1287 474 manente
1320 429 1375 472 are
1401 409 1512 472 Terrae

149 529 266 590 semper
293 508 438 588 sibiipsi
470 509 500 570 in
524 507 652 571 diversis
676 507 794 569 eitubne
822 503 984 584 parallelo,
1019 500 1139 564 minime
1162 519 1234 563 vero
1264 505 1401 561 nutante.
1447 499 1513 562 Nee

148 599 275 679 simplex
292 599 370 662 haec
394 596 585 660 asseveratio
609 616 681 658 vera
704 605 761 670 est,
787 595 929 672 angulum
950 592 1027 653 hune
1047 589 1168 652 variari.
1214 589 1293 652 Nom
1309 587 1416 648 eadem
1430 605 1512 648 eem-

148 709 200 770 per
221 696 327 750 manet
348 687 417 751 axis
443 687 556 750 Terrae
580 686 619 747 ad
642 685 765 768 planum
788 682 946 764 eclipticas
970 679 1139 754 inclinatio,
1173 678 1289 740 sivein
1314 676 1513 756 aequinoctiis

148 779 211 840 sive
244 777 275 838 in
299 777 446 840 solstitiis
470 776 523 850 (de
552 777 734 848 mutatione,
769 792 845 853 quae
877 779 949 851 post
980 769 1074 831 multa
1102 766 1204 829 secula
1236 783 1381 846 perquam
1405 764 1514 844 exigua

148 866 310 945 contingit,
338 867 404 948 jam
437 883 496 928 nou
529 865 663 945 loquor),
697 865 751 928 sed
784 883 841 926 non
872 877 989 940 semper
1018 857 1121 919 Solem
1153 855 1277 935 respicit
1286 873 1295 929 3
1330 854 1513 914 transfertur

147 973 276 1034 namque
300 955 405 1018 Tellus
429 973 495 1018 curn
520 973 575 1016 sua
596 954 805 1026 inclinatione,
834 970 910 1032 quae
933 965 1051 1026 semper
1080 945 1109 1006 in
1135 945 1256 1006 easdem
1281 941 1383 1004 mnndi
1406 950 1512 1022 partes

148 1045 258 1124 vergit.
307 1044 414 1125 Itaque
443 1042 599 1106 inclinatio
628 1045 719 1121 haec,
754 1043 860 1108 eadem
891 1056 1017 1104 manens
1051 1053 1118 1096 curn
1144 1035 1234 1114 plano
1261 1033 1343 1112 ipso,
1376 1031 1512 1092 diversos

148 1145 249 1196 tamen
274 1134 403 1212 angulos
427 1150 495 1195 enm
518 1132 645 1198 diversis
673 1134 756 1216 plani
780 1130 868 1194 lineis
893 1123 1063 1199 constitnit,
1099 1130 1132 1185 ut
1161 1141 1198 1182 ex
1228 1119 1413 1201 geometrica
1436 1119 1512 1181 eoli-

145 1223 252 1286 dorum
275 1223 416 1286 doctrina
438 1230 569 1286 constat.
833 1239 836 1246 ·

234 1312 386 1394 Adeoque
415 1312 466 1390 qni
497 1322 567 1394 apte
597 1312 654 1374 sibi
686 1309 817 1374 voluerit
848 1301 1007 1384 imaginari
1040 1299 1167 1379 primum
1192 1307 1224 1360 et
1256 1297 1377 1359 tertium
1401 1296 1512 1357 Terrae

145 1409 259 1463 motum
284 1401 448 1464 secundum
474 1399 672 1480 Cepernicum
697 1398 847 1478 (quamvis
881 1391 990 1455 tertius
1024 1389 1071 1450 bio
1098 1407 1153 1468 per
1176 1405 1208 1448 ae
1232 1393 1333 1447 motus
1357 1403 1414 1446 non
1438 1387 1511 1459 est),

144 1493 171 1552 ie
194 1489 364 1571 cylindrum
389 1489 467 1551 binis
489 1491 588 1570 planis
612 1488 768 1570 parallelis
792 1479 911 1565 oblique
935 1487 1018 1541 secet
1033 1478 1071 1539 ad
1087 1477 1228 1557 angulum
1244 1467 1366 1552 66¹l,⁰,
1392 1480 1424 1534 et
1437 1473 1510 1552 qula

144 1582 200 1642 hoe
224 1586 318 1658 pacto
342 1597 513 1642 communes
536 1579 687 1641 sectiones
711 1597 765 1640 seu
787 1579 878 1639 bases
901 1571 977 1632 fiant
1191 1613 1235 1664 ,η
1251 1611 1272 1654 Β,

143 1657 280 1748 ellipsis,
301 1687 358 1749 per
371 1668 475 1731 coroll.
494 1665 544 1731 16.
561 1669 612 1730 lib.
628 1669 653 1730 l.
678 1666 784 1730 Sereni
799 1666 836 1726 de
851 1659 978 1743 cylindri
1219 1681 1255 1736 ‚q
1344 1683 1348 1692 ¹

142 1757 303 1820 sectione:
331 1757 475 1837 fingatis
499 1757 634 1832 interim,
665 1775 732 1818 esse
758 1753 885 1817 circulos
909 1767 981 1829 per-

146 1847 254 1910 fectos.
285 1844 373 1917 Quae
388 1846 542 1925 igiturest
562 1845 592 1908 in
609 1843 850 1907 circumferentia
863 1838 982 1902 basium

144 1935 320 2014 superficies
336 1933 446 1997 alieubi
462 1943 556 2010 reeta,
581 1934 729 1997 inclinata
744 1931 863 2006 alicubi,
888 1927 982 1990 talem

143 2025 336 2104 superficiem
356 2023 423 2085 axis
438 2023 550 2085 Terrae
569 2023 712 2085 inclinate
733 2019 910 2086 circumlata
925 2016 980 2076 de·
1003 2058 1021 2119 c

144 2111 263 2176 scribit
310 2109 379 2184 AO,
405 2111 461 2174 BD
484 2113 575 2175 bases
599 2111 738 2194 cylindri,
771 2110 825 2172 illa
848 2105 979 2176 inferior,

145 2203 218 2264 haec
255 2200 407 2284 superior,
445 2199 500 2263 01)
534 2200 705 2280 superficies
740 2197 902 2279 aeqnealta
934 2191 985 2254 axi

147 2293 275 2360 Terrae,
306 2289 354 2352 hic
379 2297 427 2352 est
454 2289 601 2352 inclinata
632 2297 664 2351 ut
688 2297 720 2351 et
742 2289 772 2350 in
797 2284 869 2358 AB,
899 2290 985 2346 recta

144 2381 171 2442 in
192 2379 234 2454 E,
259 2381 296 2442 li.
335 2379 385 2440 lta
408 2377 473 2453 OD,
504 2378 560 2440 AB
585 2377 786 2441 solstitiorum
813 2381 882 2438 sunt
906 2374 984 2444 loca,
1251 2416 1270 2468 ἲ

145 2469 187 2544 Ε,
211 2469 241 2531 F
265 2465 529 2548 aequinoctiorum.
1159 2519 1165 2526 .

234 2557 302 2620 Neo
326 2555 456 2618 feliciter
470 2555 568 2619 Ursus
583 2553 723 2618 Graecas
740 2573 829 2615 voces
853 2554 958 2634 tetigit
980 2563 1104 2635 κνλισις,
1129 2567 1252 2639 tamara,
1274 2565 1437 2640 potestque
1460 2561 1509 2623 vel

147 2646 200 2708 hoc
224 2647 294 2708 solo
318 2643 459 2708 Graecae
478 2645 599 2724 linguae
614 2644 711 2724 perito
737 2637 938 2721 Gopernionm
957 2649 1118 2711 obscurum
1133 2650 1268 2714 reddere.
1316 2647 1393 2723 Tibi,
1419 2647 1509 2724 Urso,

146 2735 253 2809 Terra,
280 2735 324 2797 uti
349 2733 468 2814 quidem
492 2735 618 2808 statuis,
644 2733 673 2794 in
693 2731 819 2812 jactatis
844 2753 862 2794 a
884 2738 915 2792 te
940 2733 1157 2818 hypothesibus
1182 2743 1311 2807 tussam,
1336 2737 1367 2797 in
1391 2735 1509 2816 coper-

147 2823 210 2885 nico
233 2823 319 2886 orbis
349 2821 400 2904 qui
423 2823 547 2885 Terram
571 2821 669 2898 vehit,
703 2820 729 2882 si
752 2822 818 2900 quis
841 2821 1004 2901 palpabilis
1028 2835 1124 2901 esset,
1156 2833 1280 2888 tererem.
1328 2827 1362 2886 In
1386 2826 1510 2887 usitatis

148 2912 365 2997 hypothesibus
399 2931 502 2974 omnes
536 2912 623 2973 orbes
655 2917 687 2972 et
710 2909 886 2972 nominatim
915 2915 1042 2977 mundns
1071 2923 1154 2978 totns
1188 2920 1218 2974 et
1242 2913 1373 2992 sphaera
1396 2913 1512 2975 extima

147 3005 277 3071 ternuc,
311 3001 342 3063 in
377 3011 464 3064 torno
487 3001 595 3080 globus
624 3005 739 3061 derasen
772 2999 996 3079 quiescentibus
1022 3003 1101 3083 polis
1129 3011 1161 3065 et
1189 3009 1328 3064 manente
1353 3001 1456 3063 mobili
1479 3001 1509 3063 in

147 3107 199 3152 auo
222 3089 301 3153 loco.
351 3091 446 3153 Terra
469 3109 539 3152 vero
564 3089 592 3150 in
610 3087 787 3168 Copernioo,
813 3087 957 3153 sisoium
982 3111 1110 3156 aunuum
1126 3101 1238 3154 motum
1253 3097 1383 3170 spectes,
1407 3097 1509 3152 mente

147 3197 293 3258 separans
318 3179 463 3254 diurnum,
488 3177 665 3258 simpliciter·
687 3199 884 3256 neprqeparcu.
932 3177 985 3242 Sin
1009 3187 1043 3242 tu
1067 3182 1168 3256 dicas,
1194 3177 1361 3259 Oopernieo
1385 3177 1510 3242 Terram

146 3271 306 3342 oaorem,
338 3288 396 3330 non
421 3286 476 3348 ego
501 3268 680 3330 intellexero
715 3267 752 3326 de
780 3273 862 3327 motu
886 3287 983 3330 annuo
1018 3269 1071 3330 sed
1101 3269 1137 3331 de
1162 3269 1282 3342 diurno,
1316 3287 1383 3330 oum
1411 3268 1510 3330 abeo

148 3365 244 3418 mente
269 3375 448 3437 separarnns
471 3375 609 3418 annuum.
657 3353 711 3417 Sin
732 3364 831 3416 autem
854 3355 938 3420 dicas
952 3361 1149 3434 substantioe,
1169 3359 1235 3438 jam
1252 3366 1408 3437 utrumque
1424 3376 1510 3420 com-

147 3445 252 3523 plexus
278 3465 311 3508 es
335 3454 367 3508 et
389 3454 501 3508 motum
526 3445 665 3507 diurnum
689 3455 719 3506 et
743 3463 881 3505 annuum.
929 3445 1049 3510 Etenim
1074 3451 1197 3518 κυλισις,
1232 3446 1258 3507 si
1281 3445 1394 3520 nescis,
1425 3465 1510 3508 com-

147 3535 265 3611 positus
288 3543 337 3596 est
360 3544 458 3596 motus
489 3554 526 3596 ex
550 3555 633 3614 φορᾳ
665 3543 696 3595 et
720 3537 835 3609 terqua
883 3533 924 3596 Et
953 3539 1113 3598 noueram
1147 3535 1253 3616 globus
1287 3531 1337 3596 ille
1367 3535 1509 3610 lusorum,

148 3641 203 3700 qno
238 3622 278 3683 ad
303 3631 422 3686 stantes
455 3627 564 3686 euneos
594 3621 772 3684 evertendos
805 3620 968 3686 collimant
1013 3625 1079 3688 Nec
1112 3645 1158 3686 me
1183 3623 1311 3686 Hercule
1336 3621 1508 3685 concinnius

148 3719 195 3772 est
218 3712 389 3792 exemplum
413 3721 511 3774 motus
526 3712 656 3773 Telluris
681 3709 848 3790 compositi,
873 3731 961 3792 qnam
986 3713 1011 3774 si
1036 3712 1101 3794 quis
1124 3715 1229 3792 fingat,
1254 3711 1374 3790 globum
1395 3709 1508 3776 Terrae

149 3799 244 3860 instar
268 3801 414 3880 ejusmodi
439 3801 519 3880 globi
544 3799 645 3861 lusorii
670 3799 788 3880 obliquo
814 3807 914 3862 tamen
939 3801 987 3863 axi
1013 3802 1149 3880 provolvi
1172 3801 1201 3862 in
1225 3801 1370 3861 directam
1386 3797 1507 3869 lineam,

149 3887 201 3948 sed
221 3905 301 3967 quae
315 3907 373 3950 non
389 3889 471 3952 sitin
486 3891 577 3968 plano
600 3893 701 3950 verum
725 3890 754 3951 in
783 3889 889 3967 glob03
915 3899 948 3952 ut
972 3889 997 3951 si
1012 3891 1108 3952 Terra
1131 3891 1160 3951 in
1184 3887 1330 3969 superiori
1354 3889 1507 3951 schemate

148 3975 429 4054 superficieEAFO
452 3977 680 4058 provolveretur
695 3977 744 4038 vis
758 3975 862 4053 EGF;
886 3985 918 4039 et
942 3979 984 4041 sic
1009 3985 1073 4041 tres
1089 3976 1248 4058 Oopernioi
1272 3983 1370 4039 motus
1394 3976 1424 4038 in
1447 3997 1508 4040 una

149 4063 203 4125 hac
225 4065 435 4142 provolutione
457 4067 568 4128 insunt.

234 4152 385 4215 Perduxit
406 4153 613 4236 hypothesium
637 4153 793 4216 historiam
808 4155 906 4219 Ursus
929 4172 1022 4234 neque
1046 4154 1084 4217 ad
1105 4162 1242 4233 tempora
1257 4149 1382 4226 christi,
1406 4151 1507 4234 qnali-

151 4257 265 4321 cnnque
291 4259 440 4306 successu.
487 4241 575 4314 Quod
599 4241 694 4305 sicubi
718 4265 736 4304 a
760 4261 851 4325 scopo
876 4243 1001 4318 erravit,
1028 4261 1109 4306 error
1132 4242 1253 4305 crimine
1277 4250 1378 4304 tamen
1404 4259 1508 4302 carere

152 4327 244 4390 rideri
268 4333 385 4408 potest.
429 4331 487 4394 Per
510 4331 710 4410 ignorantiam
735 4330 812 4394 enirn
837 4349 939 4393 ornnes
972 4331 1167 4394 multifariam
1191 4331 1329 4394 labimur.
1377 4329 1422 4392 At
1440 4329 1506 4408 jam
1574 4381 1582 4402 ,

152 4415 196 4477 ubi
220 4416 260 4478 ad
286 4417 477 4494 Apollonium
499 4421 673 4500 Pergaeam·
691 4421 820 4496 devenit,
846 4421 922 4481 adeo
946 4419 1021 4482 dura
1044 4421 1142 4484 fronte
1167 4429 1223 4492 est,
1249 4419 1383 4498 adeoque
1407 4433 1505 4493 nuga-

153 4503 303 4566 cissimam
337 4505 432 4566 sciens
454 4509 615 4589 volensque
645 4517 750 4570 narrat
780 4509 932 4584 fabulam,
965 4517 999 4571 ut
1026 4509 1159 4578 nescias,
1193 4509 1332 4570 rideasne
1354 4501 1504 4563 homiuem

152 4593 248 4669 potins
274 4611 314 4652 an
347 4591 490 4660 irascaris.
538 4596 782 4660 circumstantiis
806 4597 941 4660 omnibus
965 4597 1167 4660 narrationem
1192 4613 1276 4657 snam
1299 4588 1434 4661 instruit,
1460 4596 1502 4659 ut,

156 4679 197 4740 cui
219 4680 255 4742 de
281 4697 314 4740 re
340 4679 407 4756 ipsa
427 4703 481 4747 non
507 4693 577 4749 aute
602 4691 732 4759 constat,
752 4687 857 4765 jurare
881 4686 979 4757 ausit,
1004 4703 1062 4747 non
1087 4704 1155 4747 esse
1179 4681 1264 4744 nihili
1287 4695 1359 4750 rem,
1384 4695 1443 4756 qua
1465 4675 1502 4736 de

153 4766 287 4847 imitar·
342 4763 413 4836 Qut
434 4771 462 4834 in
486 4793 517 4838 re
540 4793 605 4837 curn
623 4773 814 4855 praecipuum
829 4793 938 4844 causae
954 4793 1026 4836 snae
1041 4775 1258 4836 firmamentum
1283 4771 1385 4847 ponat,
1409 4781 1502 4846 prae-
