3698 5516
209 335 210 343 .
321 284 387 351 260
868 283 990 351 ΛΜΨ·
1008 282 1133 347 moun

322 455 370 511 est
403 445 515 524 primns
550 443 703 523 perfectus
727 439 761 517 6,
796 461 937 506 numerus
970 441 1195 506 restituentium
1224 437 1245 518 l?
1278 447 1309 502 et
1337 440 1388 516 21;
1421 400 1472 503 est
1499 441 1688 522 quaternarii

322 534 500 614 quadratum
521 529 578 606 16,
610 549 749 593 numems
772 532 998 594 restituentiom
1022 532 1051 593 in
1075 529 1096 594 d
1121 531 1255 605 ultimis3
1287 537 1336 591 est
1355 529 1480 610 quinarii
1504 530 1688 611 quadratum

321 621 372 697 25,
398 640 538 684 uumerus
561 621 721 682 terentium
744 621 775 682 iu
799 617 819 684 5
844 621 958 683 ultimis
970 639 979 695 ;
1015 629 1064 682 est
1087 619 1216 701 deniqne
1239 619 1404 698 septenarii
1426 619 1605 700 quadratum
1629 614 1687 694 49,

322 729 439 772 summa
467 709 611 784 omnium,
647 709 756 771 demtis
790 707 1026 790 etiamtlalippi
1055 708 1258 771 additionibus
1286 707 1317 768 in
1341 705 1414 770 Sole
1437 716 1470 770 et
1491 707 1595 781 Luna,
1629 725 1687 770 nec

321 807 446 880 petente
469 818 563 866 causa
585 799 657 872 nlla,
683 799 737 859 sed
760 817 797 859 ne
822 797 992 876 suspicione
1016 798 1145 878 quidem,
1170 817 1222 858 cur
1237 796 1423 858 Aristoteles
1446 797 1524 860 hanc
1547 796 1687 859 additio-

321 907 389 950 nem
407 887 436 949 in
456 886 528 948 Sole
553 895 585 948 et
603 887 690 948 Luna
713 905 930 966 supervacuam
944 887 1106 966 putaverit,
1130 886 1277 948 sonitem
1300 883 1331 947 io
1346 885 1465 960 ceteris,
1489 893 1525 948 nt
1542 884 1687 947 videatur

323 976 508 1039 Aristoteles
532 976 627 1038 solum
651 993 806 1037 uumemm
825 975 1023 1057 quaesivisse.
1070 975 1137 1038 Nisi
1156 975 1248 1037 toties
1262 973 1448 1036 Aristoteles
1462 974 1686 1056 Pythagoricos

322 1065 506 1144 explosisset
529 1082 677 1139 numeros,
703 1065 865 1140 crederem,
890 1063 973 1126 illum
998 1065 1035 1127 de
1058 1063 1210 1126 industria
1229 1061 1406 1144 conquisitis
1428 1062 1608 1125 ratiunculis
1631 1063 1684 1125 af-

322 1155 435 1216 fectare
466 1153 645 1233 quadratum
672 1150 851 1234 septeuarii,
884 1171 970 1233 quem
998 1153 1130 1216 Deorum
1163 1170 1319 1215 onmemm
1347 1152 1448 1214 forsan
1482 1171 1520 1214 ex
1552 1151 1685 1232 alicujus

321 1241 474 1322 religionis
498 1241 640 1324 mysterio
663 1259 840 1321 persuasum
863 1241 1012 1305 habuerit.
1058 1243 1137 1305 Num
1163 1241 1237 1304 liber
1262 1261 1282 1302 a
1305 1240 1554 1322 superstitionum
1576 1241 1696 1321 auspi--

320 1332 405 1393 oione
429 1329 623 1404 Aristoteles,
649 1349 687 1391 an
711 1330 853 1393 haesita
876 1330 1041 1410 scripserit,
1061 1331 1130 1411 jure
1155 1331 1268 1392 dubito.
1316 1329 1441 1392 Summa
1463 1331 1556 1392 haee:
1581 1330 1681 1392 Prae-

320 1421 434 1481 clarum
463 1419 527 1500 ejus
554 1419 725 1481 institutum
755 1419 825 1494 fuit,
859 1437 913 1499 per
936 1428 1176 1482 astronomorum
1195 1419 1298 1482 oculos
1326 1428 1358 1481 et
1379 1419 1616 1488 ,observationes
1640 1419 1682 1480 ad

321 1509 480 1570 obscuram
504 1525 600 1568 rerum
625 1516 764 1569 naturam
787 1508 987 1570 contendere:
1012 1508 1243 1589 vituperandum
1266 1525 1348 1577 vero,
1373 1508 1452 1589 quod
1466 1507 1682 1570 astronomicis

281 1596 284 1612 '
320 1595 582 1659 observationibus
614 1615 670 1658 sua
701 1597 822 1658 miscuit
859 1595 1019 1660 ratiocinia
1057 1597 1264 1678 philosophica
1304 1603 1369 1659 toto
1403 1615 1513 1677 genere
1545 1597 1679 1659 diversa.

320 1685 399 1756 Quid
429 1687 508 1747 enim
531 1704 686 1747 commune
710 1683 752 1748 31-
776 1685 898 1748 orbibus
923 1683 1042 1766 Calippi
1071 1687 1199 1749 totidem
1228 1693 1362 1748 motuum
1395 1705 1461 1747 cum
1485 1683 1524 1748 21
1552 1685 1681 1748 Aristo-

313 1775 404 1849 telis,
439 1773 488 1854 qui
516 1773 626 1835 novum
654 1775 766 1836 nullum
795 1783 908 1836 motum
936 1773 1095 1848 insemnt?
1137 1774 1180 1836 Et
1209 1774 1309 1836 sicae
1341 1775 1435 1836 habet
1462 1774 1592 1836 celebris
1620 1774 1681 1838 iste

319 1865 402 1925 locus
425 1861 612 1936 Aristotelis,
646 1881 684 1924 ex
707 1863 791 1941 cujus
815 1863 1014 1944 explicatione
1038 1871 1167 1944 apparet
1190 1864 1270 1946 quod
1288 1863 1361 1941 dixi,
1385 1863 1546 1925 eontideuti
1569 1863 1681 1927 Ursum

318 1952 455 2014 oratione
479 1970 564 2014 usom
588 1951 617 2013 in
641 1971 696 2012 sua
719 1953 757 2012 de
780 1952 998 2034 hypothesibus
1022 1953 1162 2029 historia,
1196 1952 1266 2014 darn
1290 1952 1349 2026 ait,
1373 1951 1532 2015 Eudoxum
1556 1959 1589 2014 et
1613 1949 1680 2014 Ga-

317 2040 430 2121 lippum
453 2039 652 2102 concentricis
675 2059 755 2114 usos,
781 2041 859 2120 qnod
882 2042 965 2104 nulla
987 2040 1104 2104 ratione
1128 2061 1166 2102 ex
1181 2049 1267 2104 textu
1289 2041 1436 2103 deducere
1452 2039 1559 2122 potuit.
1595 2043 1679 2104 Fra-

317 2137 474 2191 castoreus
497 2147 569 2190 vero
592 2128 682 2208 hujus
695 2129 741 2190 rei
764 2136 870 2192 aueter
893 2137 1021 2192 estnon
1044 2130 1181 2202 idoneus,
1205 2130 1397 2192 coneeutriea
1419 2149 1486 2192 cum
1509 2130 1679 2210 scripserit,

315 2227 437 2279 veteres
461 2217 499 2278 ad
524 2235 558 2277 se
582 2218 741 2280 traducere
766 2217 878 2280 nititur.
925 2219 972 2280 De
996 2227 1097 2280 cetero
1121 2220 1235 2281 latetur
1257 2218 1333 2298 ipse,
1357 2219 1430 2280 nihil
1453 2219 1491 2280 de
1510 2218 1572 2281 illis
1596 2217 1678 2294 sciri,

315 2305 372 2368 nisi
387 2319 425 2368 ex
439 2305 565 2367 obscuro
581 2306 645 2366 loco
659 2305 850 2369 Aristotelis.
865 2301 906 2381 ¹²)
953 2305 1042 2378 Quod
1060 2326 1130 2370 vero
1145 2308 1199 2383 ait,
1223 2308 1455 2391 Pythagoraeos
1476 2315 1549 2388 post-
1566 2307 1679 2370 Plato-

317 2413 398 2469 nem,
424 2394 556 2476 explosis
579 2393 697 2455 Eudoxi
721 2403 753 2456 et
776 2392 895 2476 Calippi
920 2415 978 2458 uon
1003 2395 1219 2459 sufficientibus
1243 2391 1459 2468 concentrieis,
1489 2396 1678 2459 eccentrieos

316 2483 509 2559 assumsisse,
533 2481 630 2545 tribus
655 2483 824 2545 nominibus
848 2485 1053 2547 temeritatem
1077 2485 1259 2548 narrationis
1283 2504 1357 2547 suae
1385 2485 1496 2566 prodit.
1543 2485 1680 2566 Primum

315 2572 346 2633 id
370 2569 516 2652 Calippus
539 2572 603 2652 ipse
627 2571 702 2633 lecit
722 2572 752 2632 in
771 2571 889 2635 Eudoxi
912 2573 1131 2656 hypothesibus
1154 2574 1351 2654 corrigendis,
1375 2583 1410 2637 ut
1432 2575 1569 2637 delectus
1594 2574 1679 2654 ipsas

317 2669 466 2741 argueret,
491 2660 651 2740 orbemque
676 2680 774 2730 unum,
799 2661 849 2741 qui
872 2663 1004 2725 maxima
1023 2663 1283 2726 verisimilitudine
1307 2663 1565 2731 eccentrieitatem
1589 2663 1679 2724 iure-

315 2749 397 2811 xisse
421 2749 636 2829 credipotest,
662 2751 807 2824 adderet;
842 2768 899 2812 nou
925 2751 981 2814 fuit
1004 2752 1097 2832 igitur
1119 2770 1259 2826 necesse,
1292 2760 1326 2814 ut
1347 2754 1404 2815 hoe
1429 2751 1549 2832 Calippi
1573 2771 1681 2815 corre·

316 2837 408 2900 ctioni
432 2838 584 2901 accideret
611 2847 682 2918 post
704 2839 878 2913 Platonem,
913 2840 971 2902 uisi
1000 2840 1078 2902 forte
1108 2841 1138 2903 in
1163 2836 1184 2920 b
1209 2849 1241 2902 et
1262 2840 1307 2916 21,
1342 2859 1466 2923 qnorum
1493 2849 1595 2903 motus
1618 2859 1680 2902 non

315 2927 391 2989 bene
419 2928 485 3008 ipse
513 2927 735 3008 exploraverat.
783 2927 901 2990 Deinde
930 2930 999 2992 dum
1021 2929 1180 2991 Eudoxum
1204 2949 1223 2991 a
1244 2929 1466 3012 Pythagoraeis
1495 2930 1541 2992 ait
1568 2931 1680 3011 explo-

316 3036 390 3092 sum,
416 3035 475 3078 non
498 3016 543 3078 ita
566 3016 641 3079 bene
666 3035 752 3078 suam
775 3017 944 3079 orationem
959 3017 1153 3080 historiarum
1166 3017 1293 3081 notitiae
1313 3027 1506 3100 attemperat,
1529 3018 1576 3082 nti
1597 3019 1681 3082 illius

317 3113 421 3166 tenore
444 3106 522 3168 hauc
541 3105 652 3186 jactat.
698 3105 843 3168 Eudoxus
866 3105 946 3168 enim
970 3107 1089 3187 etipse
1114 3107 1172 3170 fuit
1194 3127 1269 3169 unns
1292 3108 1430 3171 desecta
1444 3109 1680 3192 Bythagoreeo-

315 3212 390 3268 rum,
414 3195 563 3255 referente
587 3193 721 3256 Laertio.
767 3198 813 3257 At
836 3195 902 3276 quis
926 3196 1001 3258 haee
1025 3215 1062 3258 ex
1076 3195 1148 3259 Ursi
1167 3196 1304 3259 oratione
1326 3197 1503 3278 colligeret?
1538 3197 1681 3278 Denique

317 3282 405 3345 velim
429 3282 542 3344 abillo
567 3282 693 3354 discere,
717 3302 793 3364 quos
817 3284 952 3364 appellet
965 3285 1218 3368 pythagoraeos?
1258 3284 1293 3348 Si
1317 3305 1518 3368 quoscunque,
1543 3286 1595 3367 qui
1619 3285 1680 3348 ali-

317 3371 395 3451 quod
428 3369 619 3451 Pythagorae
653 3373 826 3451 dogmatum
858 3373 1092 3453 amplectuutur,
1126 3373 1355 3456 Pythagoraeos
1384 3375 1490 3449 habet,
1519 3374 1587 3455 jam
1618 3393 1679 3437 noo

190 3509 195 3514 .
317 3459 448 3539 loquitur
481 3460 519 3521 ad
548 3460 793 3523 consuetudinem
821 3461 983 3536 historiae,
1013 3463 1098 3543 cujus
1122 3463 1323 3544 cognitionem
1351 3463 1408 3526 sibi
1437 3472 1573 3544 arrogat.
1621 3462 1679 3526 Sin

317 3566 369 3610 eos
385 3539 461 3610 ‘cum
483 3547 637 3611 historicis
659 3549 889 3630 Pythagoraeos
913 3551 1001 3626 dicit,
1024 3552 1074 3633 qui
1098 3558 1202 3614 sectae
1226 3552 1294 3614 huie
1318 3552 1446 3626 addicti,
1473 3553 1590 3633 placita
1613 3553 1681 3635 ejus

317 3635 587 3716 disputationibus,
612 3637 753 3700 instituto
772 3639 869 3714 vitae,
893 3640 1025 3702 moribus
1049 3641 1111 3702 suis
1135 3639 1318 3721 exprimunt,
1350 3642 1457 3704 audiat
1479 3661 1517 3703 ex
1539 3641 1678 3727 Latinio,

317 3735 432 3787 sectam
455 3727 538 3788 illam
563 3727 592 3787 in
617 3725 778 3805 Epicurum
802 3727 939 3790 desiisse.
986 3728 1085 3792 Natus
1105 3737 1207 3792 antem
1231 3739 1280 3792 est
1297 3730 1446 3810 Epicurus
1465 3731 1532 3811 jam
1556 3731 1677 3794 demum

318 3814 535 3875 inclarescente
560 3815 744 3890 Aristotele,
777 3817 825 3898 qni
856 3818 961 3879 eodem
990 3819 1052 3879 fere
1081 3827 1216 3898 tempore
1240 3819 1399 3883 Platonem
1427 3819 1589 3882 audiverat
1620 3837 1679 3900 que

314 3901 468 3964 Eudoxus.
514 3901 595 3964 Ecce
620 3911 721 3965 autem
739 3905 857 3968 Eudoxi
881 3907 994 3986 placita
1017 3907 1106 3986 longo
1130 3915 1201 3986 post
1222 3916 1367 3987 tempore,
1388 3909 1455 3989 jam
1478 3908 1584 3972 adulto
1599 3907 1677 3989 Epi-

313 4010 394 4062 curo,
418 3991 603 4054 Aristoteles
628 3993 747 4056 celeber
769 3994 966 4074 philosophus
995 3996 1163 4076 usurpabat
1191 3996 1278 4076 inque
1302 3997 1395 4060 libros
1422 4015 1494 4060 suos
1516 3998 1555 4059 de
1581 3995 1678 4062 Coelo

315 4089 346 4140 et
369 4081 581 4162 Metephysiea
604 4083 767 4145 referebat.
813 4083 961 4164 Epicurus
984 4103 1066 4162 vero,
1090 4085 1369 4168 Pythagoraeomm
1391 4086 1524 4162 ultimos,
1550 4086 1622 4167 qnid
1647 4087 1677 4148 in

314 4171 498 4231 astronomia
522 4171 686 4250 scripserit,
712 4171 761 4252 qui
784 4173 925 4234 muudum
949 4191 986 4235 ex
1009 4173 1118 4236 atomis
1133 4174 1367 4238 constituebat?
1412 4175 1521 4255 ltaque
1545 4175 1678 4238 ethaeo

314 4258 449 4320 narratio
473 4259 612 4324 vanescit
634 4261 732 4322 instar
756 4261 838 4324 fumi.
859 4291 900 4304 ·-
934 4260 997 4324 Sed
1019 4262 1250 4343 Hipparchus
1275 4265 1352 4326 forte
1375 4281 1431 4345 pro
1455 4263 1577 4344 Calippi
1602 4283 1676 4327 con-

313 4347 452 4409 centricis
477 4349 661 4430 eccentricos
687 4351 851 4412 resumsit?
897 4349 944 4411 De
971 4348 1091 4432 Calippi
1115 4352 1312 4414 eonceutrieis
1345 4353 1479 4415 fabulam
1503 4370 1597 4434 supra
1620 4373 1675 4416 ex-

311 4437 421 4516 pedivi.
468 4437 634 4516 Hipparchi
650 4457 722 4501 vero
746 4457 891 4519 quosnam
911 4441 1096 4502 eccentricos
1120 4443 1346 4522 (praeterquam
1370 4440 1399 4503 in
1415 4440 1676 4505 demonstratione

312 4526 439 4606 apogaei
463 4526 549 4587 unius
565 4525 656 4601 Solis,
682 4527 947 4590 demonstrationis
972 4529 1120 4592 facilitate
1144 4531 1267 4592 schema
1286 4531 1487 4594 eccentrieom
1510 4531 1675 4604 suadente)

309 4613 503 4677 Ptolemaeus
529 4614 642 4684 innuat,
667 4615 805 4678 nesciunt
828 4617 893 4695 ejus
917 4618 1064 4693 lectores;
1088 4625 1121 4680 et
1140 4617 1330 4682 Cardenus
1354 4620 1407 4695 (de
1421 4618 1536 4683 Rerum
1558 4619 1675 4682 Varie-

308 4712 373 4765 tate
389 4705 429 4766 11.
449 4702 505 4777 il)
529 4703 619 4764 fidem
636 4703 726 4782 hujus
751 4706 993 4769 assertionis'ad
1008 4717 1163 4771 auctorem
1179 4709 1412 4770 lreeastoreum
1428 4709 1571 4772 remittit.
1609 4709 1674 4772 Hoc

309 4793 410 4874 potius
435 4792 515 4873 apud
538 4791 618 4854 Ptol.
643 4791 766 4874 Almag.
792 4795 843 4858 lib.
867 4793 924 4858 IX.
949 4813 1016 4878 cap.
1042 4795 1074 4860 2.
1099 4795 1499 4880 inveniunt,flipparehum
1522 4798 1676 4863 erroribus
