3698 5516
768 233 970 295 narranaam.
1343 299 1345 304 Ι
1479 239 1546 336 343

155 373 190 441 m
212 387 432 448 &uouemus
459 387 622 453 Eudoxum
644 397 675 452 et
699 388 859 471 Calippnm
882 410 937 454 nos
962 392 1124 478 ablegavit,
1149 402 1181 458 et
1204 391 1340 479 quamvis
1362 398 1393 460 in
1418 399 1545 482 quibas·
1580 477 1586 486 ³

160 464 236 568 dam·
249 467 497 544 dissentientes
521 477 646 552 videret,
675 487 818 558 utrosque
842 479 936 542 voluit
958 480 997 542 cb
1020 481 1186 550 adhibitam
1205 485 1391 566 diligentiam
1415 495 1447 548 et
1461 505 1545 554 com-

164 566 351 620 municatam
377 573 527 629 motuum
551 565 718 630 doctrinam
741 568 928 630 venerandos
953 576 985 630 et
1007 571 1162 646 amandos,
1186 572 1366 658 audiendum
1389 594 1471 650 vero,
1495 577 1545 660 qui

171 665 255 726 quam
277 649 465 714 rectissime
491 673 554 715 rem
578 655 744 734 expediret.
791 656 892 718 Aliter
916 675 987 738 ergo
1017 655 1113 720 sensit
1135 659 1320 724 Aristoteles
1349 663 1544 730 devotarum

176 737 288 801 illorum
311 747 564 812 astronomorum
588 743 709 824 (quibus
734 744 783 824 qui
807 744 903 806 secuti
927 755 999 809 sunt
1024 765 1082 808 non
1106 747 1301 831 ignobiliores
1331 749 1429 826 ruere)
1446 746 1541 815 'labo-

177 827 255 888 ribus
279 835 311 888 et
334 829 589 906 praeclarissimo
610 833 781 912 proposito,
807 851 897 912 quam
920 833 1027 902 Ursus,

263 912 385 986 Quarto
410 919 535 980 videtur
557 928 734 999 argumento
757 938 889 1004 pugnare
913 939 967 1001 pro
987 942 1042 985 sua
1056 923 1221 996 sententia,
1246 944 1303 986 non
1324 944 1391 988 esse
1407 939 1540 1000 necesse,

179 1014 213 1066 ιι
234 1023 325 1066 ιιιιι
351 1005 416 1067 sint
440 1009 663 1072 astronomicae
687 1010 887 1090 hypotheses;
916 1029 986 1081 narn
1010 1011 1201 1085 crassissima
1230 1011 1261 1077 in
1285 1013 1421 1076 omnibus
1445 1012 1541 1080 adhuc

179 1093 400 1175 hypothesibus
424 1096 560 1158 absurda
582 1097 723 1160 residere.
772 1098 886 1160 Verum
913 1099 959 1172 id,
996 1099 1074 1182 quod
1098 1107 1145 1167 est
1172 1101 1323 1182 ignotum,
1356 1097 1467 1184 probat
1487 1123 1542 1186 per

177 1183 260 1246 aliud
285 1181 375 1262 longe
401 1183 556 1248 incertius.
604 1186 716 1248 Verum
740 1186 859 1266 quidem
883 1193 939 1262 cst,
965 1186 991 1248 si
1015 1188 1176 1251 absurdum
1199 1197 1231 1252 et
1246 1189 1356 1263 falsum
1379 1191 1411 1269 id
1425 1193 1541 1259 censeri

177 1269 289 1344 debet,
315 1272 396 1350 quod
419 1273 471 1334 ιιι
489 1273 577 1336 alicui
600 1275 751 1338 hominum
774 1273 874 1357 coetui
898 1275 959 1347 tale
984 1275 1115 1351 videtur,
1141 1277 1214 1340 nihil
1237 1277 1295 1340 erit
1318 1277 1349 1340 in
1372 1286 1440 1364 tots
1461 1281 1541 1362 phy-

176 1359 320 1438 siulogia,
346 1361 426 1440 qnod
450 1381 508 1423 non
533 1381 585 1442 pro
608 1363 797 1426 crassissimo
821 1363 950 1424 absurdo
975 1363 1080 1428 haberi
1104 1364 1203 1428 debet.
1251 1365 1364 1429 Variae
1388 1377 1459 1430 sunt
1482 1369 1540 1436 ho·

175 1448 292 1508 minum
322 1450 509 1526 sententiae,
544 1451 617 1515 varii
646 1460 753 1532 captus
784 1451 979 1530 ingeniorum.
1031 1452 1100 1514 Non
1130 1451 1259 1515 credidit
1282 1455 1443 1518 absurdum
1472 1476 1540 1520 esse

178 1533 379 1614 Copernicus,
405 1545 439 1598 ιι
462 1538 558 1600 Terra
580 1549 747 1614 moveatur,
769 1540 895 1602 lixarum
918 1548 1006 1604 tanta
1029 1541 1070 1604 sit
1092 1539 1290 1604 immensitas.
1336 1543 1406 1606 Non
1431 1545 1540 1609 existi-

175 1633 246 1688 mat
270 1625 433 1688 absurdum
457 1627 569 1706 Tycho,
593 1637 627 1690 nt
649 1629 789 1709 planetae
813 1626 916 1690 Solem
939 1628 1081 1692 mobilem
1108 1647 1162 1703 peu
1185 1637 1321 1693 centrum
1344 1651 1439 1710 suum,
1464 1652 1540 1716 quo·

174 1733 299 1794 cunque
323 1714 355 1774 id
378 1715 502 1796 secedit,
536 1726 699 1798 sequentur
723 1736 778 1785 uec
801 1725 902 1780 tamen
926 1736 998 1787 suos
1022 1726 1120 1782 motus
1150 1719 1301 1784 deserant.
1348 1717 1419 1789 Qua
1446 1721 1483 1784 ds
1507 1741 1539 1786 re

175 1803 250 1867 vide
276 1803 512 1882 disputationem
535 1805 720 1886 Rothmauni
743 1824 809 1868 curn
831 1805 972 1885 Tychone
996 1805 1025 1868 in
1049 1805 1187 1884 epistolis
1211 1807 1431 1870 astronomicis.
1470 1809 1539 1874 Non

174 1901 232 1952 est
265 1892 399 1954 absurda
426 1893 619 1964 Ptolemaicis
651 1893 883 1958 inaestimabilis
918 1893 970 1965 illa
988 1893 1098 1968 ¹ultimi
1131 1893 1208 1956 coeli
1234 1895 1410 1978 pernicitas.
1462 1895 1541 1961 Sunt

174 1981 257 2044 haec
292 1986 326 2040 ut
359 2001 378 2042 a
410 1981 548 2044 sensibus
579 1983 624 2044 ita
653 1989 685 2043 ιι
714 2002 733 2042 a
760 1989 852 2061 captu
882 1981 1067 2064 ingeniorum
1099 1990 1269 2045 nostrorum
1297 1983 1472 2061 remotiora,
1508 1993 1540 2053 et

176 2069 277 2130 variis
308 2068 502 2148 disputantur
530 2071 725 2152 argumentis.
772 2071 873 2152 Atque
903 2071 977 2132 haee
1005 2071 1059 2135 illa
1086 2079 1155 2132 suut
1183 2070 1373 2135 crassissima
1395 2071 1537 2148 absurda,

174 2179 258 2240 quae
285 2158 404 2238 quidem
428 2157 515 2220 simul
538 2179 609 2220 vera
632 2178 700 2222 esse
724 2168 889 2240 nequeunt,
920 2177 977 2240 quo
1001 2159 1050 2233 lit,
1081 2169 1114 2220 ut
1137 2178 1231 2238 neque
1260 2161 1328 2241 plus
1357 2179 1416 2222 una
1438 2162 1536 2244 hypo-

173 2247 313 2310 thesium
338 2247 435 2307 lurma
458 2266 621 2309 versasse
644 2247 752 2328 possit.
800 2245 882 2318 Quid
904 2256 1006 2313 autem
1034 2266 1071 2308 ex
1094 2247 1141 2310 bis
1163 2265 1266 2320 verum
1289 2249 1344 2324 sit,
1377 2247 1449 2330 quid
1476 2251 1538 2313 fal-

173 2355 256 2410 sum,
283 2353 377 2415 penes
400 2354 470 2398 vere
495 2336 704 2416 philosophum
726 2343 775 2396 est
797 2335 967 2407 decernere.
1015 2333 1139 2399 Certum
1163 2343 1263 2406 tamen
1283 2344 1341 2410 est,
1365 2356 1424 2398 uon
1438 2339 1539 2400 omnia

173 2444 259 2498 esse,
286 2433 320 2484 ut
344 2423 422 2485 Urso
445 2423 593 2500 videntur,
619 2442 721 2486 crasse
746 2423 886 2493 absurda.
933 2422 1010 2510 Mihi
1034 2443 1107 2494 sune
1131 2423 1206 2486 nihil
1229 2425 1339 2488 falsum
1354 2422 1539 2506 Cuperuicus

174 2513 297 2576 dixisse
322 2511 457 2574 videtur:
484 2514 618 2593 quodque
642 2512 716 2575 meis
739 2529 792 2591 pro
818 2509 983 2590 Cupernico
1007 2511 1102 2574 defuit
1126 2513 1323 2592 argumentis,
1349 2513 1379 2574 id
1403 2513 1537 2576 admira-

175 2602 233 2664 bili
258 2601 387 2662 solertia
410 2601 641 2681 experiundique
660 2600 808 2662 industria
826 2601 984 2680 supplesse
1000 2601 1119 2665 videtur
1135 2598 1341 2665 Gilbertus
1362 2599 1537 2668 Guiliel·

175 2710 257 2754 runs
282 2689 426 2768 Anglus
450 2690 480 2750 in
501 2709 533 2751 re
557 2689 738 2768 magnetica.

270 2775 386 2850 Quinto
411 2780 553 2858 desperat
575 2797 664 2839 veras
688 2776 871 2860 hypotheses
899 2774 928 2838 in
952 2774 1154 2847 astronomia,
1186 2774 1422 2856 Pyrrhoniorum
1454 2797 1538 2860 mors

174 2869 281 2930 omnia
304 2869 421 2928 incerta
445 2866 568 2928 iaciens.
613 2865 693 2927 Esse
716 2866 862 2947 quosdam
885 2863 981 2928 adhuc
1009 2882 1122 2927 naevos
1153 2863 1245 2926 etiam
1273 2863 1437 2944 inoptime
1460 2883 1535 2928 con-

172 2957 289 3018 stituta
313 2955 500 3018 astronomia
522 2963 739 3035 proptereaque
765 2953 848 3014 etin
872 2951 1099 3033 hypothesibus,
1125 2969 1212 3014 nemo
1237 2961 1343 3038 negat:
1378 2960 1410 3016 et
1432 2953 1534 3029 idest,

172 3065 229 3110 cur
262 3044 426 3106 hodiedum
462 3043 491 3106 ιι
521 3041 712 3106 restitutione
740 3049 899 3120 tantopere
930 3041 1093 3104 laboretur.
1146 3037 1290 3105 Ceterum
1317 3039 1433 3104 incerta
1462 3059 1535 3122 pro·

171 3143 285 3214 pterea
309 3133 411 3196 omnia
434 3149 470 3194 ne
495 3133 560 3211 quis
583 3131 675 3194 dicat.
714 3131 834 3192 Invenit
857 3129 1058 3191 astronomiae
1078 3146 1170 3210 opera
1183 3127 1385 3203 Ptolemaeus,
1409 3129 1535 3194 lixarum

173 3224 342 3302 sphaeram
366 3240 434 3282 esse
457 3219 653 3294 altissimam,
678 3219 762 3299 sequi
781 3217 883 3280 ordine
907 3215 1083 3293 Saturnum,
1107 3217 1234 3292 Jovem,
1258 3217 1408 3295 Martem,
1432 3215 1537 3282 Solem

171 3313 222 3374 his
246 3311 433 3382 inferiorem,
456 3309 574 3372 Lunam
598 3307 739 3369 infimam.
786 3307 870 3368 Haec
894 3315 977 3366 certe
1000 3323 1073 3366 vera
1096 3313 1167 3368 sunt
1189 3313 1221 3368 et
1240 3306 1351 3368 formae
1367 3307 1535 3369 mundanae

173 3418 322 3463 consona.
369 3398 454 3460 Idem
483 3415 642 3472 assensum
666 3403 698 3458 et
721 3396 898 3457 descensum
920 3393 1025 3458 Lunae
1054 3393 1142 3459 nimis
1170 3413 1312 3479 maguum
1343 3412 1534 3476 praesuppo-

171 3489 245 3552 suit.
292 3485 344 3548 Ex
367 3487 425 3548 hac
438 3484 597 3566 hypothesi
620 3485 739 3552 falsum,
752 3491 784 3544 et
807 3482 845 3544 ab
859 3481 1015 3562 apparenti
1031 3479 1136 3546 Lunae
1155 3483 1360 3562 magnitudine
1382 3483 1534 3548 dissidens

173 3577 244 3657 quid
267 3575 357 3656 sequi
381 3573 638 3654 Regiomontanus
662 3580 694 3634 et
718 3571 901 3651 Cupernicns
925 3571 1195 3651 deprehenderunt.
1241 3571 1390 3633 Dixerunt
1417 3571 1529 3652 itaque,

171 3665 291 3728 Lunam
316 3683 377 3728 non
401 3670 504 3724 tantos
528 3662 628 3732 lacere
652 3662 750 3726 saltus
780 3660 809 3722 iu
833 3660 928 3722 altum
951 3667 984 3720 ct
1010 3660 1197 3739 profundum.
1244 3659 1285 3721 Et
1313 3659 1379 3739 quis
1403 3659 1532 3731 dubitat,

173 3756 241 3833 quin
266 3755 326 3818 hoc
350 3739 524 3816 reserabis
548 3751 578 3812 in
601 3750 685 3833 coelo
708 3769 741 3812 se
771 3747 907 3810 habeat?
952 3747 998 3808 De
1026 3747 1217 3829 proportione
1237 3747 1362 3822 Terrae,
1396 3746 1477 3810 Solis
1501 3756 1533 3810 ιι

171 3843 275 3906 Lunae
299 3841 333 3906 ds
354 3843 474 3914 πλατιι,
506 3838 571 3918 quis
595 3857 707 3918 quaeso
731 3839 852 3918 estqui
876 3835 1007 3910 dubitet,
1032 3835 1091 3898 nisi
1114 3834 1345 3918 melancholicus
1369 3835 1476 3917 aliquis
1500 3847 1533 3900 et

173 3929 443 4012 desperabuudus?
491 3929 540 3990 lta
561 3927 649 3990 hodie
673 3945 760 3988 nemo
784 3944 871 4007 porro
896 3933 945 3987 est
972 3924 1022 4004 qui
1047 3923 1177 3998 dubitet,
1212 3924 1296 4005 quin,
1327 3923 1406 4007 quod
1429 3933 1478 3990 est
1500 3925 1532 3988 ιι

173 4020 322 4102 Tychonis
352 4027 386 4080 ιι
415 4014 576 4096 Coparniui
602 4015 820 4096 hypothesibus
852 4031 1022 4087 commune,
1055 4011 1108 4074 Sol
1138 4029 1243 4090 nempe
1273 4019 1408 4074 centrum
1433 4021 1533 4079 mutus

173 4107 190 4171 5
212 4111 423 4189 planetarum,
447 4105 479 4166 id
502 4123 607 4182 revera
629 4104 673 4166 siu
697 4123 729 4164 se
754 4102 867 4164 habeat
888 4101 919 4163 in
942 4101 1008 4180 ipso
1032 4101 1131 4176 coelo,
1166 4101 1223 4161 etsi
1246 4099 1365 4162 interim
1388 4101 1425 4162 de
1447 4109 1532 4165 motu

172 4199 215 4261 vel
232 4201 334 4280 quiete
362 4194 450 4258 Solis
474 4193 543 4256 hinc
565 4193 634 4254 inde
657 4192 820 4254 dubitetur.
868 4189 955 4254 Talia
969 4188 1064 4251 multa
1079 4195 1150 4250 sunt
1167 4187 1310 4250 beneficio
1329 4190 1532 4254 astronomiae

170 4287 309 4352 melenus
338 4287 372 4350 in
407 4282 539 4364 physica
565 4279 693 4344 scientia
715 4279 896 4355 constituta,
928 4297 1004 4359 quae
1033 4277 1123 4340 fidem
1144 4277 1175 4338 iu
1202 4284 1357 4355 posterum
1380 4288 1533 4342 merentur

160 4373 193 4441 ‘et
213 4399 322 4442 revera
348 4375 399 4436 sic
425 4389 463 4432 se
486 4369 607 4446 habent,
632 4379 666 4432 ut
688 4370 760 4432 Ursi
784 4368 955 4448 desperatio
980 4367 1044 4430 sine
1068 4385 1160 4428 causa
1184 4365 1234 4426 sit.

241 4469 346 4534 Sesto
371 4459 532 4544 plurimas
554 4459 598 4520 ait
620 4458 829 4542 hypothesium
849 4456 961 4522 formas
985 4454 1113 4536 conlingi
1140 4471 1240 4533 posse.
1286 4452 1373 4516 Adeo
1397 4452 1462 4516 leve
1486 4451 1531 4517 illi

153 4563 305 4646 negotium
335 4561 394 4618 est
429 4545 640 4628 hypotheseon
669 4545 856 4647 constitutio.
901 4547 947 4606 At
976 4563 1013 4606 ea
1039 4543 1129 4622 plena
1157 4539 1268 4606 laboris
1289 4548 1349 4644 ‘est
1378 4550 1409 4603 ιι
1440 4555 1530 4642 ouras

145 4672 296 4732 summae,
338 4639 435 4724 qnod
464 4636 571 4696 testari
592 4644 749 4715 poterunt,
775 4654 825 4715 qur
848 4651 915 4695 eam
940 4633 1146 4711 degustarunt.
1175 4629 1379 4731 11ᾗιιιιιιιιιιιι
1410 4628 1529 4709 quidem

138 4747 229 4816 haber
254 4745 343 4806 haec
372 4722 546 4798 sententia
567 4725 740 4789 nonnullum
763 4725 791 4785 in
817 4741 862 4792 eo,
887 4721 964 4802 quod
980 4721 1075 4784 Ursus
1095 4738 1211 4787 nonnisi
1234 4719 1356 4874 fipppras
1380 4735 1447 4776 esse
1464 4716 1531 4781 vult
