3674 5528
313 266 378 336 352
742 267 843 318 litem
860 267 963 332 chlerl
984 271 1136 334 aliorumque
1154 276 1255 320 nataae

315 427 403 502 aliis,
428 425 498 506 quia
520 425 593 489 nihil
618 427 717 500 video,
741 425 801 488 uisi
824 426 962 506 utrinque
986 427 1251 509 configurationem
1272 427 1353 491 Solis
1377 437 1409 490 et
1431 427 1570 492 Saturni.
1615 427 1676 492 Ge·
1779 435 1785 458 '

318 525 385 577 tera
408 515 581 594 diligentius
605 535 663 577 nou
687 515 867 576 examinavi.
913 515 982 578 Non
1006 515 1110 578 dubito
1134 523 1246 591 tamem
1271 517 1341 595 quin
1364 535 1431 578 cnm
1456 525 1556 580 matre
1580 519 1678 598 major

314 605 356 667 sit
378 603 528 684 coguatio.

384 707 555 756 Fabricius
571 693 610 769 id.
631 703 674 754 20.
693 701 780 767 rusb:
798 705 921 756 Prioribus
934 708 1057 770 quaedam
1070 707 1143 767 addo,
1163 709 1224 759 data
1242 707 1373 759 commoda
1391 711 1531 760 occasione

388 776 414 836 1)
434 777 617 840 Acrouychiam
635 775 651 839 b
670 777 867 826 observationem
886 779 957 826 aunis
977 775 1117 827 1080-03
1136 780 1195 829 mibi
1216 793 1308 844 quasso
1327 782 1503 834 communices.

385 845 414 909 2)
434 847 581 908 Quaeritur,
604 863 665 896 num
683 849 708 897 in
727 847 858 912 geuesibus
878 848 954 897 etiam
973 849 1005 899 ad
1023 849 1182 900 latitudinem
1199 850 1357 914 planetarum
1374 851 1557 914 respiciendum
1575 849 1628 900 siti

388 916 416 980 3)
436 919 586 984 Astrologici
610 918 714 968 effectus
738 918 864 981 eclipsim
893 918 960 968 dubii
987 927 1052 970 suut.
1090 920 1245 972 Ptolemaios
1272 923 1336 971 ratio
1355 922 1537 972 detnrmiuaudl
1565 927 1681 985 tampma

314 990 441 1056 eclipsium
458 990 558 1040 veritati
576 1004 627 1040 nou
646 989 766 1054 congruit.
804 989 856 1054 Ego
883 996 950 1053 puto,
972 988 1072 1056 Solatur
1091 990 1195 1054 eclipses
1214 993 1355 1049 siccitates.
1382 991 1495 1042 Lunares
1514 992 1682 1043 humiditatca

315 1061 466 1128 generaliter
484 1060 608 1112 inducero.
646 1059 780 1110 Plurimum
800 1073 847 1126 ego
865 1061 981 1124 temporis
1000 1061 1038 1111 bis
1056 1062 1129 1111 rebus
1148 1077 1274 1125 consumo,
1292 1062 1337 1112 scd
1355 1078 1441 1128 parum
1459 1064 1571 1127 proficio.

390 1129 419 1193 1)
439 1131 516 1182 chti
534 1131 638 1181 multum
656 1136 760 1194 possunt
778 1131 803 1178 iu
823 1134 881 1179 atre
900 1131 1060 1195 disponendo.
1099 1132 1207 1194 Quaero,
1227 1147 1261 1183 aa
1279 1140 1407 1183 ventorum
1428 1141 1535 1184 motores
1555 1135 1620 1186 certi
1632 1135 1683 1184 aiut

322 1210 348 1254 et
365 1202 475 1268 praedici
494 1201 607 1265 possim?
644 1199 672 1250 Si
691 1215 706 1250 a
724 1200 831 1264 planetis
849 1202 916 1250 renti
936 1203 1085 1260 excitentur.
1105 1217 1148 1253 cur
1170 1205 1195 1253 in
1214 1205 1303 1254 eadem
1321 1204 1510 1255 comtellatioue
1533 1205 1638 1256 disemis
1654 1206 1682 1255 in

318 1275 379 1325 locis
399 1273 488 1323 diversi
506 1273 578 1334 dant,
597 1287 648 1322 uon
665 1285 730 1321 unua
749 1279 775 1320 et
792 1271 875 1322 idem?
912 1271 1027 1333 Quaeso,
1045 1279 1074 1324 ut
1093 1275 1174 1324 causis
1193 1276 1348 1339 tempestatis
1366 1275 1460 1341 aliquid
1478 1289 1570 1340 operae
1587 1289 1682 1340 ponem

315 1345 389 1402 rolin
408 1358 467 1394 uam
485 1349 540 1392 tota
557 1342 735 1408 meteorologia
754 1342 903 1406 astrologice
921 1343 953 1392 ab
972 1345 1001 1392 iia
1020 1343 1151 1408 dependet

392 1412 421 1477 5)
442 1414 550 1464 Causam
579 1413 641 1463 lenis
659 1412 747 1462 hiemis
767 1409 860 1474 (1005)
879 1419 938 1476 puto
959 1407 989 1481 (s
1001 1414 1023 1476 1)
1042 1420 1069 1466 ct
1086 1415 1111 1478 ᾗ.
1149 1415 1225 1466 hem
1242 1415 1268 1465 la
1289 1415 1366 1466 baec:
1394 1417 1467 1467 Anno
1490 1413 1532 1466 15.
1559 1421 1683 1482 aequante

317 1486 500 1548 conjunctione,
517 1485 564 1534 iuit
582 1482 665 1534 calida
684 1489 782 1540 sestam
802 1497 868 1532 anuo
887 1482 929 1533 01.
949 1493 1068 1549 sequente
1082 1478 1113 1552 ό
1125 1486 1149 1548 1)
1168 1493 1194 1536 st
1213 1431 1252 1548 ἆ,
1272 1487 1319 1536 luit
1336 1487 1412 1553 tigna
1426 1489 1592 1545 immensum
1614 1501 1682 1538 anuo

320 1553 363 1606 st.
383 1555 466 1607 calida
484 1561 567 1606 aestas
585 1561 612 1606 et
628 1554 736 1604 maxims
753 1554 880 1604 lenissima
897 1555 975 1606 hicme
994 1557 1019 1605 in
1038 1570 1131 1606 anunm
1149 1553 1192 1605 tt.
1213 1554 1261 1607 dcc.

395 1621 423 1688 0)
444 1626 552 1688 Quaero,
582 1639 615 1675 au
633 1623 707 1675 Luua
722 1627 795 1688 iuxta
813 1625 949 1690 simplicem
967 1627 1145 1692 longitudinem
1174 1627 1213 1678 rel
1239 1643 1296 1678 cum
1315 1627 1437 1692 parallaxi
1454 1629 1487 1678 sit
1504 1629 1638 1694 dirigenda
1655 1629 1681 1678 iu

317 1695 420 1764 garmi?
457 1697 542 1760 'lecho
560 1696 612 1746 vult
630 1710 686 1745 cum
704 1696 833 1758 parallsxi,
851 1698 911 1760 qnia
928 1697 972 1747 illa
989 1699 1089 1763 respicit
1106 1699 1132 1748 iu
1151 1698 1262 1754 Terram,
1280 1699 1306 1748 iu
1324 1713 1374 1765 qus
1391 1700 1502 1750 numus.

388 1765 417 1830 7)
437 1767 551 1818 Andreas
570 1767 736 1826 wilmarius,
761 1773 841 1817 rector
858 1768 1012 1828 Brcmcusis,
1039 1770 1221 1818 restitutionem
1247 1771 1432 1820 exactissimam
1455 1776 1536 1820 motus
1564 1768 1629 1820 Solis
1655 1777 1682 1820 at

320 1845 426 1890 octavae
445 1837 567 1903 sphaerae
586 1837 685 1886 molitur
702 1837 807 1887 mirabili
826 1839 980 1902 compendio,
999 1840 1094 1890 duobus
1106 1839 1278 1898 voluminibus,
1296 1854 1361 1904 quae
1374 1841 1524 1892 coumabuut
1538 1838 1609 1890 1000
1622 1841 1681 1891 dra·

321 1912 377 1962 lerir
396 1907 422 1960 et
439 1910 513 1960 ultra.
550 1907 732 1972 (chlnrus
750 1910 776 1958 in
794 1911 920 1976 margine:
942 1908 1033 1968 „lliror
1048 1917 1143 1960 sumtus
1160 1911 1366 1977 magnitudinem.
1405 1913 1432 1964 Si
1450 1911 1528 1962 habat
1546 1911 1593 1961 illa
1610 1913 1682 1962 natio

319 1982 384 2032 tates
402 1981 575 2036 Maecenates,
593 1980 634 2044 qui
653 1980 678 2028 iu
696 1979 748 2028 tale
767 1993 827 2042 opns
847 1977 917 2028 1000
935 1979 1043 2031 thaleros
1062 1981 1219 2045 expendunt,
1239 1985 1310 2046 cupio
1329 1989 1356 2033 et
1372 1983 1425 2047 ipse
1444 1983 1534 2034 talibus
1554 1995 1682 2034 commcn-

317 2052 396 2103 dari.“
434 2051 463 2100 lu
481 2052 558 2102 literis
577 2057 661 2102 sutem
680 2049 705 2100 d.
725 2047 766 2098 12.
786 2051 877 2114 Apn'lia
894 2051 1209 2103 succenturiatum:
1237 2053 1386 2104 widmarlus
1404 2055 1535 2118 promittit,
1557 2069 1588 2104 cx
1606 2056 1685 2104 unica

318 2123 513 2176 ccccutricitatir
534 2121 626 2174 Solaris
650 2120 777 2170 anomalia
792 2128 887 2172 motum
905 2121 977 2172 VIlI.
996 2121 1128 2186 sphaerae,
1147 2123 1318 2188 obliquitatem
1337 2124 1446 2178 zodiaci.
1474 2125 1557 2175 locum
1577 2128 1686 2192 apogaei

320 2194 385 2244 Solis
404 2199 430 2243 et
448 2195 502 2255 eius
519 2198 613 2242 unctum
630 2191 767 2241 incredibili
785 2192 916 2244 harmonia
934 2201 1081 2245 monstrare.
1120 2193 1197 2258 cupio
1216 2194 1288 2252 scire,
1313 2209 1345 2246 an
1363 2195 1412 2246 boc
1430 2196 1482 2246 ficri
1498 2195 1594 2260 possiti
1626 2195 1684 2248 De·

318 2264 492 2322 rtituitnr,
510 2271 540 2312 ut
557 2261 640 2320 audio,
659 2259 836 2324 sumtibus.)

291 2393 295 2400 .
391 2330 420 2395 8)
440 2333 470 2382 in
489 2332 609 2383 chronico
628 2331 792 2384 Maurieldico
810 2334 916 2398 plurima
936 2333 1050 2398 exempla
1074 2333 1321 2402 meteorologicorum
1344 2335 1545 2388 obrenatiouum
1563 2337 1684 2395 menies,

320 2406 354 2457 sd
372 2403 533 2470 necrologium
551 2403 630 2454 nuda.

392 2471 420 2536 0)
441 2473 512 2535 Quae
530 2475 594 2524 ratio
613 2475 677 2524 aem
695 2489 780 2526 meme
798 2475 865 2526 Julio
884 2477 944 2527 anni
964 2472 1031 2527 1002
1051 2481 1077 2527 et
1097 2472 1166 2526 1000
1183 2489 1200 2527 a
1218 2473 1262 2526 21.
1280 2479 1345 2544 Aug.
1372 2477 1405 2528 ad
1437 2477 1514 2529 duem
1532 2475 1685 2543 Septembris

322 2545 388 2612 apud
406 2559 450 2595 ros
468 2545 550 2606 luerit,
570 2547 632 2595 sciro
652 2546 731 2610 cupio.

391 2613 437 2679 10)
456 2615 497 2666 De
515 2615 689 2667 directoribus
702 2621 729 2666 ct
746 2617 937 2680 profectionibus
950 2617 1106 2682 planetarum
1119 2617 1207 2668 cadem
1219 2617 1271 2670 lars
1285 2617 1360 2670 alleri
1371 2618 1509 2678 Fabricius,
1528 2633 1594 2685 quse
1607 2625 1684 2670 autea

319 2688 460 2752 scripserat,
480 2701 556 2752 quare
576 2701 607 2737 aa
624 2687 664 2738 bio
683 2689 827 2738 omittimus.

392 2759 431 2810 Ad
448 2758 513 2809 baec
530 2759 701 2823 Keplerus,
720 2773 825 2824 pergens
843 2759 869 2808 iu
887 2759 975 2817 literis,
993 2759 1029 2809 ria
1047 2759 1186 2824 respondit:

408 2849 506 2910 Venio
531 2848 570 2910 ad
593 2847 755 2927 epistolam
780 2844 830 2910 10.
856 2843 942 2921 (20.)
967 2848 1056 2910 Febr.

411 2954 476 3026 (Ad
504 2951 550 3027 1.)
597 2953 682 3015 Petis
715 2971 803 3014 ame
835 2953 1030 3036 acronycbiaa
1059 2952 1288 3016 observationes
1311 2953 1446 3018 Saturni.
1494 2955 1561 3018 Hac
1591 2956 1684 3036 igitur

321 3043 471 3124 petitione
503 3041 627 3104 erexisti
658 3041 688 3102 iu
712 3041 836 3104 Saturni
861 3061 973 3106 curam.
1021 3043 1123 3124 Atque
1147 3043 1319 3122 accepisses
1348 3061 1438 3104 ame
1462 3063 1516 3124 pro
1540 3064 1603 3106 una
1626 3045 1682 3107 ob-

322 3131 495 3194 servatione
514 3139 615 3193 totam
638 3129 763 3192 Saturni
785 3131 1017 3207 restitutionem,
1043 3131 1101 3192 uisi
1125 3151 1172 3194 me
1195 3129 1321 3211 irruptio
1346 3131 1501 3194 rebellium
1527 3133 1566 3195 ad
1582 3151 1684 3195 curam

321 3219 364 3281 rei
389 3219 585 3294 domesticae,
604 3219 763 3300 privignae
786 3237 870 3280 meae
885 3219 1084 3299 potissimum,
1108 3228 1294 3294 revocasset,
1321 3221 1470 3282 calamum
1484 3222 1683 3295 excussisset,

324 3308 354 3370 iu
379 3307 514 3390 Styriam
536 3307 579 3369 ire
603 3307 764 3388 cobgieset.
781 3302 807 3382 1)
847 3308 896 3370 Ex
920 3326 955 3370 eo
979 3317 1113 3388 tempore
1138 3308 1231 3370 feriae
1255 3309 1485 3372 astronomicae.
1531 3310 1603 3372 Jsm
1627 3329 1684 3372 non

324 3396 417 3456 otium
442 3403 492 3457 est
514 3395 698 3465 describere,
722 3414 799 3477 quae
823 3397 853 3459 iu
878 3393 1010 3459 Saturno
1034 3397 1095 3458 tuis
1120 3396 1374 3461 admonitionibus
1398 3398 1593 3478 perfecerim,
1629 3417 1683 3460 ne-

324 3484 395 3547 dum
417 3483 666 3564 recognoscendi,
691 3485 811 3546 minime
838 3485 1021 3565 perficiendi.
1068 3485 1184 3567 Accipe
1207 3485 1299 3565 igitur
1323 3488 1418 3548 uudas
1452 3487 1685 3550 observationes

326 3591 400 3654 quas
423 3573 539 3654 petisti.
1219 3623 1220 3626 ι

363 3663 364 3666 ’
412 3663 501 3725 Auno
521 3656 657 3724 80-81
692 3668 765 3740 puto
796 3659 869 3723 nibil
893 3661 1088 3724 observatum
1115 3661 1144 3723 iu
1170 3659 1311 3724 Saturno.
1359 3659 1451 3726 Certe
1476 3681 1532 3744 ego
1563 3662 1683 3744 copiam

325 3749 404 3813 illius
429 3749 497 3813 libri
520 3768 578 3812 non
602 3748 710 3824 habco.

392 3857 451 3920 An.
476 3852 529 3919 82.
554 3853 607 3918 21.
631 3855 713 3935 Aug.
756 3855 785 3917 h.
813 3851 862 3918 10.
983 3853 1057 3938 liin
1104 3851 1220 3919 71241
1287 3853 1525 3932 )(,111.2121
1571 3859 1617 3920 Μ.

415 3991 431 4108 ;
480 3941 612 4097 eit:
661 3989 676 4106 3
758 3940 864 4105 :ll
988 3939 1142 4109 :1:233
1164 3937 1314 4116 lili:
1363 3992 1382 4110 3:
1428 3940 1602 4116 ticin:

418 4169 434 4197 „
499 4167 514 4196 „
581 4115 723 4200 4.Sept
759 4165 775 4195 „
833 4117 863 4184 9.
988 4117 1219 4197 „„19⁰4t'‘
1298 4167 1314 4197 „
1365 4169 1380 4198 „
1430 4117 1539 4185 21231
1584 4169 1600 4200 „

414 4257 430 4287 ιι
495 4256 511 4285 ιι
581 4205 611 4272 5·
660 4255 675 4285 ιι
758 4253 773 4283 ιι
813 4204 862 4272 11·
988 4258 1003 4287 ιι
1037 4204 1307 4295 „immet”
1358 4257 1374 4286 ιι
1427 4207 1537 4294 20241
1586 4259 1603 4286 ιι

415 4345 431 4376 ,,
480 4295 533 4362 84.
580 4295 611 4361 8.
659 4344 675 4374 „
757 4341 773 4372 „
812 4295 863 4360 12.
888 4318 950 4381 seq.
986 4346 1002 4376 „
1035 4346 1051 4376 „
1100 4295 1140 4362 3⁰
1183 4296 1215 4362 91
1284 4297 1320 4376 Υ
1359 4347 1374 4376 ,,
1428 4293 1600 4380 2⁰36¹l,„

356 4412 360 4418 '
416 4403 483 4480 (Ad
508 4402 559 4478 2.)
604 4404 652 4465 De
676 4401 896 4466 consideranda
920 4403 1122 4466 latitudine
1150 4403 1186 4465 in
1214 4401 1494 4466 directionibus
1526 4423 1625 4486 nuper
1658 4407 1686 4468 iu

326 4494 432 4579 Styria
455 4492 527 4556 mihi
552 4509 669 4574 quoque
692 4511 741 4554 rer
766 4491 824 4553 luit
842 4511 909 4554 cum
932 4492 1060 4572 quodam
1074 4489 1154 4553 Italo
1177 4490 1364 4571 astrologiae
1383 4501 1514 4555 ama'ute.
1554 4492 1687 4556 Omnino

325 4594 399 4663 puto
423 4582 537 4663 negligi
559 4599 618 4642 uon
642 4599 748 4661 posse:
774 4581 838 4642 fieri
861 4599 987 4661 namque
1010 4597 1064 4660 per
1088 4579 1287 4655 latitudinem,
1312 4589 1347 4642 ut
1361 4582 1529 4660 conjunctio
1553 4583 1605 4645 vel
1629 4601 1685 4663 op-

327 4673 438 4752 positio
470 4689 528 4732 nou
561 4669 603 4732 sit
636 4668 807 4749 conjunctio
841 4669 887 4730 vel
916 4669 1076 4749 oppositio.
1124 4665 1186 4730 Sed
1210 4669 1331 4730 diversa
1358 4669 1563 4742 consideratio
1587 4672 1686 4752 hujus,

327 4777 381 4840 pro
405 4758 533 4822 diversis
557 4759 705 4840 dirigendi
728 4757 836 4819 modis.
866 4757 1017 4819 ·Primum
1031 4756 1088 4820 boc
1111 4756 1190 4837 apud
1206 4775 1312 4820 omues
1335 4758 1441 4826 modos
1464 4759 1686 4838 locum-babet,
