3674 5528
686 255 807 306 derebus
827 255 988 321 astrologicis.
1448 257 1509 330 321

219 409 442 462 Fabricius:
473 410 618 473 Quaeritur,
647 413 784 476 aumagni
811 418 838 462 et
856 412 963 463 diuturni
982 415 1084 463 venti
1109 415 1163 464 aine
1190 417 1296 466 materia
1323 431 1377 468 esse
1402 416 1518 482 possint?

156 481 226 531 Unde
244 482 316 531 venti
337 483 414 532 subiti
433 497 463 532 ex
481 481 547 532 claro
567 481 645 539 coelo,
665 481 703 532 rel
723 497 753 532 ex
772 483 863 548 exigua
875 483 997 546 particula
1015 485 1095 541 aubia,
1114 486 1139 534 in
1152 485 1229 538 Iudlir
1241 489 1348 537 maxime
1361 488 1517 540 taedentes!

156 551 207 602 lico
226 553 372 618 prodigium
392 553 459 616 apud
477 568 516 603 nra
534 556 615 617 potius
634 558 686 610 est,
715 567 790 618 quam
807 559 836 602 nt
857 554 889 603 ad
914 553 1029 618 physicas
1053 557 1162 606 rationes
1189 558 1274 608 relerri
1298 561 1384 624 possit
1421 558 1517 610 Suntne

156 625 214 672 lurte
232 623 357 688 planetae
377 631 499 674 certorum
516 631 644 674 ventorum
663 624 787 675 motoreal
1194 633 1204 662 ⁸

242 712 449 792 Keplerus:
474 713 519 774 De
543 714 652 786 ventis,
678 731 761 792 rogo,
787 712 887 774 indica
906 711 1067 792 diligenter
1091 723 1179 776 notas
1194 735 1298 778 omues
1317 718 1516 780 circumstan-

155 803 216 863 tias
240 801 303 864 loci
337 810 371 862 et
394 810 561 864 ventorum.
608 802 760 863 Videntur
792 800 835 862 illi
868 800 998 866 diuturni
1032 801 1113 863 venti
1146 804 1195 865 vel
1228 807 1412 868 adiuturnis
1446 808 1517 869 alibi

157 890 272 970 pluviis
298 909 378 962 esse,
401 889 450 950 rel
475 891 539 952 loco
564 909 676 952 earum.
724 889 795 952 Sine
820 889 948 951 materia
972 907 1043 950 vcro
1066 889 1116 972 qui
1129 894 1257 970 possint,
1282 896 1330 975 qui
1349 905 1516 958 suntmera

155 979 307 1041 materia?
353 979 420 1059 Ego
444 999 517 1040 sane
541 979 651 1053 nescio,
677 979 747 1059 quid
771 978 812 1040 sit
834 979 889 1039 illa
912 977 995 1039 sicca
1017 979 1171 1042 exhalatio
1195 982 1252 1044 nisi
1276 993 1431 1046 ventorum
1447 1003 1513 1048 ma·
1584 1055 1585 1060 γ

154 1069 245 1130 teria.
293 1068 411 1147 Magna
433 1068 551 1129 videtur
575 1070 603 1129 in
628 1067 684 1129 hac
708 1066 846 1128 doctrina
870 1066 1031 1128 etiamnum
1056 1069 1228 1131 obscuritas
1257 1079 1289 1133 et
1321 1072 1511 1149 incertitudo,

154 1158 294 1219 tollenda
309 1157 496 1218 creberrimis
511 1156 725 1235 experimentis
740 1157 834 1217 totius
850 1155 941 1216 orbis.
966 1155 1010 1214 Tu
1024 1155 1116 1234 igitur
1131 1157 1159 1218 in
1171 1158 1378 1222 collectionem
1388 1162 1512 1224 enitere.

245 1245 294 1306 De
324 1245 503 1325 prodigiosis
537 1245 597 1307 illis
621 1245 720 1306 ventis
750 1244 841 1322 plane
865 1244 962 1304 simile
988 1243 1106 1306 videtur
1133 1247 1161 1306 in
1186 1247 1270 1308 libris
1294 1249 1426 1327 Regum,
1459 1250 1514 1312 sub

151 1335 227 1398 Elia
250 1335 411 1416 propheta.
459 1334 540 1395 Nihil
564 1352 688 1414 possum
712 1331 837 1394 rationis
863 1331 979 1404 afferre,
1004 1333 1062 1394 nisi
1085 1334 1158 1395 mihi
1181 1345 1301 1399 constet
1325 1339 1361 1399 de
1384 1339 1514 1400 circnm-

154 1425 293 1486 stantiis.
341 1422 497 1484 Nubecnla
520 1423 663 1484 indicium
687 1421 899 1492 exhalationis,
924 1440 982 1483 non
1006 1441 1099 1483 causa
1122 1441 1190 1485 esse
1215 1425 1342 1488 videtur.

246 1513 283 1573 In
309 1510 438 1592 Styria
461 1531 546 1572 mons
570 1520 619 1572 est
642 1510 837 1584 Schekel,.
862 1512 910 1590 qui
934 1509 960 1568 si
985 1529 1017 1570 se
1042 1511 1157 1572 vestiat
1180 1513 1288 1592 exiguo
1312 1516 1405 1594 pileo,
1431 1524 1515 1578 certa

154 1601 299 1663 imminet
321 1600 465 1680 procella.
511 1600 570 1661 Est
601 1619 687 1662 mons
714 1606 895 1680 praeruptae
928 1605 960 1658 et
988 1597 1127 1660 immanis
1151 1601 1335 1680 altitudinis,
1369 1623 1514 1684 superans

154 1690 352 1752 altitudinem
385 1689 643 1768 circumjectorum
667 1688 828 1762 montium,
862 1687 912 1766 qui
936 1707 1008 1748 sane
1041 1706 1098 1748 non
1124 1698 1194 1751 sunt
1218 1691 1357 1767 humileS,
1391 1691 1515 1756 dimidio

153 1779 327 1860 quadrante
347 1777 483 1838 milliaris
507 1797 618 1857 germ,
645 1777 748 1840 habito
772 1786 911 1857 respectu
935 1776 1103 1854 superficiei
1126 1797 1235 1840 curvae
1251 1779 1373 1844 Terrae.
1420 1781 1454 1842 In
1479 1799 1515 1842 eo

153 1867 371 1929 observatione
395 1865 590 1928 rotunditatis
614 1865 727 1927 Terrae
760 1884 814 1945 per
837 1873 955 1926 montes
980 1863 1044 1925 sine
1070 1866 1153 1927 coelo
1178 1867 1330 1944 instituta,
1361 1878 1394 1931 nt
1417 1869 1515 1944 obiter

153 1967 186 2017 te
220 1956 387 2030 oblectem,
421 1954 482 2016 vidi
516 1956 610 2017 multa
639 1955 808 2034 jucunda·
831 1955 931 2015 Primo
960 1971 1026 2014 cum
1050 1956 1281 2018 ascenderemus
1314 1959 1431 2019 aestivo
1447 1957 1514 2031 die,

152 2046 263 2106 clarus
282 2051 349 2104 erat
373 2053 405 2105 et
429 2043 560 2104 fervidus
586 2051 653 2117 εἰέκ
677 2051 838 2123 postquam
859 2043 889 2103 in
912 2061 1026 2102 summo
1044 2044 1199 2105 columnae
1220 2045 1410 2121 sistebamus,
1436 2047 1515 2108 infra

153 2141 290 2194 montem
313 2133 461 2212 paulatim
484 2131 555 2193 oriri
578 2133 688 2193 nubes:
713 2139 780 2194 erat
802 2129 913 2204 Gratii,
938 2149 1013 2210 quae
1030 2131 1125 2194 distat
1148 2130 1371 2209 2milliarihus,
1396 2144 1514 2215 tempe-

153 2233 223 2283 stas
247 2239 361 2301 magna
384 2241 451 2283 cunr
473 2221 655 2296 tonitrubus,
680 2239 756 2300 quae
779 2239 834 2280 nos
857 2239 915 2281 non
941 2220 1164 2296 exaudivimus;
1197 2223 1297 2290 omnia
1324 2223 1404 2285 inira
1426 2223 1514 2285 vide·

154 2312 273 2372 bamus.
322 2310 484 2370 Inferiores
508 2321 641 2382 montes,
676 2308 714 2369 ad
739 2313 812 2388 quos
837 2317 903 2371 erat
931 2307 1159 2386 collimandum,
1189 2311 1319 2390 maligne
1351 2331 1407 2392 per
1438 2311 1514 2374 cali-

154 2411 282 2479 gamem
315 2406 347 2460 et
379 2399 574 2478 fumigantem
610 2405 709 2460 aerem
748 2399 962 2470 cernebantur;
1001 2397 1138 2458 discussa
1175 2408 1360 2479 tempestate
1397 2401 1514 2462 melius.

153 2488 300 2548 Vidimus
319 2487 411 2565 juxta
435 2495 466 2548 et
487 2487 567 2549 infra
590 2505 645 2549 nos
668 2487 834 2566 pendentes
859 2487 887 2547 in
913 2492 982 2546 abre
1008 2486 1111 2560 nubes,
1135 2485 1315 2550 horrendum
1340 2490 1459 2552 hiantes
1485 2497 1516 2552 et

154 2576 298 2638 immanis
323 2575 499 2636 celeritatis.
547 2576 655 2636 Adhuc
680 2593 798 2652 semper
812 2573 899 2636 nobis
916 2571 970 2634 Sol
993 2573 1122 2636 luxerat.
1171 2575 1278 2637 Subito
1295 2576 1413 2651 nebula,
1439 2597 1516 2658 quae

155 2664 245 2744 quasi
270 2663 383 2724 furiata
406 2665 452 2724 ita
474 2665 587 2744 impetn
611 2664 763 2724 ferebatur
788 2683 806 2724 a
828 2662 979 2726 radicibus
1004 2659 1113 2723 m'ontis
1145 2664 1182 2724 ad
1211 2666 1326 2726 culmen
1356 2667 1456 2744 ejecta
1485 2676 1516 2727 et

153 2771 210 2814 nos
241 2752 362 2832 oblique
396 2753 516 2813 radens.
572 2753 657 2813 Intra
679 2752 824 2834 temporis
850 2759 1001 2812 momenta
1027 2751 1091 2830 jam
1118 2751 1222 2831 pluvia
1252 2762 1285 2814 et
1313 2755 1511 2833 frigidissima

153 2843 253 2904 mixta
277 2839 433 2920 grandine.
478 2841 538 2904 Ubi
563 2841 642 2902 latus
666 2841 697 2902 id
722 2860 740 2901 a
763 2841 872 2902 nebula
887 2841 943 2901 t'uit
958 2847 1114 2911 retectum,
1140 2858 1195 2919 qno
1216 2841 1309 2903 monti
1329 2850 1508 2922 prospectus

153 2939 244 3010 patet
268 2930 357 3008 longe
381 2929 410 2990 in
435 2930 600 3009 Ungariam
624 2939 656 2991 et
678 2930 751 2990 fines
776 2929 928 3003 Turnicos,
954 2927 1130 2990 admirabile
1149 2930 1364 3007 spectaculum.
1412 2929 1511 3011 Supra

155 3039 212 3081 nos
239 3027 308 3094 erat
330 3017 450 3089 nebula,
474 3019 588 3079 coelum
612 3015 800 3092 obnubilans,
825 3017 972 3078 infrenos
997 3017 1166 3078 clarissima
1180 3019 1239 3079 lux.
1286 3017 1340 3080 Sol
1355 3020 1433 3080 enim
1448 3027 1510 3082 tum

151 3108 293 3170 vicissim
324 3107 477 3186 regionem
514 3108 681 3186 subjectam
718 3107 902 3168 illustrabat.
958 3105 1042 3166 Haeo
1076 3106 1151 3166 adeo
1190 3107 1293 3179 fortis,
1333 3117 1365 3170 ut
1400 3126 1509 3169 averso

154 3215 274 3278 papyro
307 3197 425 3257 omnino
458 3196 525 3274 plus
560 3196 634 3258 lucis
664 3193 799 3256 aTerra
832 3195 1031 3269 allaberetur,
1066 3213 1153 3274 quam
1187 3196 1316 3275 desuper
1344 3217 1362 3258 a
1390 3197 1509 3258 nebula.

155 3285 370 3367 Splendebant
393 3293 494 3346 autem
517 3284 651 3359 flumina,
685 3285 821 3364 quamvis
845 3283 965 3359 turbida
990 3291 1074 3358 tnnc,
1104 3282 1280 3346 clarissime.
1327 3284 1387 3347 Est
1410 3294 1510 3349 autem

154 3375 185 3436 ln
209 3375 263 3437 illo
288 3381 389 3435 monte
413 3393 535 3454 vorago,
569 3371 722 3451 ἄβυσσος,
750 3371 827 3434 unde
852 3374 927 3434 adeo
951 3372 1073 3433 crebrae
1099 3381 1313 3452 tempestatum
1338 3375 1510 3436 exhalatio-

155 3483 227 3537 nes,
259 3471 296 3525 ut
318 3465 400 3524 lama
424 3462 587 3524 obtinuerit
609 3461 833 3541 antiquissima,
868 3461 1006 3540 conjectu
1032 3462 1126 3541 lapilli
1150 3463 1327 3541 grandinem
1352 3465 1434 3538 elici;
1468 3483 1509 3524 sc.

157 3553 229 3634 qnia
252 3553 329 3612 adeo
349 3551 454 3613 crebro
478 3550 652 3631 grandinat,
678 3550 741 3611 sire
766 3551 861 3629 lapilli
885 3549 1091 3628 conjiciantur,
1118 3551 1181 3612 sive
1204 3571 1280 3627 non;
1313 3553 1389 3613 hanc
1413 3553 1512 3614 famae

156 3641 367 3721 deceptionem
392 3658 460 3701 esse
483 3649 566 3719 puto.
615 3641 679 3702 Nos
704 3640 783 3701 enim
807 3657 927 3719 specum
951 3657 1009 3699 non
1029 3638 1195 3701 invenimus
1219 3648 1251 3701 et
1273 3649 1373 3702 tamen
1398 3642 1512 3720 grando

156 3729 226 3804 fnit,
250 3729 309 3790 nisi
333 3729 411 3791 forte
435 3728 500 3808 ipso
524 3747 652 3790 ascensu
676 3726 891 3789 irritaverimns
916 3736 1048 3789 montem
1064 3728 1189 3790 scilicet.
1236 3729 1303 3790 Hac
1323 3731 1423 3809 itaque
1439 3749 1512 3792 aar·

155 3818 328 3880 ratiuncula
350 3824 419 3878 tuas
443 3816 636 3897 quaestiones
660 3817 799 3878 claudere
823 3817 913 3878 volui.

231 3924 425 3974 Fabricius:
450 3918 540 3972 Litoris
559 3921 608 3971 tuis
627 3921 825 3972 dimanationem
844 3921 1070 3986 cosmographicanr
1089 3921 1197 3988 adjunge
1223 3930 1249 3974 et
1272 3924 1302 3973 de
1321 3925 1392 3975 rebus
1411 3939 1442 3976 ao
1461 3932 1513 3976 stu·

157 3997 205 4046 diis
223 3998 275 4046 tuia
293 4010 333 4045 me
352 3995 393 4044 lac
413 3995 549 4044 certiorem.
586 3993 634 4042 Hic
652 3994 726 4043 miser
743 4001 824 4044 statm
843 4000 890 4050 est,
910 4001 935 4043 et
948 3995 1031 4042 omnia
1044 3996 1202 4056 perturbem
1223 4001 1394 4058 exspectamur
1406 3998 1514 4061 quotidie

156 4067 257 4128 bellurn,
277 4081 328 4116 non
346 4071 445 4114 tantum
465 4079 481 4114 a
498 4064 629 4115 rebellibus
648 4063 819 4121 Emdensibua
839 4064 883 4114 sed
900 4067 1033 4128 praecipuo
1052 4063 1176 4115 ordinibus
1185 4065 1343 4116 Hollandiae.
1381 4067 1461 4118 Pestis
1473 4068 1515 4119 hio

156 4139 230 4189 ralde
256 4139 352 4199 saevit,
378 4137 437 4200 quia
462 4137 487 4184 in
505 4135 586 4200 ligura
603 4135 698 4184 vernali
724 4136 793 4186 locus
811 4149 890 4185 novae
909 4135 997 4186 atellae
1017 4132 1054 4197 (in
1074 4133 1172 4200 Cygno)
1194 4138 1218 4185 in
1238 4137 1282 4187 VI.
1303 4137 1383 4188 domo.
1421 4139 1516 4191 Stellae

158 4225 238 4260 norae
256 4217 351 4260 natura
368 4207 494 4256 Martialis
514 4213 559 4256 est
598 4203 650 4268 (De
668 4205 716 4256 hac
735 4207 808 4257 stella
826 4220 889 4270 quae
908 4207 1035 4256 Fabricius
1054 4205 1164 4268 addidit,
1176 4247 1178 4250 .
1190 4209 1244 4258 ride
1262 4210 1289 4258 in
1306 4210 1367 4259 libro
1387 4211 1417 4261 de
1437 4211 1516 4262 Stella

156 4281 252 4347 Cygni,
282 4295 355 4346 quem
373 4277 500 4341 Keplerus
519 4278 632 4340 adjunxit
658 4277 719 4328 libro
738 4293 782 4328 suo
802 4279 832 4328 de
852 4277 931 4328 Stella
948 4291 1013 4327 nora
1032 4273 1122 4338 leot.)
1160 4277 1233 4330 Mitte
1252 4279 1326 4342 mihi,
1355 4296 1419 4346 quac
1437 4283 1515 4332 habea

157 4353 307 4417 astrologica
326 4357 353 4401 et
369 4349 571 4414 meteorologica.
749 4363 751 4368 ’

225 4423 301 4474 Hisce
320 4422 385 4478 rale,
404 4421 462 4484 rige
480 4427 507 4470 et
524 4421 583 4470 llore
602 4419 805 4472 accusaturus
824 4419 931 4470 Domine
949 4417 1067 4481 Keplero.

359 4489 361 4494 '
976 4490 1010 4540 Η.
1029 4489 1099 4540 Tuae
1118 4491 1345 4542 obsemautissiurus
1363 4491 1395 4540 D.
1414 4493 1442 4540 1¹¹.

227 4565 361 4617 Dabuntur
380 4561 563 4614 Beaterhariae
583 4561 624 4612 ll.
644 4564 709 4628 Aug.
733 4557 808 4610 1602.

242 4655 454 4736 Keplerns:
480 4651 513 4712 ln
525 4651 713 4715 conclusione
731 4651 960 4731 causampestis
975 4659 1096 4713 vestrae
1108 4650 1243 4713 adducis.
1282 4651 1348 4729 Ego
1359 4649 1435 4710 alias
1451 4671 1469 4710 a
1483 4657 1514 4711 te

159 4756 307 4834 exspecto.
357 4743 466 4821 Rogo,
492 4741 620 4816 scribas,
646 4742 695 4824 qui
718 4739 802 4802 venti
827 4749 859 4802 ut
881 4740 1039 4820 plurimum
1058 4739 1205 4801 ssavcrint.
1255 4739 1383 4798 Videtur
1406 4739 1517 4804 malum

202 4851 290 4905 xoptm
305 4851 380 4903 opera
395 4844 414 4888 l.
1271 4839 1303 4896 21
