3542 5528
713 249 874 310 noeman.
1425 253 1467 325 37

120 413 145 474 ιι
166 409 292 493 Styriam
315 433 416 496 usqne
440 415 508 496 ejus
539 416 738 481 familiaritas.
785 367 921 502 'lychoni
952 417 1065 481 nullum
1095 418 1192 482 adhuc
1223 417 1342 482 mittere
1369 420 1464 500 potui.

119 501 195 564 Illius
209 501 358 581 judicium
385 506 474 568 aride
499 515 634 588 expecto.

194 591 260 652 wie
275 593 326 656 ich
342 594 401 656 mit
415 595 482 658 dem
497 595 627 658 Bueclrel
641 595 818 659 anlchomme
833 595 930 678 bey'
905 577 987 658 emer
1001 595 1051 658 Ει.
1068 595 1289 671 Laudtschafit,
1313 597 1401 658 weiss
1416 596 1465 659 ich

117 679 183 742 noch
204 681 298 742 nicht.
344 684 436 746 Anch
464 686 519 746 hdr
549 685 597 748 ich
625 686 701 749 noch
723 705 780 747 von
800 686 899 748 kheim
922 686 1086 765 Landttng.
1126 684 1241 746 Videor
1262 684 1335 748 mihi
1357 687 1465 766 volup-

115 779 170 831 tate
191 772 412 853 speculationis
438 783 596 837 contentus
621 795 687 838 esse
711 776 828 850 debere,
854 775 1080 856 necquicquam
1098 773 1371 856 ulteriussperare.
1403 773 1465 838 Sed

114 858 170 920 Deo
192 879 280 922 curae
305 871 398 926 erunt
421 863 530 926 omnia.
577 865 705 946 Tempus
730 873 779 926 est
806 873 840 926 ut
866 865 968 927 valere
994 871 1025 926 te
1049 863 1190 944 jubeam,
1222 864 1271 930 Pr.
1297 861 1365 940 Ol,
1399 885 1466 928 cum

112 950 226 1030 coniuge
249 957 283 1012 et
307 952 455 1016 universa
478 954 593 1016 familis
615 962 705 1036 atque
728 962 793 1016 toto
813 954 940 1034 collegio
953 953 1187 1036 philosophico;
1204 954 1312 1036 quibus
1327 954 1464 1064 omnibus

112 1039 229 1100 salutem
253 1040 386 1106 officios.
411 1043 490 1106 dico.
536 1043 614 1106 Vale
638 1053 670 1106 et
692 1063 739 1106 me
762 1063 936 1124 promovere
959 1062 1061 1124 perge.

639 1133 679 1195 H
704 1133 738 1195 T
766 1131 853 1197 Grat.
878 1133 953 1196 dise.

1117 1219 1164 1285 M.
1188 1219 1221 1286 J.
1246 1219 1374 1304 Kepler.

171 1377 243 1440 Quae
269 1379 400 1444 Keplerus
425 1381 495 1430 initio
514 1380 632 1445 epistolas
648 1383 747 1444 jocatus
766 1388 834 1440 erat,
862 1397 912 1432 non
938 1373 1065 1432 ιιιιιιιιιιι
1090 1379 1286 1434 Maestlinus
1307 1359 1419 1432 rescribit
1437 1383 1461 1434 d.

108 1445 144 1498 to.
162 1449 274 1500 Octobris
293 1469 318 1500 ι.
338 1459 370 1502 ιι
380 1470 393 1501 :v
407 1451 447 1502 De
464 1451 556 1504 honoro
568 1453 659 1517 regiae
676 1453 832 1516 professionis
851 1467 868 1502 a
886 1453 957 1504 Gallo
975 1453 1082 1518 quodam
1100 1453 1143 1516 tibi
1157 1454 1255 1504 oblatae
1268 1453 1389 1506 hactenus
1402 1453 1463 1505 nihil

108 1522 233 1572 certandi
250 1523 292 1572 sel
313 1523 406 1574 audiri.
435 1521 485 1574 Sed
504 1538 543 1582 en,
562 1524 621 1588 quid
638 1525 702 1573 istae
720 1531 780 1576 tuas
799 1525 952 1576 inventiones
969 1523 1049 1580 landis
1067 1531 1215 1574 mereantur.
1244 1525 1359 1590 Regiam,
1378 1531 1407 1576 ut
1424 1527 1461 1576 in·
1552 1563 1555 1578 .

107 1593 198 1657 lolligo,
225 1593 356 1652 &meam
375 1595 551 1660 professionem
569 1595 626 1644 olim
643 1596 788 1659 promissam
812 1597 833 1645 is
860 1597 905 1646 tibi
932 1595 1009 1645 offert
1027 1599 1030 1605 “
1047 1593 1098 1645 Sed
1125 1596 1194 1646 illum
1211 1598 1311 1652 missum
1330 1597 1460 1656 faciamus,
1518 1639 1521 1651 .

106 1666 234 1730 quicunqne
253 1667 296 1720 ιιι,
337 1665 442 1716 Nostros
459 1665 585 1732 theologos
603 1667 712 1716 nonnihil
740 1667 843 1718 offendit
871 1662 1053 1732 (prodromos),
1081 1669 1213 1718 autoritate
1238 1675 1324 1718 ιιιιιιιι
1342 1667 1462 1732 Principis

107 1739 188 1794 nerui,
217 1739 257 1788 oni
275 1737 418 1802 principale
436 1738 537 1790 schema
555 1738 697 1790 dedicatum
715 1745 765 1794 est,
791 1741 851 1789 moti
875 1741 902 1790 in
926 1738 1007 1788 medio
1035 1737 1184 1805 relinquunt.
1222 1739 1257 1800 D.
1274 1739 1461 1792 Hafenrefferus

107 1808 174 1858 ιιιιιι
191 1815 268 1873 atque
287 1811 382 1860 iterum
401 1811 496 1872 (jocose
515 1809 630 1876 quidem,
649 1810 709 1860 licet
724 1812 786 1874 jocis
805 1812 870 1861 seria
889 1811 965 1860 etiam
982 1811 1126 1860 intermixta
1143 1808 1284 1872 rideantur]
1303 1827 1343 1862 ms
1361 1811 1460 1862 adortus

81 1880 84 1884 '
107 1886 129 1930 et
142 1895 237 1930 mecum
256 1882 443 1946 disputaturum
462 1896 488 1931 ss
507 1896 561 1932 ιιιι
573 1887 680 1932 astatus
699 1889 746 1937 est.
765 1897 840 1946 quam
858 1883 900 1933 din
917 1884 1008 1932 veritas
1027 1883 1162 1946 scripturae
1181 1897 1268 1933 sacras
1287 1888 1354 1933 esset
1371 1884 1457 1946 persti-

106 1960 162 2002 tura
188 1951 259 2002 idem
277 1953 351 2004 haud
366 1954 403 2002 ita
421 1953 513 2016 pridem
532 1955 558 2003 in
575 1953 674 2018 publica
691 1957 832 2018 vespertina
850 1954 969 2005 concione
987 1953 1065 2002 dixit:
1084 1950 1166 2004 Deum
1184 1969 1306 2004 summum
1324 1961 1460 2005 creatorem

104 2038 147 2071 nen
164 2023 326 2087 suspendisse
341 2023 424 2076 Solem
442 2025 469 2074 in
487 2025 567 2074 medio
584 2025 678 2080 mundi.
697 2031 726 2076 ιιι
743 2025 866 2075 laternam
880 2027 904 2074 in
922 2025 1003 2075 medio
1019 2026 1083 2074 atrii.
1121 2025 1213 2076 Verum
1229 2027 1292 2090 jocis
1310 2025 1357 2075 illis
1373 2029 1461 2089 Joeosa

104 2109 216 2158 opponere
243 2096 335 2153 soleo,
355 2096 413 2145 dum
428 2097 481 2159 joci
498 2101 573 2154 sunt;
593 2097 613 2145 si
631 2097 694 2146 serio
713 2111 752 2146 res
770 2097 870 2161 agenda
888 2101 968 2155 esset,
995 2095 1067 2146 aliter
1083 2109 1244 2161 responsuros
1263 2103 1289 2148 ιι
1307 2113 1353 2164 ego
1372 2111 1459 2148 essem.

103 2165 144 2215 Pro
161 2169 263 2231 egregia
280 2167 420 2231 phantasia
438 2173 464 2217 et
481 2167 575 2218 ensdito
593 2169 693 2218 invento
710 2169 777 2218 idem
794 2167 826 2218 H.
847 2169 977 2233 agnoscit,
996 2169 1041 2218 sed
1058 2182 1078 2217 ι.
1098 2170 1234 2234 scripturae
1253 2175 1280 2218 et
1297 2170 1343 2234 ipsi
1360 2169 1460 2220 veritati

105 2239 240 2287 contrariari
258 2239 363 2288 omnino
382 2245 409 2289 et
424 2239 565 2303 simpliciter
583 2245 663 2302 putat.

166 2308 398 2360 Hafenrefferi
414 2311 534 2373 iudicium
551 2310 600 2360 hac
618 2310 649 2360 de
667 2325 693 2361 re
712 2311 915 2376 deprehendimus
932 2311 958 2360 in
977 2311 1082 2378 epistola
1100 2310 1132 2361 ad
1153 2311 1290 2376 Keplerum
1308 2311 1384 2369 data,
1411 2325 1461 2377 qua

104 2381 217 2444 raspondh
236 2383 362 2445 epistolae
380 2381 483 2446 Kepleri
502 2382 659 2446 deperditae:

166 2453 204 2502 hd
222 2461 402 2518 argumentum
420 2454 548 2502 literarum
563 2459 662 2503 tuarum
679 2459 707 2504 nt
726 2451 817 2520 adiquid
833 2452 1004 2517 respondeam,
1023 2452 1129 2503 libenter
1140 2453 1190 2518 legi
1200 2454 1321 2517 judicium
1338 2459 1410 2505 tunm
1427 2455 1459 2505 de

104 2523 168 2574 rebus
186 2526 360 2590 ashologicls,
386 2531 413 2576 et
429 2525 545 2575 libentius
564 2523 607 2586 (de
626 2540 672 2590 qno
690 2531 775 2588 tamen
794 2526 907 2576 dubitare
926 2539 975 2574 non
992 2521 1133 2588 potueram)
1157 2525 1223 2590 qnod
1246 2527 1272 2585 ip
1297 2525 1458 2578 familiaribus

105 2597 147 2643 tuis
165 2609 214 2644 rem
232 2599 328 2647 seriam
347 2603 373 2646 te
392 2611 466 2664 agere
485 2603 570 2660 aperte
588 2595 729 2646 declarasti.
767 2595 852 2646 Scribo
871 2597 945 2654 enim,
964 2595 1029 2660 quod
1046 2612 1143 2661 semper
1155 2598 1249 2660 scripsi,
1268 2604 1364 2647 nostros
1378 2604 1457 2648 astro·

104 2663 164 2730 logos
182 2667 213 2715 nd
231 2669 314 2717 nimia
333 2682 409 2730 saepe
427 2668 546 2731 specialia
564 2667 713 2719 descendere
738 2682 835 2732 semper
860 2665 920 2717 mihi
944 2668 1019 2718 fnisse
1038 2669 1123 2717 ιιιιιιιι.
1160 2668 1191 2717 Iu
1207 2681 1257 2733 qua
1274 2683 1314 2717 me
1332 2671 1459 2720 sententia

105 2743 165 2786 mum
182 2739 254 2788 mode
272 2739 399 2804 prolatum
415 2739 534 2802 judicium
553 2739 642 2788 re'ctius
662 2739 798 2789 confirmat.
831 2737 1024 2802 'Disputationes
1042 2737 1194 2804 theologicas
1213 2739 1277 2803 qnod
1290 2741 1388 2794 attinet,
1407 2755 1458 2790 non

105 2807 180 2858 dubito
196 2811 255 2873 quin
275 2812 362 2860 omnia
380 2811 417 2860 ita
434 2812 467 2859 sis
486 2810 665 2873 explicaturus,
689 2818 717 2859 ιιι
735 2816 761 2860 ιι
778 2812 861 2876 sigere
879 2812 1054 2874 scripturarum
1072 2811 1190 2876 maingis.
1207 2817 1234 2860 et
1251 2817 1296 2861 tua
1313 2811 1400 2860 llorere
1418 2813 1456 2864 io·

105 2878 223 2930 celantem
240 2884 330 2946 possit
368 2881 493 2944 Eiusmodi
512 2889 596 2932 autem
613 2883 640 2932 in
657 2882 729 2932 rebus
746 2883 872 2932 homiuum
889 2881 1006 2946 probatur
1023 2883 1144 2944 promissa
1162 2881 1232 2937 fides,
1251 2887 1276 2930 et
1288 2887 1375 2930 nostra
1386 2885 1454 2932 acui·

104 2959 139 2999 tur
153 2953 316 3014 providentia.
354 2952 426 3014 Quod
445 2953 550 3018 deniqne
568 2954 707 3018 subiungis,
728 2954 821 3018 aliquos
840 2960 895 3004 tuos
913 2953 968 3002 illos
987 2960 1090 3002 conatus
1107 2955 1134 3002 in
1152 2954 1220 3008 noris
1239 2953 1454 3003 demonstrationi·

104 3023 142 3070 bns
157 3024 254 3082 mirari,
277 3025 382 3090 cognovi
399 3030 425 3074 te
444 3023 544 3075 dubium
562 3039 629 3081 esse,
649 3025 706 3089 quid
724 3025 772 3074 hac
790 3027 816 3082 ιιι
835 3031 906 3088 parte
924 3023 1062 3089 agendum,
1088 3031 1169 3074 utrum
1188 3024 1283 3073 scilicet
1301 3024 1398 3072 silentio
1416 3039 1455 3074 res

104 3097 290 3156 praetereunda,
311 3109 345 3146 an
363 3109 419 3146 sero
438 3097 463 3145 in
480 3096 506 3145 id
523 3095 679 3154 enitendum,
700 3103 728 3145 ut
746 3098 856 3148 omnibns
874 3101 977 3160 pateat,
997 3103 1055 3144 tuas
1073 3093 1128 3144 ilias
1145 3095 1293 3158 hypotheses
1311 3109 1355 3157 per
1373 3096 1457 3146 omnia

106 3163 236 3228 Scripturas
259 3173 442 3226 ιοιιιιιιιιιιιιι
462 3165 524 3224 ιιιι,
544 3173 620 3232 atque
638 3182 670 3217 aa
687 3168 714 3216 in
730 3175 811 3231 parte,
830 3175 859 3217 ut
876 3183 923 3234 ego
941 3168 1039 3230 quidem
1051 3169 1137 3230 accepi
1151 3167 1282 3230 epistolam
1291 3172 1368 3221 ιιιιιιι,
1387 3165 1455 3216 haud

106 3236 196 3288 ιιιιιιιι
213 3240 355 3289 murnum
372 3253 455 3289 meum
473 3239 601 3288 consilium
619 3241 720 3302 expetis.
757 3239 796 3288 Ea
813 3241 838 3288 in
863 3255 889 3289 re
912 3239 969 3304 quid
986 3240 1100 3293 sentium.
1121 3239 1151 3288 el.
1171 3239 1206 3287 sir
1224 3243 1250 3288 ιι
1267 3237 1344 3288 frater
1362 3237 1454 3288 charis-

105 3309 165 3368 sime,
184 3310 293 3360 eandida
312 3317 339 3359 et
358 3315 442 3374 aperte
460 3311 506 3360 tibi
524 3311 643 3374 aperiam.
680 3310 749 3360 Inter
766 3310 915 3374 hypotheses
933 3311 1047 3360 nimirum
1064 3310 1119 3360 illas
1133 3316 1191 3359 ets.
1205 3309 1358 3372 Scriptorum
1369 3317 1454 3373 aperte

105 3379 299 3446 distinguendum
317 3396 385 3438 esse,
404 3381 468 3447 quod
486 3396 526 3431 me
544 3387 686 3431 constanter
703 3383 824 3440 sensisse,
844 3384 920 3432 etiam
938 3383 970 3432 ab
987 3383 1057 3430 initio
1079 3389 1266 3445 conspectarum
1283 3379 1455 3444 hypothesium

105 3452 178 3513 procul
197 3454 272 3502 dnbio
291 3461 318 3502 ιι
336 3467 392 3502 curn
410 3452 536 3502 nobiscnm
555 3467 621 3503 esses
640 3453 835 3504 animadvertere
854 3461 880 3502 ιι
898 3455 1033 3503 etiamnum
1044 3453 1119 3516 probe
1131 3453 1271 3502 meminisse
1284 3457 1362 3515 potes.
1388 3451 1454 3502 Hine

106 3524 162 3572 enirn
178 3525 274 3575 lsctnm
293 3529 340 3582 est,
358 3529 454 3574 utnon
472 3531 524 3572 tam
536 3539 599 3582 meo,
618 3539 692 3589 qnam
711 3524 743 3574 D.
764 3525 915 3591 collegarum
932 3525 1039 3580 nomine,
1058 3531 1134 3588 capnt
1151 3531 1274 3574 tractatus
1293 3520 1364 3586 (puto
1383 3525 1453 3587 quin·

105 3600 150 3644 tom
167 3611 270 3646 numero
288 3592 376 3656 fnisse)
393 3597 458 3659 quod
475 3597 549 3644 istam
567 3597 765 3646 conciliationem
783 3597 939 3661 attingebat,
965 3596 1130 3650 omittendum
1148 3596 1319 3654 assamonei,
1344 3595 1453 3644 naillac
1552 3635 1555 3644 .

105 3667 164 3728 ipsae
182 3668 364 3732 disputationes
381 3667 440 3716 inde
459 3667 545 3716 exoriri
563 3669 665 3731 possint.
703 3667 776 3728 Quod
795 3668 871 3718 etism
889 3669 1005 3717 omissum
1023 3673 1069 3724 est,
1088 3668 1135 3716 nisi
1153 3667 1218 3731 quod
1236 3666 1268 3717 ab
1286 3666 1356 3716 initio
1369 3668 1454 3716 statim

106 3737 178 3802 aliqua
195 3740 241 3789 sed
261 3739 403 3787 brevissima
422 3739 474 3800 ejus
492 3741 527 3787 rei
545 3738 574 3786 fit
591 3741 692 3787 mentio.
730 3737 802 3800 Quod
820 3754 877 3788 sero
896 3739 948 3788 alis
960 3738 1047 3788 deinde
1061 3745 1229 3798 accesserunt,
1248 3738 1392 3801 praesertim
1408 3752 1452 3788 au-

106 3815 149 3857 tem
164 3809 196 3858 D.
208 3810 340 3860 Massiliui
357 3809 486 3873 praefatio,
505 3809 531 3858 id
548 3809 618 3859 nobis
632 3810 729 3875 quidem
746 3804 862 3874 imputari
879 3825 929 3859 non
948 3815 1042 3873 potest,
1060 3808 1122 3859 nihil
1141 3810 1206 3860 enim
1225 3825 1308 3859 eornm
1326 3823 1390 3872 quas
1409 3823 1451 3858 ac-

109 3889 234 3948 cesserunt,
252 3887 387 3944 autequam
405 3881 469 3944 typis
487 3881 608 3930 ιιιιιιιιιιι
626 3887 721 3938 essent,
746 3883 877 3948 quicquam
894 3881 964 3932 nobis
982 3883 1061 3930 risum
1078 3881 1132 3930 fuit.
1170 3880 1310 3944 Sedrebus
1328 3881 1365 3929 sic
1382 3889 1451 3930 stan-

106 3951 161 4002 tibus
177 3955 288 4004 fraterne
307 3951 407 4002 cumulo
426 3965 458 4002 ao
475 3967 579 4009 moneo,
607 3967 639 4002 ne
666 3953 759 4004 diotsnr
783 3953 850 4002 illam
869 3953 1066 4003 conciliationem
1083 3953 1183 4017 publice
1199 3967 1334 4016 proponere
1352 3959 1379 4002 et
1395 3967 1451 4016 pro·

106 4037 204 4088 pugnare
231 4026 345 4082 coneris,
372 4025 407 4074 sic
432 4025 497 4074 enim
521 4020 591 4074 multi
610 4025 666 4074 boni
684 4040 733 4074 non
751 4025 872 4074 immerito
891 4023 982 4074 offendi
1000 4031 1026 4074 et
1043 4030 1122 4073 toturn
1140 4025 1266 4090 negotium
1284 4023 1323 4075 rel
1341 4023 1452 4088 impediri

107 4095 137 4142 rel
153 4097 219 4160 gravi
238 4095 418 4145 dissensionum
436 4095 534 4145 macula
552 4095 666 4160 adspergi
685 4102 774 4160 posset.
812 4093 880 4144 Nihil
898 4097 963 4146 enim
982 4095 1074 4152 dubito,
1094 4097 1114 4144 si
1136 4103 1221 4159 aperte
1238 4093 1283 4144 illa
1301 4097 1381 4159 opinio
1394 4111 1448 4160 pro-

106 4175 226 4226 poneretur
253 4175 280 4217 et
299 4173 511 4231 propugnaretur,
540 4181 597 4217 suos
621 4166 737 4217 habitura
755 4173 821 4218 osset
840 4173 865 4217 et
882 4165 965 4217 forsan
983 4182 1032 4216 non
1051 4167 1110 4216 laris
1129 4173 1270 4216 armaturae
1277 4153 1449 4217 adversarios.

106 4235 199 4290 Proinde
221 4241 243 4288 si
261 4239 372 4288 fraterno
391 4253 445 4287 meo
463 4238 577 4298 oonsilio,
603 4239 640 4287 nti
658 4238 767 4290 firmiter
776 4253 861 4304 ιιιιο,
880 4239 948 4288 locus
966 4239 1054 4303 aliquis
1073 4244 1118 4296 est,
1136 4253 1207 4303 porro
1224 4239 1251 4286 in
1269 4239 1388 4301 ejusmodi
1407 4238 1449 4287 de·

105 4312 259 4362 nonshsndis
275 4309 451 4373 hypothesibus
469 4310 562 4360 nudum
579 4309 783 4362 mathematicum
802 4323 870 4376 ages,
889 4310 950 4360 nihil
968 4311 1095 4370 sollicitus,
1116 4317 1199 4360 ιιιιιιιιι
1215 4310 1287 4361 ιιιιι
1306 4311 1395 4361 creatis
1413 4311 1451 4358 ιιι

106 4385 260 4445 rependeant
279 4396 314 4431 an
330 4395 411 4430 secus.
447 4379 652 4431 Mathematicum
670 4384 736 4432 enim
753 4383 828 4432 tinem
846 4397 917 4432 suum
936 4388 1112 4446 consequutnm
1131 4384 1241 4439 arbitror,
1259 4383 1279 4431 ιι
1297 4382 1376 4432 tales·
1381 4379 1448 4428 exhi·

105 4453 155 4504 beat
169 4454 329 4520 hypotheses,
350 4452 435 4516 quibus
453 4464 615 4519 mesonyctius
633 4466 706 4516 qnam
725 4455 878 4504 exactissime
897 4454 1078 4518 respondeant:
1103 4459 1128 4502 et
1146 4461 1171 4504 to
1189 4455 1269 4517 ipsum
1286 4459 1345 4516 puto
1364 4463 1447 4499 cessu-

106 4539 149 4574 ιιιιι
165 4541 217 4576 esse
234 4525 285 4581 illi,
312 4523 355 4587 qni
374 4522 477 4586 proferre
495 4529 578 4588 posset
595 4523 714 4574 meliores.
751 4524 805 4574 Nec
824 4533 908 4574 tamen
928 4525 1101 4590 consequitur,
1120 4527 1192 4574 unius
1212 4526 1328 4587 cujusque
1347 4519 1447 4570 artificis

105 4597 218 4647 meditatis
235 4593 417 4660 hypothesibus
433 4608 511 4645 rerum
525 4597 657 4646 ιιιιιιιιιιι
675 4597 803 4646 ιοιιιιιιιιιι
822 4596 978 4647 conformari.
1013 4594 1077 4644 Nolo
1090 4597 1222 4680 attingere,
1242 4607 1306 4658 quae
1323 4606 1353 4640 ex
1369 4589 1447 4638 sacris

105 4669 184 4718 insists
199 4683 300 4734 possem
319 4665 470 4728 demanare.
505 4665 561 4717 hon
580 4669 645 4720 euim
664 4667 869 4732 disputationibus
888 4669 932 4718 sed
949 4667 1064 4718 fraternis
1081 4669 1180 4718 monitis
1198 4681 1258 4748 opus
1277 4677 1331 4712 ιιιι
1352 4659 1443 4723 indico.

107 4737 187 4797 Quibus
204 4741 226 4789 si
245 4747 290 4800 tu,
322 4738 360 4785 ιιι
380 4743 445 4786 certe
462 4737 571 4797 conlido,
596 4739 706 4802 parueris
725 4746 751 4788 ιι
768 4741 919 4790 abstractum
935 4738 1139 4790 mathematicum
1151 4738 1251 4801 egeris,
1274 4731 1332 4782 nihil
1352 4731 1445 4788 dubito

105 4811 152 4874 quin
168 4811 339 4876 cogitationes
357 4813 418 4856 tuse
435 4807 548 4872 plurimis,
566 4810 603 4859 uti
622 4815 688 4859 certe
706 4809 764 4862 mihi
782 4826 878 4878 quoque
896 4805 961 4870 snut,
978 4808 1171 4876 jucundissimae
1188 4808 1237 4853 siut
1256 4803 1364 4856 ιιιιιιιι,
1399 4799 1445 4854 Sin
