3638 5524
941 117 953 162 l

596 333 627 384 de
646 331 794 384 calendario
811 333 839 382 in
857 345 950 382 mum
967 329 1106 382 fluxum.
1467 323 1528 392 411

178 497 290 561 nulium
323 495 483 575 eclipsim
516 513 575 556 non
604 511 672 554 esse
696 491 916 578 diminuendas,
950 493 1004 554 000
1032 491 1187 574 augendas
1213 487 1315 570 potius
1339 487 1534 570 aequationes

179 587 269 650 Sulis.
316 585 425 665 Itaque
454 584 480 646 si
507 587 632 663 propter
654 588 769 644 certum
793 599 945 643 numerum
970 583 1085 654 diemm
1116 581 1154 642 ab
1178 577 1367 659 aequinoctio
1391 577 1472 638 veris
1496 576 1535 638 ad

178 673 349 739 autumnale
379 681 514 736 centrum
546 677 645 734 motus
668 671 787 734 omnino
810 670 891 732 idern
914 690 1036 733 manere
1062 669 1152 732 debet
1176 667 1256 744 8011,
1290 673 1322 728 01
1344 666 1535 730 nihilominus

178 767 241 846 ejus
266 761 479 826 eceentricitas
502 769 627 842 propter
649 759 778 840 eclipses
802 761 941 839 augenda
963 766 1031 822 est:
1054 759 1116 833 liet,
1140 767 1175 821 ut
1197 757 1276 819 iuter
1295 765 1402 818 centra
1424 775 1534 818 eccen-

181 854 249 918 trici
272 860 306 916 et
329 853 441 914 Terrae
466 857 601 912 centrum
624 849 783 928 aequantia
805 849 905 910 medin
929 849 995 910 1000
1019 848 1148 910 ineidat:
1175 846 1255 908 sicut
1277 847 1307 908 in
1332 845 1535 926 superioribus
1645 850 1649 858 ’

179 953 211 1006 01
234 943 260 1018 Q
286 941 381 1022 (apud
405 940 628 1011 Ptolemaeum)
652 946 701 1000 est
724 957 816 1018 supra
838 947 974 1001 centrum
996 935 1167 1008 eeceutrici,
1191 935 1221 997 10
1241 935 1327 997 Luna
1349 935 1428 997 infra
1450 935 1483 997 10
1506 934 1534 994 10

178 1033 244 1113 ipso
269 1039 374 1092 centro
399 1029 526 1101 Terrae,
558 1026 587 1088 iu
612 1025 719 1106 §jam
742 1045 847 1107 supra,
876 1029 941 1108 jam
963 1027 1055 1102 inira,
1087 1026 1184 1088 medio
1207 1025 1273 1086 1000
1297 1027 1376 1088 inter
1398 1031 1534 1088 centrum

176 1123 290 1184 Terrae
313 1125 345 1181 et
367 1115 535 1191 eceentrici,
555 1116 621 1197 jam
645 1116 683 1177 ad
707 1116 788 1177 latus
813 1116 1000 1179 alterutrum.
1047 1117 1140 1178 Porro
1165 1115 1240 1176 baec
1263 1115 1375 1196 positio
1399 1133 1535 1193 aequau-

176 1211 218 1275 tis
252 1210 282 1271 in
316 1208 447 1288 sphaera
480 1202 519 1282 Θ
549 1205 639 1286 plane
678 1211 784 1268 contra
816 1224 949 1268 normam
982 1205 1167 1285 superiorum
1199 1212 1363 1284 contraque
1400 1203 1536 1265 rationes

178 1299 321 1383 physicas
344 1295 455 1359 terruit
477 1313 536 1368 me,
560 1311 598 1354 ue
622 1281 754 1357 lo‘rtasse
778 1295 893 1357 ruinam
918 1295 1172 1375 aequinoctiorum
1197 1313 1299 1356 secum
1321 1295 1433 1368 trahat,
1459 1312 1536 1374 quae

182 1389 308 1472 pulchre
336 1391 465 1466 possunt
495 1383 660 1446 observari.
707 1386 813 1464 ltaque
843 1383 976 1446 abstinui
1008 1402 1114 1446 manus
1146 1405 1165 1446 a
1195 1384 1325 1462 sphaera
1357 1383 1449 1445 Solis.
1495 1381 1538 1443 Et

177 1489 279 1541 tamen
315 1493 408 1537 causa
437 1473 547 1535 erroris
580 1472 611 1534 iu
640 1473 801 1552 eclipsibus
832 1493 898 1535 oum
926 1492 1004 1534 auno
1028 1473 1227 1548 convertitur,
1261 1483 1295 1536 ut
1322 1473 1452 1536 vidimus
1481 1473 1537 1534 lroc

179 1584 268 1630 anno.
315 1561 498 1627 Necessario
523 1561 624 1641 itaque
649 1563 687 1623 ad
709 1562 802 1624 talem
828 1581 951 1624 causam
974 1563 1109 1642 confugi,
1133 1563 1231 1643 qualis
1256 1563 1358 1625 estin
1381 1561 1440 1624 mei
1462 1581 1535 1642 pro·
1594 1575 1602 1590 ·

178 1652 309 1736 gnostici
333 1651 509 1732 appendice.
557 1651 591 1713 ld
606 1669 771 1713 consonum
787 1651 963 1726 rationibus,
990 1651 1048 1713 nisi
1063 1651 1218 1733 quodiam
1238 1652 1353 1732 pridem
1367 1651 1438 1714 illas
1452 1669 1537 1712 meas

177 1744 266 1807 uiruis
291 1742 422 1804 audaces
445 1739 580 1802 rationes
604 1739 719 1802 laxasti
744 1740 861 1802 leviter.
910 1738 1082 1803 consonum
1110 1749 1159 1803 eet
1181 1741 1273 1821 igitur
1301 1740 1328 1801 si
1350 1760 1410 1804 000
1439 1739 1537 1803 retio-

170 1835 276 1908 nibus,
301 1837 383 1896 certe
408 1828 627 1910 suspicionibus
650 1830 811 1892 rationum.
859 1829 1005 1892 Videmus
1029 1830 1147 1892 Lunam
1169 1839 1259 1911 prout
1282 1831 1350 1910 ipsa
1372 1849 1427 1912 per
1449 1847 1483 1892 se
1507 1838 1539 1892 et

179 1941 233 1986 suo
258 1929 342 1984 motu
365 1918 447 1982 cirea
465 1919 590 1980 Terram
613 1919 651 1980 ed
676 1917 778 1982 Solem
801 1919 851 1982 vel
874 1941 893 1982 a
912 1918 984 1982 8010
1008 1920 1083 1994 abit,
1108 1920 1237 1996 tardam,
1262 1922 1407 1996 velocem,
1434 1920 1538 1991 altem,

179 2011 321 2074 humilem
349 2029 368 2070 0
391 2007 487 2070 Terra
508 2007 582 2070 lieri.
629 2009 664 2070 ld
689 2008 746 2071 etsi
775 2009 940 2084 nescimus,
969 2010 1158 2090 suspicamur
1185 2017 1286 2072 tamen
1318 2011 1389 2072 avi
1412 2008 1539 2072 metrice

179 2101 262 2164 80110
287 2115 365 2160 0000.
414 2095 448 2159 81
471 2097 527 2160 lroc
552 2097 654 2158 erenit
677 2098 781 2160 Lunae
812 2107 938 2179 propter
960 2107 1074 2161 motum
1104 2119 1187 2160 suurn
1206 2099 1372 2180 proprium,
1406 2119 1458 2162 eur
1481 2117 1540 2159 unu

179 2189 301 2254 eveniat
330 2187 427 2250 eidem
456 2194 581 2266 propter
608 2194 723 2248 motum
745 2189 875 2262 Terrae,
899 2207 955 2268 per
983 2207 1071 2269 qnenr
1094 2189 1161 2271 ipsa
1191 2209 1258 2251 cnm
1281 2197 1346 2250 tote
1378 2207 1432 2250 suo
1456 2187 1539 2249 00010

179 2279 276 2342 hieme
302 2277 479 2338 admovetur
502 2274 577 2344 Soli,
612 2283 732 2337 aestate
757 2277 796 2338 ab
821 2295 856 2338 eo
880 2278 1071 2340 dimovetur?
1117 2277 1270 2359 Objieias,
1294 2278 1448 2340 diversam
1472 2295 1539 2338 esse

182 2368 332 2431 rationem
362 2365 512 2444 utrinque.
559 2365 639 2426 Nam
671 2367 696 2427 01
725 2365 797 2446 quid
827 2367 997 2447 hujusmodi
1021 2368 1126 2430 Lunae
1150 2368 1284 2443 eveniat,
1321 2367 1398 2448 quod
1423 2385 1539 2428 errores

180 2459 261 2520 circa
284 2456 414 2535 eclipses
437 2452 640 2533 patefaciant,
674 2455 867 2536 undecunque
890 2456 922 2518 id
945 2458 1001 2532 sit,
1035 2456 1066 2518 id
1096 2475 1162 2519 curn
1185 2476 1245 2518 nna
1274 2457 1460 2519 revolutione
1485 2473 1539 2515 ac-

181 2563 285 2608 cessus
318 2554 349 2604 et
373 2561 512 2605 recessus
535 2543 611 2604 00011
634 2543 765 2605 Lnuaris
798 2543 912 2607 aSole
940 2547 1033 2607 semel
1062 2545 1197 2608 converti
1226 2554 1258 2607 et
1282 2545 1447 2607 terminari.
1496 2543 1541 2604 At

181 2653 273 2715 supra
304 2632 334 2694 10
364 2650 425 2695 uua
447 2631 635 2693 revolutione
668 2634 803 2714 eorporis
827 2633 932 2696 Lunae
962 2653 1104 2697 accessus
1133 2642 1165 2696 et
1188 2653 1327 2696 recessus
1351 2655 1370 2694 a
1393 2632 1465 2695 8010
1493 2631 1541 2692 bis

182 2723 402 2786 terminabatur
431 2721 485 2783 illa
512 2720 722 2801 inaequalitas.
769 2723 965 2801 Respondeo,
995 2723 1145 2785 diversam
1175 2723 1266 2784 etiam
1296 2729 1327 2785 et
1354 2723 1445 2800 plane
1473 2720 1541 2782 hnic

183 2814 224 2875 rei
250 2811 379 2872 similem
402 2811 550 2873 rationem
572 2810 601 2871 in
627 2829 662 2872 00
688 2831 769 2886 0000,
800 2812 879 2892 quod
902 2813 997 2874 Terra
1020 2820 1052 2875 01
1074 2812 1189 2874 0001οι0
1204 2813 1308 2874 Lunae
1333 2811 1415 2874 circa
1438 2809 1540 2872 Suleru

183 2917 304 2981 seraper
326 2899 527 2979 progreditur,
552 2907 584 2961 et
608 2917 715 2979 corpus
732 2901 835 2962 Lunae
860 2899 889 2961 iu
914 2899 1038 2963 dimidia
1060 2900 1247 2963 revolutione
1266 2898 1467 2982 progreditur,
1492 2897 1540 2958 di·

182 2991 276 3054 midia
300 2988 468 3067 regreditur
491 2997 631 3067 respectu
646 2987 739 3050 Solis.
786 2989 871 3050 Haeo
895 2989 1008 3051 babent
1030 2989 1108 3052 inter
1127 3009 1159 3052 se
1184 2990 1355 3069 analogiam
1379 2985 1540 3068 quandam.

184 3082 291 3160 ltaque
311 3078 442 3157 suspicio
466 3087 528 3152 est,
556 3095 645 3139 unum
669 3095 737 3139 esse
762 3079 1043 3140 eausamalterius.
1091 3077 1154 3141 Sed
1182 3079 1314 3141 sufficiat
1345 3083 1464 3141 tanturn
1487 3091 1542 3154 pro

181 3165 378 3237 excusatione
394 3165 518 3228 dixisse.
565 3163 695 3236 Quinto:
721 3186 758 3229 au
778 3185 849 3229 vero
865 3185 923 3228 non
937 3167 1044 3248 ingens
1059 3167 1187 3230 andacia
1201 3176 1258 3243 est,
1283 3167 1403 3228 unicam
1417 3165 1541 3226 diurnae

182 3255 380 3320 revolutionis
404 3263 436 3316 et
459 3255 577 3336 quidem
601 3255 845 3335 aequalissimam
870 3275 1039 3319 mensnram
1064 3257 1257 3319 adulterare?
1303 3257 1381 3318 Nam
1404 3255 1461 3315 lruc
1484 3269 1542 3314 uno

185 3344 344 3408 conamine
368 3351 436 3406 tota
458 3343 535 3406 coeli
558 3345 699 3406 machina
722 3345 883 3407 laxabitur.
931 3345 1011 3417 Quid
1031 3347 1097 3426 jam
1120 3345 1195 3408 certi
1220 3346 1256 3408 de
1272 3343 1354 3408 Solis
1378 3349 1461 3405 motu
1484 3341 1542 3402 ha-

183 3435 338 3509 bebimus,
363 3433 390 3496 01
414 3433 451 3494 00
475 3451 615 3494 mensura
639 3434 698 3496 diei
722 3435 796 3496 certi
821 3453 878 3495 uon
903 3453 1014 3511 sumus,
1040 3444 1093 3497 aut
1116 3455 1175 3516 qua
1197 3453 1338 3497 mensura
1361 3439 1493 3502 utemur,
1517 3429 1543 3491 si

185 3525 251 3586 dies
276 3522 364 3584 uobis
383 3521 535 3584 metienda
558 3523 625 3584 est?
671 3523 864 3602 Respondeo,
888 3525 998 3586 nullius
1022 3543 1070 3586 me
1085 3525 1179 3605 pudet
1197 3523 1352 3599 audaciae,
1376 3540 1432 3603 per
1455 3537 1543 3601 qnam

184 3629 310 3694 sperare
334 3629 476 3692 possunr,
505 3629 552 3672 me
571 3619 686 3674 eertum
710 3613 748 3674 ub
773 3613 937 3676 artificibus
961 3632 1136 3695 responsum
1161 3613 1269 3676 elicere
1291 3631 1394 3695 posse.
1442 3607 1543 3680 Quare

185 3704 227 3764 ite
257 3701 407 3776 artifices,
441 3700 531 3762 facite
560 3701 725 3782 perieulum
757 3699 816 3776 rei,
856 3703 1012 3781 explorate
1046 3701 1256 3765 certitudinem
1288 3708 1389 3765 motus
1422 3715 1543 3761 arenae.

186 3792 333 3870 Magnum
357 3789 486 3870 aliquem
511 3790 659 3852 cumulum
684 3807 794 3851 arenae
817 3808 871 3868 per
895 3791 1028 3852 foramen
1053 3791 1129 3853 eatis
1145 3792 1276 3872 amplum
1300 3789 1462 3862 demittite,
1487 3787 1545 3850 ed-

184 3889 250 3941 este
275 3879 334 3960 ipsi
357 3878 488 3959 negotio,
514 3898 636 3959 operam
660 3879 730 3941 date
754 3897 792 3940 ne
814 3879 901 3940 initio
925 3880 1056 3942 maxime
1070 3881 1204 3961 pondere
1227 3887 1382 3961 prematur
1398 3879 1543 3951 toramen,

185 3971 247 4044 fine
267 3987 338 4030 vero
361 3967 435 4030 nihil
458 3977 577 4047 urgeat.
624 3968 746 4030 Modica
770 3985 889 4047 semper
911 3969 957 4029 vis
982 3987 1071 4031 manu
1091 3969 1267 4031 sufficiatur.
1314 3967 1465 4030 Metimini
1488 3965 1545 4028 boo

184 4066 276 4140 paeto
306 4057 385 4119 diem
413 4057 582 4133 hibernum,
617 4058 697 4120 diem
720 4056 793 4118 item
817 4057 980 4132 aestivum,
1015 4057 1042 4120 si
1065 4057 1264 4120 differentiam
1293 4057 1434 4120 invenitis
1459 4055 1546 4117 nnius

187 4157 241 4210 aut
268 4147 396 4209 duamm
417 4146 570 4221 horarum,
605 4145 799 4226 gratulemini
822 4145 919 4207 vobis.
955 4146 1072 4226 ¹Neque
1096 4145 1161 4208 Soli
1189 4149 1325 4210 metuite.
1371 4145 1451 4210 Nam
1476 4143 1546 4224 quid

185 4236 320 4298 efficiunt
344 4233 376 4298 5⁴
401 4233 737 4308 (monasticarum)
763 4235 792 4295 in
817 4233 1031 4311 declinatione,
1057 4255 1147 4316 quarn
1172 4236 1270 4299 solam
1292 4235 1378 4298 vobis
1402 4235 1476 4296 licet
1497 4233 1545 4294 in-

185 4325 364 4388 strumentis
388 4325 517 4404 capere?
564 4323 626 4386 Sed
650 4342 732 4387 eram
756 4323 869 4386 oblitus
893 4343 986 4404 supra
1007 4325 1135 4387 alteram
1159 4345 1285 4404 causam
1308 4325 1345 4388 00
1360 4323 1449 4386 Luna
1472 4323 1545 4394 (non

186 4415 222 4476 00
238 4413 329 4488 8010)
353 4413 526 4494 suspicandi
550 4413 722 4493 adjungere.
768 4411 889 4474 Etenim
913 4412 1037 4495 0180110
1061 4415 1257 4495 aequatioues
1280 4415 1310 4476 in
1326 4431 1420 4476 causa
1443 4416 1547 4470 essent

186 4503 297 4566 erroris
321 4503 405 4566 eirca
428 4502 571 4583 eclipses,
598 4503 702 4564 Lunae
727 4501 819 4582 igitur
842 4509 942 4564 motus
967 4509 1070 4565 essent
1094 4505 1183 4574 certi,
1213 4512 1245 4565 et
1272 4500 1398 4565 inveniri
1421 4497 1547 4558 deberet

188 4594 274 4655 Luna
298 4611 334 4654 00
359 4593 436 4668 1000,
461 4593 491 4653 10
516 4610 601 4672 quern
626 4612 645 4652 a
667 4591 784 4653 calculo
803 4591 967 4670 reponitur.
1014 4591 1059 4654 At
1082 4592 1130 4654 die
1156 4591 1323 4673 paschatis,
1347 4587 1390 4648 uti
1413 4603 1461 4647 me
1480 4582 1545 4662 pri-

188 4683 254 4744 dem
279 4681 442 4762 scripsisse
466 4681 638 4742 meminisse
661 4687 759 4760 potee,
785 4677 873 4741 Luna
896 4687 982 4742 tanto
1007 4681 1069 4743 lere
1094 4681 1190 4743 serius
1214 4681 1253 4741 ad
1276 4679 1373 4740 locum
1397 4671 1545 4735 aealeulo

187 4772 373 4836 destinatum
399 4771 545 4848 pervenit,
571 4779 683 4848 quanto
707 4767 804 4830 serius
828 4769 950 4848 eclipsis
973 4770 1055 4848 prior
1078 4773 1269 4849 apparuerat.
1316 4763 1399 4842 Ergo
1414 4759 1545 4840 euspicio

186 4873 244 4938 est,
269 4863 378 4925 Lunae
403 4867 517 4921 motum
541 4859 641 4942 potius
666 4877 756 4940 quem
779 4855 862 4921 Solis
884 4859 914 4920 in
938 4877 1032 4920 causa
1054 4878 1132 4920 esse.
