3586 5518
814 267 924 331 uyesru
943 265 1152 330 concuspisc-

750 425 794 493 m
819 425 958 490 oseur
980 423 1212 522 snoornuu

789 592 791 602 .
829 549 943 602 uorsa
961 547 1138 616 romolus

387 657 418 730 a)
441 661 551 715 Omale
565 657 682 716 factum!
723 659 895 714 Emundone
910 658 1072 730 ejiciamus?
1100 659 1157 714 imo
1171 655 1338 728 postliminio
1357 653 1484 708 revocari
1499 652 1527 706 in
1541 652 1657 706 Harmo-

305 741 379 798 uicis.
422 741 582 796 curantem
596 739 755 810 ejiciamus?
784 745 828 795 An
843 740 908 811 quia
926 740 1049 794 infinitae
1064 745 1094 793 et
1107 739 1187 810 proin
1206 735 1307 792 ordinis
1322 734 1428 790 minime
1443 737 1582 804 capaces?
1609 735 1659 785 At-

307 815 352 894 qn'i
372 839 427 876 non
441 821 526 893 ipsae,
551 823 598 875 sed
615 837 676 875 mea
689 820 763 874 illius
779 822 909 892 temporie
923 820 1040 886 inscitia,
1063 819 1208 874 communis
1231 817 1297 873 mibi
1311 833 1371 870 cum
1385 816 1532 887 plerisque,
1558 811 1659 867 ordinis

308 904 416 972 illarum
434 901 542 956 minime
556 917 649 972 capax
663 907 735 956 erat.
778 902 875 972 ltaque
894 901 941 954 lib.
957 901 979 954 Ι.
1000 899 1225 956 Harmonioorum
1246 905 1276 952 et
1294 899 1428 952 delectum
1446 895 1567 965 aliquem
1588 893 1661 947 iuter

308 984 428 1044 infinitas
443 981 522 1036 docui
543 988 573 1036 et
586 981 706 1036 ordinem
725 983 752 1035 iu
767 981 800 1035 iis
820 980 1031 1052 pulcherrimum
1050 981 1078 1034 in
1091 981 1180 1034 lucem
1199 978 1312 1056 protuli.
1352 978 1423 1032 Nam
1444 992 1493 1030 cur
1505 976 1597 1029 lineae
1611 989 1660 1027 nos

307 1081 344 1119 ex
364 1063 518 1134 archetypo
539 1062 630 1118 mundi
651 1061 829 1127 eliminemus,
854 1079 914 1116 oum
933 1061 1021 1115 lineas
1035 1062 1111 1115 Deus
1133 1076 1215 1131 opere
1236 1059 1296 1130 ipso
1314 1055 1493 1128 expresserit,
1516 1063 1608 1110 motus
1622 1071 1660 1108 aa.

307 1145 502 1216 planetarum?
543 1143 654 1215 Lingua
668 1141 754 1215 igitur
769 1143 941 1215 corrigenda,
956 1159 1031 1197 mens
1046 1143 1173 1196 tenenda.
1214 1141 1246 1194 ln
1260 1156 1402 1210 corporum
1415 1153 1536 1200 numero,
1559 1135 1661 1204 sphae-

308 1241 400 1280 rarum
414 1223 594 1294 amplitudine
609 1223 802 1278 constituenda
821 1223 947 1294 primitus
969 1223 1144 1278 eliminentur
1163 1238 1231 1276 sane
1250 1221 1354 1275 lineae:
1375 1226 1406 1274 at
1424 1219 1452 1274 in
1465 1217 1593 1278 motibus,
1616 1213 1662 1285 qui

309 1305 389 1360 lineis
403 1303 589 1374 perficiuntur,
615 1303 780 1360 exornandis
802 1321 836 1359 nc
851 1309 1055 1358 contemnamus
1074 1302 1162 1358 linoae
1182 1309 1212 1355 et
1230 1301 1396 1372 superficies,
1421 1315 1491 1372 quae
1505 1299 1584 1351 solae
1598 1313 1662 1366 pro·

310 1385 465 1456 portionum
478 1384 697 1440 harmonicorum
711 1391 776 1439 sunt
790 1384 876 1456 origo.

390 1459 420 1534 b)
442 1465 544 1536 lugens
564 1463 707 1520 discrimen
728 1473 892 1535 argumento
914 1465 1049 1518 nominum
1070 1469 1114 1516 est
1135 1463 1207 1516 inter
1229 1462 1287 1516 fixa
1307 1469 1336 1515 et
1349 1459 1472 1522 mobilia;
1495 1475 1542 1513 cur
1556 1455 1662 1513 nonsit

310 1547 421 1616 aliquod
435 1545 520 1599 etiam
542 1545 569 1598 in
583 1545 726 1616 utriusque
740 1545 851 1617 generis
866 1544 1067 1599 exornatione?
1110 1542 1176 1605 Quis
1192 1541 1292 1596 ordinis
1310 1539 1549 1613 pulchritudinem·
1558 1536 1661 1593 intelli·

310 1632 400 1698 geret,
422 1625 445 1678 si
460 1643 514 1679 non
528 1624 611 1695 juxta
624 1631 750 1679 cerneret
763 1626 881 1680 fixarum
896 1625 1047 1680 exercitum
1066 1623 1166 1677 ordinis
1181 1626 1346 1694 expertem?
1388 1621 1453 1684 Quis
1468 1619 1663 1674 oeconomiam

310 1707 437 1770 disceret,
458 1706 480 1759 si
494 1712 633 1776 perpetua
647 1711 721 1760 esset
736 1705 883 1760 similitudo
898 1705 1148 1760 schematismorum
1168 1721 1216 1757 seu
1231 1702 1490 1758 constellationum?
1529 1701 1664 1754 Eatenus

205 1807 213 1817 ’
312 1787 404 1842 formis
419 1793 542 1851 ornatus,
567 1792 612 1840 est
631 1792 661 1839 et
682 1786 827 1841 maasiae.
869 1785 912 1841 Sit
930 1787 1017 1858 igitur
1035 1785 1150 1856 propria
1167 1783 1301 1839 materiae
1320 1789 1350 1838 et
1372 1783 1488 1854 pulchra
1506 1779 1664 1842 exornatio,

312 1883 384 1938 quae
397 1867 475 1920 lacta
488 1873 533 1920 est
554 1882 605 1936 per
619 1865 753 1920 infinitam
766 1873 795 1920 et
808 1867 906 1920 molem
926 1874 956 1920 et
968 1865 1169 1922 multitudinem
1187 1871 1217 1920 et
1233 1864 1397 1919 varietatem
1414 1868 1471 1918 tam
1490 1861 1560 1916 situs
1582 1875 1665 1931 quam

312 1946 508 2020 magnitudinis
522 1947 722 2016 claritatisque.

391 2021 420 2098 c)
445 2025 559 2092 (Annot.
582 2023 718 2096 antiqua.)
761 2027 910 2096 Corporum
924 2026 1054 2082 nobilitas
1076 2034 1120 2080 est
1140 2043 1177 2080 ex
1191 2025 1367 2096 simplicitate
1389 2033 1476 2078 etex
1490 2021 1667 2094 aequalitate

311 2107 458 2163 distantiae
473 2107 616 2176 planorum
632 2123 649 2162 a
663 2113 758 2161 centro
772 2107 889 2177 figurae.
932 2107 1010 2162 Siout
1024 2107 1094 2160 euim
1108 2122 1204 2160 norma
1224 2113 1252 2162 et
1266 2107 1368 2178 regula
1385 2111 1574 2160 creaturarum
1587 2103 1667 2156 Deua

313 2195 364 2251 est,
381 2187 421 2241 sic
435 2187 558 2257 sphaera
572 2203 724 2257 corporum.
765 2186 851 2256 Atqui
865 2202 901 2239 ea
914 2187 1001 2240 habet
1014 2187 1101 2241 dictas
1116 2186 1313 2258 proprietates.
1345 2181 1374 2256 1)
1389 2186 1441 2240 Eat
1455 2181 1667 2255 simplicissima.

313 2267 378 2341 quia
392 2283 446 2322 uno
461 2266 600 2320 clauditur
615 2267 739 2331 termino,
755 2284 784 2320 se
799 2267 862 2337 ipsa
876 2266 990 2321 scilicet.
1020 2263 1053 2334 2)
1069 2267 1167 2321 Omnia
1176 2266 1236 2335 ejus
1251 2273 1353 2337 puncta
1363 2264 1555 2336 aequalissime
1570 2279 1588 2316 a
1603 2280 1667 2315 cen·

313 2347 482 2402 trodistant.
513 2346 727 2418 Excorporibus
737 2346 824 2419 igitur
833 2345 956 2417 proxime
966 2345 1254 2418 acceduntregularia
1268 2346 1449 2418 adapbaerae
1458 2343 1666 2417 perfectionem.

315 2429 417 2483 Eorum
431 2425 551 2481 delinitio
570 2427 640 2481 baec
654 2434 706 2490 est,
729 2433 762 2481 ut
775 2427 900 2481 habeant
921 2423 952 2494 l)
968 2428 1058 2482 omnia
1078 2428 1181 2490 latera,
1202 2423 1233 2492 2)
1247 2429 1342 2499 plana,
1365 2425 1394 2491 3)
1410 2427 1537 2498 angulos.
1553 2423 1670 2495 singola

258 2507 265 2514 '
316 2507 448 2577 aequalia
461 2513 492 2560 et
504 2507 595 2578 specie
610 2514 640 2560 ot
652 2507 850 2578 magnitudine,
873 2510 944 2577 quod
959 2515 1002 2562 est
1022 2507 1219 2578 simplicitatis:
1244 2524 1326 2579 quam
1343 2507 1462 2578 positam
1483 2504 1669 2561 definitionem

319 2589 443 2658 sequitur
466 2587 533 2641 illud
556 2587 638 2651 ultro,
663 2589 735 2658 quod
758 2581 791 2658 4)
806 2587 924 2641 omnium
946 2588 1090 2659 planorum
1114 2593 1211 2641 centra
1234 2588 1389 2660 aequaliter
1412 2604 1430 2642 a
1451 2586 1540 2642 medio
1555 2585 1670 2644 distent.

318 2665 348 2733 t)
365 2669 435 2740 quod
450 2667 585 2738 inscripta
597 2668 684 2739 globo
698 2667 821 2722 omnibus
836 2669 947 2739 angulis
963 2675 1085 2740 tangant
1100 2668 1279 2738 superficiem,
1296 2666 1330 2737 6)
1344 2671 1415 2739 quod
1427 2669 1457 2732 in
1470 2683 1506 2722 ea
1519 2667 1668 2726 haemona

319 2743 351 2820 7)
367 2749 439 2821 quod
457 2747 619 2819 inscriptum
637 2749 751 2819 globum
770 2747 894 2803 omnibus
914 2749 1061 2820 planorum
1079 2747 1180 2804 centris
1201 2756 1332 2822 tangant,
1362 2744 1395 2818 8)
1409 2751 1479 2820 quod
1498 2747 1615 2819 proinde
1628 2744 1671 2798 in·

246 2889 247 2892 ¹
319 2829 437 2900 scriptus
451 2829 553 2900 globus
567 2829 684 2884 haereat
697 2828 832 2894 immotus,
862 2824 894 2898 9)
908 2835 940 2883 et
952 2832 1024 2901 quod
1036 2830 1107 2884 idem
1121 2836 1245 2884 connum
1265 2831 1371 2886 habeat
1389 2830 1562 2900 cumligura.
1605 2825 1672 2890 Qui-

318 2912 369 2968 bus
383 2911 467 2965 rebus
481 2909 599 2966 efficitur
620 2909 711 2966 altera
732 2909 880 2964 similitudo
894 2927 955 2964 cum
968 2911 1104 2982 sphaera,
1129 2925 1200 2980 quae
1218 2917 1263 2966 eat
1280 2929 1318 2966 ex
1331 2909 1502 2982 aequalitate
1516 2906 1671 2964 distantiae

198 3000 199 3004 ’
318 2992 471 3064 planorum.

398 3068 427 3137 d)
451 3069 582 3127 Scholion
596 3076 689 3124 autem
712 3070 780 3125 illud
802 3071 844 3124 ita
857 3077 954 3126 acuat:
975 3071 1030 3140 Ajo
1044 3087 1109 3125 vero
1129 3078 1242 3141 praeter
1256 3071 1343 3128 dictas
1359 3073 1476 3145 quinque
1496 3073 1602 3144 ligures
1617 3085 1673 3123 non

320 3169 402 3223 posse
425 3150 510 3205 aliam
532 3149 662 3204 constitui
682 3150 801 3222 liguram
823 3151 947 3214 solidam,
971 3166 1042 3220 quae
1064 3151 1154 3221 planis
1178 3158 1209 3205 et
1231 3152 1408 3223 aequilateris
1428 3159 1458 3208 et
1476 3148 1672 3223 aequiangulia

321 3231 496 3286 contineatur
512 3229 585 3284 inter
606 3247 637 3284 se
658 3231 829 3302 aequalibus.
871 3231 933 3285 Non
947 3231 1017 3286 enim
1032 3249 1068 3285 ex
1083 3232 1187 3285 duobus
1202 3231 1360 3306 triangulis,
1383 3236 1430 3288 sed
1445 3251 1534 3305 neque
1556 3249 1594 3287 ex
1609 3229 1671 3284 aliis

322 3311 428 3366 duabus
447 3308 543 3380 liguris
557 3309 659 3364 solidus
675 3311 859 3366 constituetur
872 3311 1002 3383 angulus.
1043 3311 1097 3366 Sed
1118 3312 1256 3366 extribus
1277 3313 1425 3386 triangulis
1453 3320 1566 3369 constat
1585 3325 1670 3383 pyra·

322 3389 399 3446 midia
413 3390 541 3461 angulus.
582 3391 629 3445 Ex
643 3398 762 3460 quatuor
775 3398 868 3446 autem
881 3391 1013 3446 octaedri.
1054 3393 1100 3446 Ex
1114 3392 1232 3463 quinque
1246 3408 1312 3448 vero
1326 3395 1469 3450 icosaedri.

401 3471 448 3525 Ex
467 3470 615 3542 triangulis
634 3487 687 3525 sex
705 3479 736 3525 et
760 3469 939 3543 aequilateris
968 3480 998 3526 et
1025 3473 1219 3544 aequiangulis
1247 3477 1283 3530 ad
1311 3475 1381 3530 idem
1412 3480 1543 3547 punctum
1571 3491 1671 3530 cocum

323 3551 397 3607 tibus
416 3568 472 3606 non
489 3551 538 3605 ilat
555 3551 677 3622 angrrlus
698 3551 811 3607 solidus.
853 3553 919 3607 Cum
933 3551 1004 3606 enim
1023 3553 1157 3624 trianguli
1180 3555 1348 3625 aequilateri-
1366 3557 1487 3628 angulus
1506 3557 1580 3611 recti
1593 3557 1671 3611 unius

323 3634 432 3686 bessem
450 3623 511 3698 (Ἰ.)
534 3630 689 3696 contineat,
713 3640 795 3688 enmt
815 3631 949 3702 ejusmodi
970 3649 1022 3686 sex
1044 3633 1141 3704 angrsli
1163 3636 1245 3690 rectis
1269 3643 1388 3707 quatuor
1408 3639 1551 3708 aquales.
1595 3638 1672 3700 Quod

322 3712 381 3767 lieri
394 3729 449 3767 nou
462 3717 564 3781 potest.
606 3711 675 3766 Nam
695 3712 797 3767 solidus
817 3714 901 3768 omnis
924 3713 1044 3785 angulus
1065 3713 1212 3772 minoribus
1227 3732 1307 3785 quam
1327 3718 1410 3773 rectis
1425 3725 1545 3789 quatuor
1559 3717 1672 3790 angulis

322 3792 477 3846 continetur
497 3785 589 3860 (Euol.
610 3791 659 3846 XI.
682 3788 753 3860 21).
796 3793 838 3847 Ob
859 3795 969 3848 easdem
996 3810 1063 3848 sane
1088 3811 1187 3850 causas
1209 3814 1298 3868 neque
1317 3815 1355 3854 ex
1372 3798 1498 3870 pluribus
1517 3815 1601 3870 quem
1621 3815 1671 3852 sex

322 3871 413 3942 planis
436 3869 546 3944 angulis
569 3869 701 3942 ejusmodi
720 3873 840 3944 angulus
860 3873 962 3928 solidus
983 3874 1157 3930 constrantur.

401 3950 455 4005 Sed
478 3951 623 4006 extribus
648 3953 786 4023 quadratis
810 3953 871 4008 cubi
896 3954 1014 4026 angulus
1039 3953 1201 4012 continetur.
1241 3958 1288 4013 Ex
1311 3966 1429 4029 quatuor
1449 3960 1543 4015 nullus
1566 3965 1670 4034 potest.

321 4031 427 4086 Rursus
450 4031 521 4086 enim
541 4031 609 4086 recti
633 4039 752 4102 quatuor
774 4039 863 4089 erunt.
1309 4033 1312 4039 ’
1448 4099 1451 4106 ,

401 4112 446 4166 Ex
469 4109 557 4165 tribus
580 4119 673 4167 autem
694 4115 861 4185 pentagonis
886 4113 1065 4186 aequilateris
1088 4120 1118 4169 et
1149 4117 1340 4190 aequiangulis
1363 4121 1525 4175 dodecaddri
1550 4121 1671 4193 angulus

324 4191 487 4246 continetur.
529 4191 582 4246 Sed
596 4211 634 4246 ex
647 4200 765 4263 quatuor
778 4195 871 4249 nullus
885 4201 987 4265 potest.
1029 4196 1096 4250 (lum
1110 4197 1181 4251 euim
1201 4199 1354 4271 pentagoni
1368 4199 1535 4272 aequilateri
1550 4200 1671 4273 angulus

274 4297 277 4302 ·
324 4277 415 4327 mnus
430 4271 467 4326 sit
488 4276 518 4352 pt
533 4272 630 4341 quinta
651 4274 815 4344 recupare,
836 4281 917 4329 erunt
931 4281 1049 4345 quatuor
1062 4277 1159 4347 anguli
1180 4279 1263 4332 rectis
1283 4286 1400 4349 quatuor
1421 4281 1551 4351 majores.
1595 4281 1671 4343 Quod

324 4351 383 4407 lieri
405 4351 508 4422 nequit.
549 4352 607 4405 Nec
621 4367 688 4406 sane
702 4371 740 4407 ex
754 4353 816 4408 aliis
838 4355 986 4426 polygonis
1009 4357 1105 4428 lignaria
1130 4359 1231 4412 solidus
1246 4360 1366 4431 angulus
1380 4362 1576 4426 contuebitur,
1602 4361 1671 4432 quod

324 4433 388 4488 lsino
401 4448 507 4502 quoque
521 4431 668 4486 absurdum
688 4439 828 4503 sequatur.
870 4436 1051 4498 Quamobrem
1062 4438 1236 4508 perspicuum
1249 4447 1301 4504 est,
1322 4447 1436 4512 praeter
1448 4442 1536 4498 dictas
1553 4443 1671 4513 quinque

325 4516 430 4586 ligures
452 4511 537 4566 aliam
559 4511 676 4584 liguram
698 4512 812 4569 solidam
835 4517 893 4570 non
911 4532 994 4586 posse
1008 4517 1147 4584 constitui,
1171 4535 1242 4589 quae
1260 4521 1312 4575 sub
1335 4521 1426 4592 planis
1445 4522 1630 4596 aequilateris
1643 4529 1673 4575 et

217 4606 220 4618 ¹
326 4591 517 4666 aequiengolis
539 4591 720 4649 contineatur.
