3718 5520
317 219 383 295 422
882 223 923 276 ns
942 223 1123 283 amomum

318 382 542 466 perpendiculo,
568 401 626 444 uno
650 379 773 446 milliari
796 381 969 464 germanico
993 381 1219 456 (altiorantem
1240 381 1504 464 esaavixpotsst,
1525 377 1682 444 nonenim
1767 422 1777 430 -

320 474 428 538 eadem
453 479 502 534 est
524 469 654 534 altitudo
679 463 836 546 materiae,
861 490 937 550 qnae
962 472 1139 556 crepuscula
1161 471 1244 548 lacit,
1265 479 1297 534 et
1315 491 1392 552 quae
1411 469 1567 535 stellarum
1581 467 1681 530 radios

320 561 487 643 refringit).
522 557 622 622 Solari
645 559 738 641 igitur
759 559 845 622 radio
870 567 990 622 aestate
1015 561 1173 640 objicietur
1200 560 1356 624 crassities
1380 559 1466 622 nnius
1490 555 1630 620 milliaris
1653 565 1685 618 et

320 669 417 712 nouae
440 649 554 731 partis,
577 648 682 730 hyeme
712 647 803 711 trium
826 656 858 710 et
881 649 1000 710 tertiae.
1046 650 1096 712 Ita
1118 650 1208 731 triplo
1233 649 1359 714 debilior
1381 657 1430 711 est
1451 649 1558 732 hyeme
1582 646 1684 710 radius

321 737 403 802 Solis
426 746 552 819 propter
575 737 652 799 banc
676 756 820 800 causam:
846 745 878 798 et
900 738 1069 818 conjunctis
1093 737 1140 800 bis
1163 739 1260 803 tribus
1283 739 1399 814 causis,
1428 739 1480 800 vix
1502 755 1576 816 pars
1600 735 1682 798 vice-

321 827 399 890 sima
422 833 532 908 quarta
554 826 662 908 hyeme
685 826 795 890 caloris
820 825 930 888 aestivi
954 835 1102 905 superest.

879 915 1018 976 Thesis
1041 915 1113 979 XII.

411 1003 481 1066 Etsi
504 1021 576 1066 vero
600 1001 658 1065 hae
682 1008 744 1065 tres
769 1022 880 1066 causae
903 1003 977 1084 ipsis
1001 1004 1125 1066 brumae
1148 1011 1181 1070 et
1203 1003 1328 1068 solstitii
1346 1003 1453 1067 diebus
1472 999 1685 1066 sunterideu·

321 1092 468 1168 tissimae,
492 1110 550 1154 non
574 1099 675 1154 tamen
700 1091 737 1152 de
761 1092 945 1156 necessitate
968 1091 1030 1154 illic
1054 1093 1159 1173 frigus,
1184 1093 1232 1155 hic
1256 1093 1339 1155 calor
1362 1094 1421 1155 erit
1440 1091 1571 1154 omnium
1586 1089 1685 1153 maxi-

321 1201 405 1244 mus:
440 1181 494 1244 sed
518 1179 637 1243 accedit
661 1180 720 1242 alia
745 1200 855 1256 causa,
890 1199 966 1261 quae
1000 1181 1195 1262 quantumin
1219 1201 1306 1256 sese,
1334 1182 1473 1264 hyemem
1497 1201 1516 1243 a
1538 1178 1686 1262 principio

321 1270 488 1343 Februarii,
512 1275 663 1331 aestatem
682 1290 700 1330 a
723 1269 868 1349 principio
892 1269 1026 1350 Augusti
1054 1271 1103 1332 vel
1126 1271 1259 1341 circiter,
1281 1272 1374 1334 faciet
1391 1271 1549 1350 majorem.
1593 1267 1688 1330 Terra

322 1359 403 1422 enirn
427 1367 459 1420 et
483 1378 562 1439 aqua
585 1365 656 1420 sunt
678 1377 785 1420 crassa
808 1377 949 1438 corpora,
982 1379 1037 1420 nec
1068 1368 1197 1440 possunt
1226 1379 1283 1424 uuo
1314 1368 1465 1422 momento
1493 1357 1622 1432 calfieri,
1657 1365 1690 1418 et

323 1447 457 1510 calfacta
480 1447 561 1509 circa
584 1465 717 1508 mensem
740 1445 872 1522 Ionium,
897 1445 970 1509 Sole
994 1447 1156 1524 altissimo,
1186 1449 1318 1511 retinent
1348 1448 1530 1530 aliquamdiu
1555 1446 1687 1508 calorem

323 1535 380 1599 sibi
404 1537 525 1618 penitus
548 1535 726 1615 impressum
751 1536 826 1610 (etsi
850 1535 1096 1616 superficietenus
1119 1537 1204 1600 illum
1235 1537 1361 1620 singulis
1389 1537 1528 1600 noctibus
1552 1533 1688 1598 nonnihil

322 1625 496 1700 remittant)
530 1631 653 1704 propter
686 1625 868 1687 densitatem
901 1624 1047 1688 materiae
1076 1632 1107 1688 et
1134 1627 1372 1707 magnitudinem
1394 1644 1566 1708 corporum,
1596 1631 1687 1706 atque

323 1715 369 1776 ita
390 1712 473 1776 Junii
495 1713 628 1775 calorem
652 1715 687 1775 de
711 1713 877 1793 praeterito
908 1731 974 1774 cum
999 1713 1098 1776 calore
1117 1714 1191 1778 Julii
1211 1724 1244 1779 et
1261 1715 1395 1798 Augusti
1415 1715 1579 1778 cumulant.
1604 1713 1689 1776 Idem

323 1801 354 1865 in
379 1801 561 1866 contrarium
585 1801 742 1865 dicendum
762 1801 798 1863 de
822 1801 933 1881 frigore
956 1802 1082 1884 hyemis.

885 1888 1018 1952 Thasie
1041 1891 1130 1956 XIII.

414 1980 497 2044 Idem
517 1977 663 2060 J'ndioium
687 1986 753 2042 esto
778 1977 869 2040 etde
893 1980 968 2041 hora
992 1980 1124 2042 secunda
1147 1980 1225 2054 diei,
1255 2000 1331 2061 qnae
1359 1980 1484 2044 calidior
1508 1987 1571 2056 est,
1598 1999 1687 2060 quam

325 2069 511 2143 duodecima,
536 2067 594 2130 etsi
617 2066 670 2130 Sol
691 2068 756 2148 jam
779 2064 870 2129 cadit.
915 2067 1001 2130 Idem
1016 2069 1094 2130 enim
1109 2069 1156 2131 bic
1171 2077 1310 2150 praestat
1325 2077 1391 2145 atr,
1417 2069 1496 2152 quod
1523 2069 1587 2132 illic
1606 2078 1689 2135 terra

325 2159 490 2239 praestitit.
536 2155 616 2220 Nam
640 2162 710 2228 aer,
734 2164 769 2219 ut
792 2155 889 2218 monis
915 2155 1089 2232 admodum,
1118 2159 1245 2222 celerius
1276 2159 1396 2239 quidem
1419 2177 1507 2240 quam
1532 2166 1616 2222 terra
1640 2160 1687 2220 al-

325 2254 452 2316 teratur,
477 2265 535 2307 non
559 2254 660 2308 tamen
685 2245 803 2307 omnino
827 2244 939 2307 subito.
977 2245 1109 2309 Accedit
1133 2255 1234 2310 tamen
1259 2248 1326 2324 buc,
1351 2248 1378 2312 si
1402 2267 1458 2310 non
1484 2254 1552 2310 tota
1575 2247 1688 2312 Terrae

328 2335 524 2418 corpulentia,
550 2342 584 2396 at
606 2334 715 2396 saltem
738 2333 921 2416 superficies.

886 2421 1022 2484 Thesis
1045 2421 1134 2485 XIV.
1526 2483 1529 2490 ,

415 2509 463 2572 Ex
487 2509 591 2572 eodem
606 2510 800 2574 fundamento
815 2509 947 2591 praedici
966 2519 1079 2591 potest,
1100 2509 1310 2596 Septembrem
1325 2517 1357 2574 et
1370 2509 1545 2586 Octobrem,
1565 2519 1690 2592 propter
1786 2493 1793 2514 ⁹

328 2602 405 2663 banc
429 2600 548 2680 quidem
571 2619 703 2670 causam,
728 2599 887 2662 calidiores
912 2602 1028 2662 futuros
1053 2619 1141 2680 quarn
1164 2601 1308 2665 Martium
1332 2607 1364 2663 et
1387 2599 1605 2664 Februarium:
1631 2599 1691 2662 etsi

202 2755 205 2761 ,
327 2689 466 2770 utrinque
489 2689 660 2776 Iuturaest
684 2689 791 2752 e‘adem
814 2689 874 2752 diei
898 2688 1063 2770 longitudo.

887 2771 1019 2840 Thasia
1042 2775 1116 2840 XV.

418 2865 528 2928 Altera
551 2884 644 2929 causa
672 2866 800 2947 physica
823 2865 1133 2947 praedictionumest
1156 2863 1267 2928 Luna.
1309 2865 1387 2928 Nam
1409 2865 1598 2946 experientia
1618 2885 1689 2946 pro·
1799 2861 1802 2866 ⁴

328 2957 431 3019 batum
455 2962 512 3031 est,
537 2955 635 3016 omnia
659 2953 780 3018 humore
805 2955 979 3018 constantia
1002 2963 1156 3018 crescente
1171 2951 1258 3017 Luna
1281 2961 1470 3034 turgescere;
1495 2955 1691 3018 decrescente

329 3044 495 3108 subsidere.
543 3041 629 3114 Quae
653 3063 713 3106 una
735 3063 784 3106 res
807 3045 1001 3125 plurImarum
1025 3045 1205 3107 electionum
1228 3051 1260 3106 et
1282 3043 1522 3123 praedictionum
1546 3043 1577 3106 in
1600 3063 1690 3106 oeco-

329 3133 438 3208 nomia,
463 3151 495 3195 re
518 3133 644 3207 rustica,
669 3132 826 3203 medicina,
850 3133 981 3202 nautica,
1006 3152 1100 3195 causa
1123 3141 1181 3196 est.
1210 3131 1373 3196 Rationem
1395 3131 1484 3212 hujus
1498 3134 1690 3216 sympathiae

330 3222 459 3284 nondum
477 3221 612 3301 perfecte
636 3222 788 3302 cognitam
811 3222 924 3284 habent
947 3221 1074 3304 physici.
1719 3215 1721 3218 ’

889 3309 1020 3373 Thesis
1042 3309 1131 3375 XVI.

420 3397 479 3458 Est
501 3404 602 3458 autem
626 3397 736 3476 duplex
758 3399 863 3462 Lunae
885 3399 1000 3475 virtus,
1025 3398 1124 3461 altera
1146 3405 1315 3473 menstrua,
1341 3397 1377 3460 de
1403 3416 1459 3478 qna
1480 3397 1547 3477 jam
1571 3397 1650 3475 dixi,
1675 3419 1693 3459 a

330 3485 467 3550 mutabili
492 3486 597 3547 Lunae
622 3485 697 3548 facie
723 3488 912 3566 dependens;
939 3487 1037 3551 altera
1060 3488 1297 3562 semimenstrua,
1324 3494 1356 3548 et
1378 3487 1417 3550 ob
1440 3486 1471 3549 id
1487 3485 1581 3549 etiam
1596 3487 1690 3550 semi-

330 3575 445 3651 diurna,
470 3594 546 3655 quae
570 3573 599 3635 in
624 3575 805 3638 medicorum
829 3575 957 3640 crisibus
980 3577 1070 3658 inque
1093 3576 1186 3638 maris
1215 3583 1302 3638 aestu
1322 3577 1474 3658 reciproco
1498 3575 1692 3655 potissimam

329 3665 391 3726 vim
413 3664 516 3736 babet,
541 3664 577 3724 de
602 3683 660 3744 qua
683 3661 771 3727 infra.

875 3750 1013 3814 Thesis
1036 3748 1140 3816 XVII.

420 3837 652 3918 Quibuscunqne
675 3839 777 3922 itaque
802 3841 907 3904 diebus
931 3840 960 3903 iu
985 3841 1159 3904 calendario
1182 3838 1365 3903 novilunium
1389 3839 1555 3916 invenitur,
1581 3839 1689 3904 humo-

330 3948 380 3991 res
408 3935 552 4009 quantum
585 3948 604 3989 a
630 3929 717 3990 Luna
747 3931 880 4011 pendent
917 3937 1004 3992 erunt
1036 3929 1197 4006 imminuti,
1242 3927 1350 4010 quibus
1378 3950 1450 3993 vero
1480 3928 1688 4011 plenilunium,

331 4017 422 4080 aucti.
469 4017 515 4080 At
537 4036 604 4080 cum
627 4017 656 4079 in
680 4019 726 4080 his
746 4019 936 4100 jamdictis,
971 4027 1035 4082 tum
1059 4020 1152 4081 etiam
1175 4019 1204 4081 in
1230 4019 1422 4100 quadraturis
1452 4019 1594 4084 humores
1623 4039 1688 4082 mo-

330 4105 478 4168 vebuntur
503 4107 612 4169 valide.
660 4107 745 4170 Haec
770 4117 818 4171 est
832 4107 963 4188 simplex
987 4117 1018 4171 et
1041 4127 1122 4170 mere
1147 4107 1332 4190 astrologica
1353 4108 1536 4188 praedictio,
1562 4109 1690 4192 quaesi

330 4194 545 4276 persingulas
570 4203 653 4258 artes
678 4197 877 4274 diduceretur,
905 4197 1077 4278 astrologus
1100 4196 1213 4262 limites
1238 4217 1311 4260 suae
1334 4197 1533 4280 professionis
1558 4199 1688 4262 excede-

331 4292 388 4360 ret,
412 4284 555 4366 fieretque
580 4283 725 4365 agrieola,
749 4287 892 4360 medicus,
917 4286 1069 4368 chymicus
1094 4287 1147 4350 bc.

871 4375 1004 4438 Thesis
1027 4369 1147 4438 XVIII.

419 4462 573 4526 Interdum
607 4470 707 4528 tamen
735 4463 819 4544 ipsos
847 4463 960 4528 moueri
991 4463 1123 4545 expedit.
1170 4461 1224 4527 Uti
1247 4460 1392 4544 chymicis
1421 4461 1498 4526 baec
1527 4482 1585 4546 ego
1615 4484 1687 4546 pro-

329 4566 424 4633 pono,
456 4549 552 4615 videri
582 4552 779 4634 plenilunium
808 4551 917 4618 fusioni
950 4551 1141 4616 metallorum
1172 4551 1346 4627 adversum,
1378 4559 1502 4633 propter
1535 4554 1688 4617 humidum

330 4639 418 4704 nimis
443 4647 552 4705 atram.
599 4641 634 4704 Id
664 4641 690 4705 si
719 4649 782 4718 est,
816 4661 944 4726 magnus
974 4641 1087 4706 orIetur
1104 4647 1296 4724 aspectuum
1325 4641 1461 4709 delectus
1489 4641 1530 4706 ad
1554 4641 1689 4726 ipsorum

330 4747 415 4807 opus.
