3542 5528
727 151 889 244 mwm
1436 179 1479 249 m

132 357 190 402 neo
216 338 342 404 nomine.
398 343 483 408 Idem
510 344 601 406 stiam
628 362 695 406 meo
723 343 842 408 nomine
870 361 970 416 meam
997 365 1040 408 sc.
1069 343 1320 408 officiosissimam
1351 343 1480 408 salutem

132 427 248 508 collegio
270 429 484 512 philosophico
508 433 600 498 dicas.
647 432 730 494 Deus
753 431 810 493 tibi
834 431 1028 496 domesticum
1053 443 1216 498 moerorem
1240 432 1345 512 maiori
1362 431 1481 496 taetitia

131 516 206 580 brevi
226 531 417 600 compenset.
465 521 554 598 Vale,
579 531 610 584 et
633 521 933 598 Ludovicumfilium,
959 522 1202 604 quijamprocul
1219 520 1480 602 dubiopatrissat,

131 627 147 668 a
167 607 297 670 studioso
322 611 500 674 matheseos
524 611 632 674 salute.
678 610 836 678 Nostram
845 611 931 674 vobis
955 611 1091 674 omnibus
1114 609 1273 706 ecclesiam
1298 610 1481 686 commendo,

131 695 468 780 vestrisqueprecibus.
518 697 608 762 1.11
636 697 719 762 Juoii
742 720 791 762 ao.
819 697 913 765 1598

616 789 705 852 Hum.
730 789 766 854 T.
791 787 880 854 Grat.
905 789 989 856 Disc

1140 857 1394 962 mamm

188 1053 278 1104 Paucis
297 1061 359 1118 post
376 1053 501 1106 mensibus
520 1054 586 1106 aliae
606 1055 744 1120 Keplerum
762 1056 892 1106 turbarunt
910 1055 1065 1122 theologicae
1092 1056 1264 1118 calamitates,
1290 1057 1414 1122 grarimm
1435 1054 1483 1116 hir,

125 1141 180 1190 quar
196 1127 221 1175 in
239 1127 388 1190 murrensis
406 1127 505 1191 tangit,
525 1132 567 1194 et,
587 1128 657 1190 quasi
672 1130 726 1190 lam
744 1128 887 1197 ingruentes
905 1125 1074 1194 praesagiehti
1094 1129 1175 1178 auimo
1193 1128 1323 1186 divinans,
1343 1127 1482 1178 concludit:

127 1205 245 1254 ,noem
262 1199 334 1248 robis
355 1198 467 1248 omnihus
485 1197 616 1248 ecclesiam
635 1198 805 1249 commendo.“

189 1268 372 1322 Gshmitstem
391 1275 561 1333 erumpentem
578 1270 616 1320 hir
635 1271 739 1322 nunciat
757 1269 903 1322 Maestliuo:

204 1410 342 1474 Pandite
367 1431 444 1474 nunc
468 1399 614 1475 Helicona
628 1412 723 1490 Deae,
748 1419 914 1494 cautusque
929 1419 1058 1482 roovete.
1096 1411 1158 1476 Sed
1173 1414 1242 1496 quid
1259 1421 1366 1476 cantus
1380 1432 1482 1495 posco.

123 1501 164 1564 cui
187 1501 260 1564 fletu
286 1520 364 1582 opus
390 1501 457 1564 est?
493 1500 571 1566 Rem
599 1502 733 1565 breviter
754 1501 870 1594 nectite.
917 1501 981 1566 Vix
1002 1502 1138 1566 redierat
1160 1524 1199 1566 ex
1221 1503 1312 1566 ltalia
1334 1503 1482 1582 princeps,

124 1591 344 1661 eumoccidit,
368 1589 559 1672 utpicturae
583 1591 730 1672 quaedam
753 1611 865 1654 aeneae
889 1590 918 1654 io
941 1610 1039 1673 papae
1063 1593 1273 1656 coutumeliam
1297 1591 1344 1657 hic
1368 1592 1483 1654 distra-

123 1682 272 1745 herentur.
313 1680 460 1761 Princeps
483 1688 592 1744 vocato
615 1679 831 1754 ordinariorum
854 1681 1004 1762 praeside,
1027 1700 1143 1762 pacem,
1158 1681 1273 1764 inquit,
1297 1681 1356 1744 etsi
1371 1681 1482 1756 darem,

123 1771 176 1873 ipsi
198 1770 359 1852 respuitis.
405 1769 454 1834 Ex
478 1789 513 1832 eo
532 1757 721 1852 bibliopola,
733 1769 869 1860 quamtis
887 1770 1114 1852 provincialium
1128 1771 1275 1846 minister,
1290 1771 1484 1852 'jussuprim

124 1860 194 1940 cipis
217 1859 247 1922 iu
274 1879 431 1922 carcerem
455 1857 511 1922 fuit
534 1860 699 1941 conjectus.
747 1860 782 1924 ld
806 1854 918 1924 iactum
943 1880 1045 1922 mense
1062 1859 1155 1924 Julio.
1201 1860 1316 1936 Eodem
1340 1865 1483 1940 tero'pore,

123 1969 185 2012 cum
217 1957 348 2014 nostrae
386 1948 585 2012 confessionis
615 1949 835 2032 Elemosyuarii
867 1957 1073 2031 premerentur
1108 1951 1158 2014 vel
1188 1949 1424 2035 praeterirentur
1455 1948 1484 2012 iu

125 2039 269 2102 communi
294 2037 452 2120 hospitali,
478 2045 509 2102 et
532 2046 713 2110 mortuorum
737 2057 863 2124 corpora
881 2057 936 2119 pro
960 2039 1115 2120 sepultura
1137 2038 1225 2102 nimis
1249 2055 1389 2120 magnum
1411 2057 1484 2102 vec·

124 2128 194 2206 tigal
217 2129 355 2214 pendere
379 2128 570 2196 viderentur:
595 2129 821 2210 promulgarunt
845 2127 942 2190 nostri
965 2128 1002 2190 de
1022 2136 1181 2210 suggestu,
1207 2148 1316 2192 novum
1339 2128 1484 2190 coemite-

124 2216 204 2292 rium,
229 2237 347 2282 uovum
369 2217 521 2298 hospitale
544 2235 598 2296 pro
622 2216 823 2294 nostratibus,
848 2215 1084 2282 contributiones
1108 2215 1283 2282 Chrhtiaoo
1308 2235 1388 2280 more
1412 2237 1483 2278 sua·

126 2315 234 2370 serunt.
285 2309 332 2370 At
355 2327 422 2370 cum
453 2313 640 2386 praestemus
672 2326 809 2382 numero,
844 2324 985 2387 magnum
1014 2307 1084 2388 quid
1110 2307 1270 2388 pontificiis
1295 2308 1486 2370 decessurum
1581 2367 1585 2374 ,

126 2403 196 2458 erat
246 2393 381 2459 Sublata
404 2395 504 2476 itaque
534 2404 582 2459 est
614 2397 776 2460 autoritate
799 2395 942 2477 principis
966 2395 1020 2458 illa
1043 2397 1168 2461 molitio.
1215 2397 1321 2458 Mense
1347 2395 1485 2476 Augusto

127 2486 352 2566 praeambulum
375 2484 550 2565 tragoediae
575 2485 640 2547 luit.
678 2484 932 2567 Archipresbyter
954 2486 1038 2550 urbis
1060 2505 1114 2565 pro
1138 2486 1229 2548 cilicii
1243 2485 1359 2548 ratione
1373 2484 1486 2548 uostris

14 2631 15 2634 ,
127 2575 388 2638 concionatoribus
412 2575 491 2638 omui
524 2573 668 2637 exercitio
700 2574 854 2654 religionis
892 2582 924 2637 et
947 2575 1207 2639 administratione
1231 2581 1487 2642 sacramentorum

127 2663 429 2744 benedictionumque
452 2661 665 2744 conjugialium
687 2661 852 2741 interdixit,
870 2655 1039 2744 'praetenso
1056 2665 1140 2745 jure,
1166 2664 1244 2744 quod
1267 2663 1381 2728 habeat
1403 2661 1485 2726 anti-

130 2753 223 2832 quitus
249 2753 302 2836 qui
326 2753 385 2814 loci
404 2760 453 2814 est
476 2751 737 2834 archipresbyter,
761 2751 846 2833 cujus
870 2753 1033 2834 vectigalia
1051 2753 1238 2826 minuantur,
1263 2753 1405 2818 aliorsum
1428 2751 1485 2814 ab·

130 2844 249 2905 stractio
276 2841 359 2906 hisce
383 2841 479 2904 sacris
502 2841 767 2922 negotiationibus.
808 2841 1004 2922 Respondera
1027 2861 1082 2922 pro
1104 2842 1248 2906 ministris
1268 2842 1379 2904 nostris
1403 2841 1486 2902 ordi·

129 2931 210 2995 uarii.
258 2931 437 3013 Replicarit
459 2931 553 2994 semel
577 2939 667 3011 atque
691 2930 807 3006 iterum,
835 2940 866 2994 et
890 2931 1017 3014 denique
1041 2932 1194 2994 brachium
1218 2931 1372 2992 saeculare
1396 2929 1485 2992 lovo-

130 3021 216 3084 cavit.
251 3021 410 3101 Princeps,
434 3019 542 3084 debere
567 3039 600 3084 se
626 3020 752 3084 tutelam
775 3039 833 3082 ooo
857 3019 944 3082 nobis
968 3027 1087 3086 tautum
1110 3021 1216 3083 sedet
1238 3019 1300 3081 suis
1324 3017 1483 3098 religiosis,

130 3108 226 3190 itaque
252 3109 334 3191 quod
357 3115 450 3171 autea
472 3109 605 3171 facturus
630 3117 697 3172 erat
718 3108 839 3190 propria
863 3108 1039 3184 devotione,
1067 3109 1098 3171 id
1122 3129 1198 3171 nunc
1221 3108 1411 3188 imploratum
1436 3107 1484 3169 la-

131 3217 212 3273 cere,
248 3207 283 3262 et
315 3199 472 3274 mandare,
505 3205 540 3262 ut
567 3197 709 3261 ordinarii
741 3199 821 3261 intra
856 3193 896 3262 11
925 3193 990 3262 di'es
1012 3199 1136 3262 mittant
1158 3218 1260 3265 omues
1283 3197 1429 3260 ecelesiae
1453 3202 1485 3256 et

15 3289 16 3358 1
133 3289 250 3352 scholae
267 3287 370 3350 Gratii
385 3294 415 3348 et
428 3286 621 3369 Judeburgae
636 3288 798 3362 ministros,
824 3307 934 3368 eosque
957 3289 987 3350 in
1011 3296 1166 3352 aeteruum
1188 3286 1396 3350 haereditariis
1421 3284 1484 3346 soie

15 3413 17 3464 3
131 3378 290 3456 provinciis
324 3377 477 3440 abstinere
510 3376 565 3439 sub
602 3395 701 3458 poena
731 3375 846 3456 capitis
868 3377 1007 3457 jubeant.
1061 3377 1190 3440 Factum
1223 3375 1272 3442 10.
1311 3373 1364 3440 20.
1396 3374 1482 3458 Sept.

16 3547 17 3554 ἵ
131 3465 372 3564 Responderunt,
395 3485 482 3528 suum
505 3484 572 3528 esse
595 3465 673 3528 tueri
694 3482 841 3546 personas
865 3467 921 3529 has
944 3473 1050 3530 contra
1072 3465 1150 3543 vim,
1175 3467 1293 3528 mittere
1317 3485 1375 3527 oon
1399 3483 1483 3526 suum

132 3555 204 3631 esse',
230 3557 285 3619 sed
309 3556 403 3618 totius
426 3563 602 3617 conventus.
648 3554 745 3618 Erant
767 3564 830 3618 turn
853 3554 902 3617 hic
924 3553 1064 3637 Hispani,
1089 3575 1232 3638 sponsam
1256 3555 1335 3636 regis
1354 3555 1483 3617 comita-

132 3647 196 3720 turi,
222 3654 255 3708 et
267 3653 339 3726 post
351 3645 472 3708 biduum
488 3641 651 3706 discessuri
665 3663 731 3706 cour
746 3641 885 3738 Styriaco
901 3646 1045 3709 comitatu
1069 3646 1134 3726 (qui
1158 3655 1239 3714 totus
1264 3664 1301 3710 ex
1323 3642 1483 3734 pontificiis

134 3735 232 3798 debuit
264 3735 420 3807 constare)
448 3732 641 3812 putabantur.
686 3722 831 3815 Princeps
858 3731 906 3798 11.
933 3730 986 3801 21.
1010 3732 1097 3816 Sept.
1131 3734 1255 3799 nohis
1248 3733 1323 3839 rpsis
1345 3729 1483 3813 imperat,

134 3832 164 3886 ut
193 3827 274 3887 iutra
305 3832 446 3886 octavum
478 3822 557 3884 diem
588 3821 749 3904 provinciis
781 3823 844 3886 suis
877 3823 1025 3887 abiremus
1058 3823 1114 3886 sub
1136 3842 1235 3904 poena
1257 3821 1398 3903 capitis.
1424 3821 1484 3882 Diu

134 3915 250 3996 scriptis
265 3919 470 3976 concertatum
484 3910 648 3992 principem
662 3911 740 3974 inter
754 3921 785 3974 et
799 3911 975 3987 ordinarios,
999 3913 1107 3994 (qui
1078 3914 1192 3977 vicinos
1206 3931 1345 3996 proceres
1370 3927 1483 3974 convo-

134 4011 282 4078 caverant,
309 4001 364 4064 sed
388 4018 531 4081 aquarum
554 4001 691 4064 maximis
714 4007 746 4066 et
764 4001 893 4084 insolitis¹
906 4003 1159 4078 inundationibus,
1184 4003 1368 4084 quae'etiam
1381 3981 1523 4080 meuse*

134 4093 269 4174 Augusto
294 4093 388 4164 fuere,
411 4089 553 4171 impediti,
577 4109 635 4152 nou
659 4091 740 4156 ultra
763 4087 1058 4168 theorematum).
1104 4088 1481 4174 Tandentmtsept.

134 4191 199 4244 ante
222 4181 307 4245 Solis
330 4198 470 4243 occasum
491 4181 646 4242 universos
669 4199 724 4242 nos
745 4179 885 4262 princeps
908 4181 980 4244 urhe
1004 4181 1133 4258 migrare
1158 4189 1282 4264 etpost
1304 4177 1481 4257 11ιί1011)ιί-

134 4291 193 4333 uroe
216 4269 236 4332 7
261 4271 328 4334 dies
353 4268 434 4331 exire
456 4269 616 4347 provinciis
628 4269 780 4332 ’atrociori
803 4271 1059 4334 commendatione
1078 4270 1182 4350 jussit.
1220 4273 1335 4354 ltaque
1356 4269 1392 4329 de
1407 4283 1481 4326 con-

134 4361 197 4422 silio
220 4369 251 4422 et
269 4361 361 4442 jussu
384 4375 537 4438 procerum
558 4357 722 4434 exivimus,
753 4359 867 4422 relictis
891 4359 1087 4440 conjugibus,
1117 4361 1276 4423 hincinde
1301 4355 1427 4438 dispersi
1453 4352 1482 4412 in

134 4449 281 4530 Uogariae
306 4455 340 4512 et
365 4444 506 4510 Oroatiae
529 4447 612 4525 fines,
636 4447 687 4511 ubi
712 4445 827 4512 Caesar
849 4448 990 4529 imperat.
1024 4447 1144 4512 Salaria
1167 4449 1347 4512 obtinuimus
1370 4439 1481 4503 nibi10·

134 4539 238 4614 minus,
272 4537 391 4601 viatica
414 4536 532 4616 insuper
554 4537 743 4619 accepimus,
772 4536 851 4617 jussi
884 4539 962 4602 hauc
989 4538 1033 4600 sic
1058 4539 1187 4600 tolerare
1212 4539 1377 4599 somonam,
1411 4527 1481 4590 dum

134 4637 294 4692 conventus
319 4625 480 4690 habeatur.
524 4627 555 4688 ls
579 4627 676 4690 adhuc
700 4635 847 4708 speratur.
893 4627 959 4708 Ego
981 4637 1052 4709 post
1075 4639 1208 4689 mensem
1231 4621 1438 4697 reditiones
1463 4635 1483 4676 ὃ

134 4717 272 4800 principis
297 4712 461 4796 ministris,
485 4715 534 4804 qui
555 4735 602 4783 me
626 4724 774 4786 exemtum
798 4715 948 4806 dicebaut.
996 4713 1170 4802 Supplicavi
1193 4723 1300 4788 tameo,
1325 4703 1386 4786 oti,
1411 4703 1483 4790 quia
