3674 5528
324 259 390 328 344
750 259 851 312 Litesae
869 259 973 324 Kapisri
990 259 1140 324 abmqns
1157 265 1260 312 mamae

323 425 355 486 iu
379 417 427 486 2⁰
448 419 476 496 ὅ
498 419 704 499 parallaotice‚
728 427 901 484 esttamen
924 419 1006 482 ultra
1033 413 1096 480 17ο
1118 417 1147 494 ὅ
1170 419 1348 494 eccentrice‚
1373 426 1407 482 et
1428 435 1499 482 vero
1523 419 1591 499 ipse
1610 435 1684 500 pro-

324 511 406 593 prius
428 509 540 572 Martis
563 517 663 574 motus
687 508 762 572 iacit
785 507 978 581 latitudines;
1001 507 1176 587 parallaxes
1200 515 1319 570 tantum
1333 515 1449 588 sugent
1466 509 1515 570 rel
1535 509 1682 584 minuunt,

323 600 428 682 quales
452 597 617 662 inveniunt.
662 599 709 661 De
740 598 903 661 directione
932 595 1130 675 objectionem
1155 597 1227 658 dilui
1260 598 1350 660 modo
1373 615 1441 658 meo
1469 617 1563 676 supra
1587 615 1682 678 expo-

323 688 394 762 sito,
418 686 468 766 qui
491 686 586 749 habet
608 695 844 749 consentaneum
867 693 900 746 et
923 685 1092 747 naturalem
1107 685 1236 758 modum,
1261 695 1295 748 ut
1308 685 1374 747 dies
1393 684 1545 764 significet
1559 705 1684 748 annum.

393 773 579 828 Fabricius:
607 775 790 842 'l'engusgiinru
816 775 849 825 ad
867 773 1064 838 respondendnm
1082 785 1184 824 mareas
1206 779 1233 824 et
1251 774 1317 825 brevi
1335 773 1486 838 respondeas
1504 775 1537 826 ad
1555 776 1643 824 omnia
1660 781 1687 825 et

322 845 434 914 singnia3
453 847 490 898 sic
508 860 548 898 ms
567 846 600 896 ad
617 847 689 910 plura
706 845 874 912 ucogitanda
891 845 1015 902 incitabis.
1033 849 1062 894 ut
1079 844 1202 895 hacteuus
1221 845 1324 896 tactum.
1413 897 1415 905 ,

393 916 459 967 Vale
483 919 696 980 praestantissime
722 918 773 974 sir,
797 917 853 982 rige
871 922 897 967 et
915 915 974 965 tiore
1002 921 1028 966 et
1045 915 1170 980 triumpha
1188 913 1214 976 d
1230 921 1261 967 'at
1278 923 1364 968 cetera
1382 922 1467 974 astra;
1491 931 1537 966 nos
1556 915 1686 979 astropbili

322 989 443 1039 tubicines
461 987 555 1054 gloriae
573 994 633 1039 tuae
651 989 745 1039 ursuni
764 989 853 1040 erimm
872 992 898 1038 et
917 1001 972 1038 esse
991 985 1109 1037 sommus.
1148 985 1238 1037 Saluta
1249 987 1368 1038 circulum
1381 993 1452 1038 tuum
1465 1001 1496 1038 en
1507 1001 1548 1038 me
1561 987 1683 1042 officiose.

322 1057 457 1110 Dominum
475 1057 633 1110 Matthaenm
652 1056 824 1123 (Sefimdum)
842 1064 868 1110 et
885 1059 955 1108 alios.

392 1129 458 1181 Vale
475 1127 522 1180 bc.
558 1131 657 1181 Essuse
676 1132 700 1182 d.
720 1127 762 1178 21.
781 1131 841 1181 Jun.
861 1145 886 1178 r.
903 1135 936 1179 st.
957 1125 1034 1178 1666.

392 1199 422 1252 ln
440 1200 518 1251 literis
535 1201 693 1260 brevioribus,
712 1215 776 1266 qnae
794 1201 841 1252 brs
859 1207 961 1251 secutae
980 1205 1048 1262 snut,
1065 1198 1130 1252 baec
1149 1198 1354 1261 deprehendimus
1371 1197 1420 1248 huc
1439 1199 1587 1251 celeranda:

260 1325 270 1338 ,
392 1271 421 1322 ln
433 1270 578 1333 Hellaudia,
598 1273 682 1324 scribit
694 1272 878 1329 Fabricius,
898 1273 1069 1321 morituraute
1088 1285 1181 1321 anunm
1194 1269 1354 1320 Martinus
1373 1269 1550 1320 Ererartns
1569 1277 1683 1321 astrouo

320 1357 384 1394 mua.
421 1341 491 1392 Duos
508 1343 542 1392 ibi
561 1343 656 1402 iuraui,
675 1345 729 1409 qui.
755 1349 856 1406 praeter
875 1340 1037 1406 Scaligerum,
1062 1343 1239 1406 quadraturam
1261 1339 1344 1390 circuli
1368 1348 1490 1392 asserunt.
1528 1343 1682 1394 Germanae

321 1413 372 1465 illic
389 1413 499 1471 maximi,
519 1415 653 1464 astronomi
673 1413 809 1478 proletarii,
830 1413 949 1477 astrologi
967 1411 1037 1461 nulli.
1074 1411 1154 1462 ibrum
1174 1410 1332 1462 Prodromum
1351 1410 1434 1461 multis
1453 1411 1635 1463 commendari.

392 1481 469 1536 Plura
486 1497 553 1534 nune
571 1499 621 1534 non
638 1484 732 1542 babeo.
760 1484 825 1550 qnod
850 1489 895 1534 tua
922 1483 955 1534 ad
973 1485 1054 1532 rarius
1072 1497 1141 1534 araas
1160 1483 1260 1533 divorsis
1278 1482 1430 1546 temporibus
1453 1489 1479 1532 et
1496 1483 1575 1533 literis
1594 1499 1682 1548 propo·

323 1555 385 1606 sitas
403 1555 562 1619 quaestiones
581 1555 686 1606 sollicste
704 1561 845 1620 asspectum
863 1566 998 1618 responsas
1016 1554 1082 1618 qnod
1099 1569 1147 1619 qno
1166 1555 1238 1604 citius
1256 1553 1352 1614 leceris,
1372 1567 1401 1604 so
1419 1555 1514 1618 gratius
1533 1555 1589 1604 erit
1629 1555 1684 1606 ila·

322 1626 391 1676 bobis
409 1631 498 1689 postea
515 1626 673 1684 mirabiliore,
692 1640 757 1692 quse
775 1625 824 1676 buc
841 1625 900 1676 illuc
918 1625 944 1674 in
961 1625 1071 1675 Bataria
1089 1631 1236 1676 consecutus
1254 1639 1316 1674 surn.

392 1694 483 1748 Saluta
500 1696 533 1747 D.
553 1696 735 1748 Cancellsrinm
752 1703 862 1746 neruum
881 1704 908 1746 et
924 1695 957 1745 D.
971 1696 1071 1746 Petrum
1083 1695 1238 1752 Viscbesunr,
1256 1701 1374 1760 patronos
1392 1709 1460 1746 meos
1479 1697 1606 1758 qnondam
1616 1697 1684 1762 opti-

320 1781 382 1824 mos,
401 1781 503 1831 qnorum
521 1768 654 1819 destitutus
673 1767 773 1820 oonsilio
792 1773 819 1818 at
836 1767 926 1818 anxilio
945 1781 1012 1817 nunc
1030 1767 1120 1818 misera
1137 1768 1190 1817 siro
1209 1774 1236 1816 et
1253 1767 1284 1817 de
1302 1765 1465 1830 relinquenda
1484 1767 1568 1830 patria
1588 1769 1684 1836 cogito.

322 1837 344 1888 0
363 1837 505 1889 instabilem
523 1839 619 1888 amam!
639 1838 661 1889 0
679 1839 760 1889 varios
778 1839 852 1888 aulae
871 1837 963 1887 mores!
994 1835 1016 1888 0
1035 1844 1146 1887 monstra
1164 1837 1248 1888 aulica
1266 1838 1324 1888 atris
1344 1837 1449 1886 diriora!

391 1907 525 1960 Dabuntur
542 1909 641 1962 Eseuae
659 1925 690 1960 ex
708 1915 802 1960 memte
820 1923 935 1969 musaeo,
964 1908 1041 1959 dente
1068 1915 1094 1960 at
1112 1910 1262 1975 agomsante
1279 1907 1377 1959 Urania
1400 1913 1487 1956 noema
1504 1907 1529 1956 d.
1551 1904 1593 1956 11.
1614 1907 1686 1972 (21.)

321 1979 386 2046 Aug.
407 1977 484 2029 1666.
1088 1980 1159 2030 Tuae
1177 1979 1353 2030 humandae
1371 1977 1555 2029 addictissimus

1191 2049 1224 2100 D.
1243 2050 1419 2100 Fabricius.

393 2117 497 2184 Spectat
524 2119 561 2170 bis
584 2120 689 2185 querelis
714 2119 801 2185 (quas.
833 2121 864 2170 ob
886 2134 987 2170 manum
1015 2121 1059 2170 riri
1086 2122 1153 2171 lectu
1175 2120 1345 2172 difficillimam
1372 2135 1421 2169 nou
1449 2119 1523 2183 plane
1549 2120 1684 2172 enucleare

320 2188 456 2254 potuimus)
480 2191 607 2242 Fabricius
626 2205 694 2256 spem
712 2193 775 2242 forte
798 2197 851 2241 tum
868 2193 985 2254 temporis
1003 2197 1112 2247 munem,
1129 2199 1218 2256 postes
1236 2192 1333 2242 demum
1352 2189 1410 2253 (sub
1428 2191 1503 2241 linem
1522 2194 1583 2241 anni
1605 2189 1683 2243 1666.

323 2259 407 2324 Comp.
426 2277 451 2326 p.
471 2257 536 2320 611)
554 2263 588 2311 ad
605 2270 720 2313 eventum
737 2262 883 2327 perductam
902 2261 986 2314 mens
1004 2261 1115 2313 Ostelsm
1133 2263 1334 2329 manamigrandl.

391 2340 548 2404 Keplerus
574 2341 639 2392 baec
665 2347 763 2392 emaum
787 2342 926 2406 respondis:
965 2332 1051 2404 Quae
1085 2333 1235 2396 mirabilia
1266 2331 1394 2413 Belgica
1422 2333 1546 2414 jactus,
1585 2335 1683 2414 primo

320 2437 436 2500 quoque
460 2426 595 2501 tempore
619 2422 728 2484 scribe.
777 2421 1016 2486 Commentarios
1035 2419 1298 2503 serpayossdcssae
1320 2422 1406 2502 parvi
1422 2421 1518 2495 iacio;
1543 2443 1608 2485 reru
1623 2423 1682 2486 im-

317 2507 493 2587 possibilem
517 2517 646 2584 tentant,
672 2511 750 2591 quod
774 2511 856 2583 scio;
880 2509 1033 2584 ἑπιςαμαι,
1058 2511 1188 2590 iuquam.
1215 2515 1312 2584 (cnmp.
1338 2534 1361 2583 p.
1382 2515 1457 2580 ³³8.)

389 2596 560 2648 Fabricius
585 2595 620 2658 (d.
641 2595 683 2647 22.
703 2599 766 2650 Dec.
784 2614 808 2647 r.
827 2603 858 2647 st
885 2595 976 2662 stom:
1006 2598 1106 2660 Quaeso
1131 2598 1276 2662 plurimum,
1303 2603 1333 2647 ut
1356 2598 1516 2662 respondeas.
1554 2597 1637 2650 Video
1656 2607 1681 2650 te

317 2666 486 2732 tergiversari,
513 2667 578 2732 quod
596 2675 622 2719 et
641 2675 726 2733 aperte
743 2670 876 2727 miniteris,
901 2671 949 2720 nisi
967 2671 1000 2720 sd
1019 2676 1089 2720 taam
1108 2669 1351 2720 dissemsttunculsm
1373 2669 1551 2732 respondeam,
1578 2671 1638 2734 quid
1656 2671 1681 2720 in

291 2763 293 2768 ·
321 2751 354 2789 ea
370 2737 471 2802 probem
488 2739 526 2789 rel
544 2741 679 2804 improbem
699 2738 796 2804 (Comp.
810 2755 833 2804 p.
848 2735 922 2799 626).
959 2741 1013 2806 Ego
1033 2747 1101 2793 certe
1120 2756 1169 2790 non
1187 2741 1209 2790 is
1227 2749 1289 2798 aum.
1309 2753 1356 2789 nec
1374 2746 1449 2789 tauta
1467 2745 1507 2789 est
1524 2741 1620 2806 ingenii
1633 2743 1681 2791 mei

317 2809 452 2867 subtilitas,
479 2816 508 2859 nt
531 2811 634 2861 subtiles
660 2818 716 2861 taes
741 2812 851 2861 rationes
875 2813 1018 2875 percipiam.
1055 2811 1122 2862 Nihil
1143 2826 1202 2862 raro
1227 2811 1308 2876 magis
1331 2824 1371 2861 me
1389 2816 1485 2867 movet.
1512 2825 1589 2874 quam
1617 2813 1681 2876 qnod

318 2879 411 2930 Terrae
430 2879 564 2930 animalem
583 2881 730 2933 tamitateru
749 2883 852 2936 tribuas.
872 2894 976 2946 eamque
995 2889 1140 2947 aspectuum
1159 2883 1308 2946 operationis
1331 2895 1414 2932 reram
1434 2895 1537 2932 cansam
1557 2897 1621 2932 esse.
1653 2883 1681 2933 in

318 2951 408 3000 mtaris
425 2950 487 3000 nibil
506 2951 626 3002 desidero.

388 3019 417 3070 ln
436 3020 589 3087 astrologicis
605 3023 705 3086 judiciis
723 3023 853 3089 genesium
877 3037 944 3072 nunc
963 3024 1116 3074 coustantius
1134 3027 1160 3073 et
1178 3021 1377 3086 circumspectior
1403 3035 1458 3072 esse
1476 3022 1584 3088 incipio,
1613 3031 1680 3089 post·

318 3104 393 3154 quam
411 3097 481 3142 tuam
500 3092 743 3144 dissertatiunculsm
760 3091 811 3158 legi
838 3098 864 3144 et
881 3099 939 3144 tuas
957 3095 1067 3143 rationes
1085 3095 1223 3145 contrarias
1245 3093 1357 3158 cognovi.
1396 3091 1468 3153 Quod
1486 3094 1680 3156 profectionibus

316 3161 377 3210 nibil
395 3161 495 3223 tribuis,
522 3163 549 3212 in
568 3177 598 3212 eo
617 3171 644 3214 te
661 3163 766 3214 muitum
784 3178 801 3213 a
819 3177 893 3230 scopo
912 3165 1028 3215 abessam
1046 3179 1090 3214 suo
1109 3170 1219 3230 tempora
1238 3165 1291 3228 ipae
1310 3177 1453 3229 cognoscas.
1491 3163 1564 3223 Scio,
1586 3171 1613 3216 te
1632 3183 1681 3217 non

266 3286 273 3297 ,
315 3229 390 3282 leode
409 3245 476 3281 nnuc
494 3245 653 3308 asseupurum
671 3234 739 3292 mibi,
758 3236 900 3299 priusquam
920 3250 950 3286 en
968 3236 1031 3286 verls
1049 3235 1154 3285 motibus
1174 3233 1200 3294 ό
1220 3241 1245 3285 et
1262 3234 1278 3295 6
1298 3231 1370 3298 (qnos
1390 3233 1471 3284 adhuc
1489 3234 1615 3298 desidero)
1635 3239 1679 3288 u'bi

316 3300 390 3350 fidem
408 3300 504 3362 lacero,
530 3319 578 3355 uec
596 3305 656 3354 mibi
673 3319 769 3370 quoqne
789 3311 867 3356 autea
890 3307 916 3356 iu
935 3305 1046 3356 omuibus
1064 3306 1211 3356 satisfacere
1230 3319 1336 3369 possum.
1374 3303 1431 3355 Nou
1450 3305 1546 3364 dubito,
1566 3315 1593 3358 tc
1614 3301 1646 3375 ό
1663 3309 1682 3378 p

316 3377 343 3420 et
360 3371 384 3432 it
403 3369 539 3438 diligenter¹
551 3390 595 3439 per
611 3377 776 3428 instrumenta
787 3375 932 3439 Tycbouica
949 3377 1101 3428 observasse.
1139 3376 1320 3436 Commuuices.
1338 3389 1440 3443 quaeso
1458 3384 1489 3427 nt
1501 3384 1529 3429 et
1546 3379 1573 3429 in
1593 3373 1623 3445 Q,
1643 3371 1681 3444 Ω.

317 3441 464 3524 Ego-mane
483 3445 550 3496 eirca
566 3446 592 3496 b.
612 3446 637 3496 7.
656 3447 763 3512 positum
780 3447 830 3498 ridi
848 3447 927 3499 bunc:

1206 3549 1253 3614 *s

806 3653 1120 3830 33ii

388 3865 517 3919 Distautla
534 3869 558 3930 il
577 3874 604 3918 et
621 3868 637 3930 b
656 3869 754 3919 circiter
773 3863 818 3919 2⁰.
852 3862 873 3933 Q
891 3870 984 3932 optime
1002 3868 1124 3919 ridebam.
1223 3860 1229 3866 ’

388 3936 513 4001 scripsisti
531 3939 565 3991 ad
583 3938 783 3998 Ridderbnsium,
802 3942 969 3991 tutationem
988 3939 1064 3991 sliam
1082 3939 1319 4006 compendiosiorem
1341 3942 1495 4006 supputandi
1512 3949 1611 3992 motum
1630 3943 1681 3994 Inr-

317 4021 366 4059 nae
384 4009 514 4060 invenisse.
552 4009 732 4068 Communium,
755 4025 822 4076 rogo.

388 4077 458 4129 Scire
476 4082 562 4146 cupio,
589 4094 622 4131 an
641 4080 764 4146 quaedam
791 4081 938 4146 specialiora
965 4081 996 4132 de
1013 4094 1109 4146 magua
1133 4083 1308 4146 conjunctione
1333 4083 1366 4132 sis
1388 4081 1519 4134 editurus?
1556 4083 1682 4136 Herlicins

316 4148 502 4201 reformatorem
521 4167 550 4202 ex
570 4153 684 4217 aquilone
705 4148 819 4213 (Danum
837 4155 940 4204 munere
958 4147 1067 4213 ridetur)
1086 4151 1212 4215 producitr
1232 4153 1276 4204 sed
1294 4167 1369 4218 quam
1387 4159 1463 4210 certe,
1483 4169 1533 4203 non
1553 4155 1635 4204 rideo.

388 4219 469 4281 Quem
494 4222 554 4274 dicit
572 4223 707 4280 Fabricius,
727 4221 988 4273 Biddersbnslns
1008 4220 1175 4286 (Lndolplius)
1194 4224 1301 4275 Bremae
1327 4224 1437 4290 degebat
1463 4232 1490 4274 et
1513 4239 1600 4288 pauca
1626 4239 1681 4276 cum

315 4289 426 4354 Kepiero
451 4294 504 4358 agit
527 4307 571 4356 per
595 4294 680 4344 literas
706 4293 738 4344 de
766 4293 888 4357 helionis
916 4293 1030 4357 operibns
1049 4291 1146 4357 (Gomp.
1172 4294 1328 4345 Hauscbium
1355 4311 1379 4359 p.
1399 4291 1451 4344 262
1469 4294 1529 4360 sp).
1568 4295 1682 4346 Davides

314 4361 498 4421 Ecdicius,
529 4363 673 4422 „Medicum
702 4365 876 4418 Asuunomus.
900 4365 1039 4414 Historiam
1056 4371 1084 4414 et
1100 4363 1196 4416 Prota*
1217 4364 1281 4428 (naa
1309 4367 1335 4415 iu
1354 4367 1443 4432 oppido
1461 4367 1534 4417 Zeita
1554 4380 1580 4417 a.
1602 4365 1679 4417 1557.

314 4439 386 4484 mort.
406 4433 536 4500 stargardi
553 4449 577 4486 e.
599 4430 693 4496 1666),
723 4435 873 4501 astrologiae
898 4437 1050 4486 vanitatibus
1075 4449 1150 4500 quam
1172 4439 1279 4486 maxime
1296 4437 1411 4496 deditus.
1440 4437 1508 4488 bane
1525 4441 1681 4490 seutentiam

315 4503 425 4555 exhibuit
441 4506 504 4555 torte
522 4507 547 4554 in
566 4505 627 4556 iibro
648 4507 704 4566 „die
717 4505 906 4572 Sternglocka“,
927 4501 1007 4556 1666.
1045 4505 1072 4556 si
1090 4507 1143 4570 quis
1162 4507 1233 4571 plura
1251 4508 1282 4558 da
1294 4507 1397 4560 Herlieii
1410 4511 1508 4573 scriptis
1527 4524 1680 4575 cognoscere

314 4573 385 4634 rellt,
405 4589 462 4627 eam
479 4577 603 4640 rejicimus
622 4577 655 4627 ad
673 4575 787 4628 Joeolrert
805 4577 929 4644 Lextcon.
952 4578 994 4642 qui
1011 4584 1128 4628 mceuset
1144 4577 1240 4628 illerum
1259 4579 1360 4644 longam
1379 4580 1475 4630 seriem.

403 4665 617 4746 Keplerus:
649 4663 889 4728 Observationes
905 4673 1027 4728 nostrae
1052 4666 1173 4746 frigent.
1222 4667 1427 4730 Instrumenta
1444 4668 1475 4729 in
1491 4669 1579 4730 horto
1596 4668 1679 4732 an-

315 4750 394 4814 saris
417 4753 473 4815 sub
496 4753 545 4816 dio
569 4761 758 4834 putrescunt.
805 4755 883 4817 Utor
906 4763 1048 4818 smmpto
1077 4763 1110 4817 et
1134 4755 1301 4836 quadrante
1325 4775 1419 4838 parvo
1453 4777 1491 4822 en
1515 4758 1679 4824 Hotruanui
