3606 5518
710 275 835 331 sonu·
853 277 1015 344 muna·
1478 277 1543 348 soe

181 443 261 511 rant,
296 453 359 516 qua
383 437 415 498 vi
440 435 565 498 infantis
588 435 710 516 genesis
738 435 842 515 genesi
872 437 1008 516 parentis
1038 437 1072 500 lit
1099 437 1219 514 similis,
1253 453 1313 517 qua
1344 437 1374 500 vi
1401 447 1544 518 aspectus

181 527 373 606 planetarum
397 525 562 588 secundum
584 526 710 604 ligoram
734 524 999 588 demonstrabilem
1023 526 1062 589 ab
1084 526 1191 591 animis
1210 534 1242 590 et
1261 525 1365 589 for-mis
1389 528 1542 603 sentitur).

184 616 225 676 nt
240 614 329 692 ¹quod
358 631 420 676 nou
454 613 634 694 ingreditur,
668 633 726 676 non
749 621 868 687 movet3
906 631 997 694 quare
1022 633 1077 677 nee
1105 634 1171 694 oum
1193 616 1335 695 planetae
1359 611 1472 696 ὅθι·
1494 617 1541 680 di-

184 709 274 776 stant,
299 703 470 764 movebunt
491 711 646 776 naturam;
671 719 728 764 non
752 701 831 763 eninr
855 709 903 764 est
925 704 1100 767 harmonica
1123 704 1285 778 distantia,
1311 721 1377 766 cum
1399 721 1542 785 praeser-

185 791 235 854 tim
258 792 474 870 septangnlum
498 809 553 852 nec
575 791 714 871 regulare
738 809 846 870 corpus
869 793 1047 866 conformat,
1072 811 1127 854 neo
1140 793 1308 872 planitiem,
1333 811 1376 856 se.
1392 793 1539 873 nuspiam,

186 897 275 962 quare
299 897 356 941 nec
380 879 420 940 in.
434 879 528 943 radiis
551 880 750 959 planetarum,
776 898 830 942 nec
853 879 883 941 in
906 880 1000 944 sonis.
1046 881 1129 943 Haec
1151 881 1244 962 igitur
1266 880 1342 943 bene
1356 881 1447 943 velim
1465 901 1540 946 oon-

186 969 309 1031 sideres.
357 967 426 1048 Ego
450 977 591 1048 aspectus
614 969 669 1030 bos
692 976 765 1047 puto
789 987 837 1030 me
860 969 963 1030 videre
988 969 1108 1033 fortiter
1130 961 1267 1050 agentes,
1291 970 1345 1032 sed
1368 969 1415 1031 vis
1428 989 1541 1036 -eorum
1577 1001 1580 1006 ·

186 1056 378 1121 aestimanda
401 1065 451 1118 est
473 1077 511 1119 ex
533 1057 650 1120 ratione
675 1057 954 1120 demonstrationis:
987 1059 1067 1120 latus
1091 1077 1204 1121 sexan
1211 1057 1288 1139 guli
1311 1058 1409 1139 ipsum
1431 1077 1485 1138 per
1508 1079 1541 1123 se

187 1154 233 1208 est
253 1141 362 1225 inrue,
378 1163 450 1208 narn
473 1146 599 1227 aequale
623 1154 670 1210 est
694 1146 917 1208 semidiametro
925 1165 935 1221 ;
959 1146 1136 1227 quadrati
1161 1146 1266 1209 latoris
1290 1146 1470 1230 quadratum
1492 1155 1542 1212 est

186 1232 282 1314 baeer,
308 1253 380 1296 nam
403 1233 558 1296 dimidium
581 1243 630 1296 est
652 1235 793 1315 quadrati
816 1235 972 1310 diametri3
996 1233 1137 1316 trigoni
1159 1236 1265 1298 lateris
1289 1235 1542 1316 quadratum-est

188 1324 223 1385 sd
247 1323 429 1404 quadratum
453 1323 593 1386 diametri
616 1331 651 1386 ut
673 1321 693 1386 3
717 1323 756 1385 ad
780 1320 816 1398 ις
849 1323 929 1402 conj
937 1325 1059 1386 unctio
1085 1325 1185 1386 estin
1209 1324 1401 1404 geometricis
1423 1325 1542 1404 integer

187 1411 315 1474 circulus
339 1430 392 1472 seu
416 1420 569 1492 punctum,
593 1430 646 1474 seu
670 1411 793 1474 nullitas
817 1411 919 1492 anguli
942 1413 1102 1488 radiorum,
1127 1414 1157 1475 b.
1182 1431 1209 1474 e.
1234 1412 1451 1488 coincidentia;
1476 1432 1540 1494 op-

187 1501 325 1580 positio
348 1501 417 1580 ipea
440 1500 587 1564 diameter
610 1507 673 1576 est,
707 1519 792 1562 mera
823 1500 967 1563 identitas
1000 1519 1053 1562 seu
1082 1523 1267 1578 μωεφεειας
1305 1501 1479 1582 quintilis
1509 1509 1543 1565 et

189 1589 407 1670 biquiutilis
432 1591 579 1668 quadrata
598 1590 705 1670 juncta
727 1597 798 1650 sunt
821 1590 859 1651 ad
884 1590 1063 1670 quadratum
1087 1590 1225 1653 diametri
1248 1596 1283 1652 ut
1305 1586 1325 1652 5
1350 1587 1444 1653 εει-4.
1483 1590 1541 1652 Di-

188 1678 253 1739 visa
275 1696 335 1738 nou
359 1677 398 1738 ad
422 1677 558 1754 invicem,
583 1697 637 1740 neo
660 1678 700 1740 ad
723 1677 902 1759 quadratum
926 1678 1075 1753 diametri,
1099 1687 1133 1742 ut
1150 1697 1290 1741 numerus
1314 1679 1540 1754 adnumerum,

188 1767 241 1828 hoo
283 1765 387 1846 itaque
424 1765 542 1828 nomine
574 1774 644 1829 suut
680 1768 746 1828 loco
777 1765 955 1846 posteriore.
1007 1767 1086 1828 Vide
1123 1767 1295 1830 methodum
1327 1766 1541 1850 polygonomm

188 1853 348 1928 (Adriani)
371 1853 511 1918 Romani.
557 1855 622 1918 Nec
646 1855 724 1918 enim
746 1853 843 1935 prima
870 1874 925 1916 neo
948 1856 1096 1932 secunda,
1131 1857 1185 1918 sed
1208 1855 1300 1919 tertia
1323 1855 1439 1917 demum
1463 1874 1539 1937 qua-

187 1944 276 2007 drata
298 1941 330 2004 in
354 1944 486 2006 numeris
510 1950 683 2027 aequantur.
728 1943 872 2005 Potentia
900 1943 1165 2024 quinquangularis
1193 1944 1299 2007 lateris
1329 1943 1466 2023 aequalis
1492 1951 1543 2006 est
1566 1982 1585 1990 ··

187 2031 343 2112 potentiae
385 2032 599 2094 semidiametri
643 2040 675 2094 et
710 2031 866 2112 potentiae
909 2031 1014 2094 lateris
1053 2032 1284 2113 decaogularis,
1334 2032 1413 2112 quod
1449 2033 1541 2093 babet

187 2140 272 2182 suam
306 2120 587 2186 determinationem
621 2121 651 2183 in
675 2122 770 2201 gradu
793 2115 918 2182 remoto.
968 2119 1044 2182 lllud
1072 2124 1251 2203 quadratum
1275 2119 1317 2182 sit
1344 2119 1424 2196 AB,
1459 2120 1542 2200 cujus

182 2211 246 2290 jam
270 2208 353 2270 latus
376 2207 439 2272 Ac
463 2209 566 2290 nequit
588 2209 713 2289 exprimi
737 2227 867 2272 numero.
911 2207 957 2270 ab
980 2207 1037 2270 hoo
1246 2251 1328 2305 w·

186 2298 345 2380 quadrato,
371 2298 455 2377 cujus
480 2298 616 2378 cognitus
640 2305 689 2359 est
711 2313 865 2372 numerus,
897 2297 1038 2359 eximitur
1080 2356 1086 2379 ,

186 2387 367 2468 quadratum
401 2386 497 2462 aliud,
532 2386 609 2466 quod
637 2387 734 2466 ipsum
767 2404 834 2447 oum
864 2403 918 2448 sno
941 2385 1037 2448 latere

185 2481 289 2555 potest
312 2473 440 2554 exprimi
455 2493 586 2548 numero,
609 2475 684 2537 AD.
723 2471 1037 2554 SeceturigiturAC
1070 2497 1075 2502 ·

186 2564 217 2626 in
239 2563 266 2625 Ε
290 2563 411 2625 ιειὶειιε
434 2563 571 2642 coguita;
604 2581 660 2624 nec
692 2570 794 2625 tamen
827 2581 948 2624 numero
981 2581 1037 2622 exe

185 2653 273 2732 primi
296 2658 401 2732 potest
415 2649 484 2725 EG,
505 2671 571 2713 cum
594 2647 682 2730 ῥηεοε
695 2649 757 2713 ΔΕ
782 2650 820 2711 ab
843 2647 962 2731 ἀρ’ῥητῳ
976 2647 1038 2712 ΔΟ

185 2742 321 2802 ablatum
336 2740 488 2821 relinquat
510 2738 638 2822 ἀρῥητεν
651 2738 721 2802 ΕΟ.
756 2737 798 2799 Ει
813 2739 883 2819 quia
901 2737 970 2822 EO,
988 2737 1039 2820 ἀρ’·

185 2826 292 2910 parm,
326 2830 356 2890 iu
380 2830 534 2908 seipsum
558 2830 680 2891 ductum
699 2827 773 2891 lacit
791 2827 874 2901 DB,
901 2827 993 2907 igitur
1007 2835 1040 2888 et

185 2919 250 2980 DB
275 2913 414 2998 ἀρ’ῥηιεε.
461 2917 510 2978 Ex
537 2936 594 2998 quo
623 2925 654 2980 et
681 2917 742 2980 alio
770 2911 848 2996 ῥητῳ
879 2916 1037 2997 quadrato,
1073 2918 1092 2973 J

187 3027 216 3070 n.
241 3007 472 3080 semidiametri,
506 3007 693 3086 componitur
722 3005 900 3086 quadratum
933 3003 1038 3066 lateris

188 3095 412 3176 quinquanguli.
459 3096 524 3156 Hoc
551 3096 731 3176 quadratum
763 3111 823 3155 non
852 3101 901 3156 est
927 3109 982 3172 per
1005 3111 1038 3154 se

188 3183 391 3266 comparabile
416 3184 455 3245 ad
479 3185 667 3254 diametmm‚
691 3184 745 3246 sed
768 3201 823 3266 per
843 3182 1036 3245 ablationem.
1086 3210 1090 3217 ·

187 3273 266 3336 Nam
279 3271 421 3351 AB'plns
444 3273 538 3334 habet
552 3291 640 3354 quam
655 3272 714 3334 AD
737 3280 769 3333 et
783 3271 848 3346 DB,
865 3289 971 3351 nempe
990 3271 1048 3332 FD
1064 3279 1096 3334 ει
1114 3269 1181 3347 Dc,
1203 3277 1241 3332 ει
1256 3277 1305 3332 εει
1320 3267 1540 3350 comparabil03

190 3361 252 3423 AD
275 3361 381 3423 itidem
405 3368 455 3423 est
477 3361 689 3441 comparabile.
737 3361 772 3422 ld
796 3361 946 3434 aufertur;
971 3359 1059 3422 simul
1086 3367 1185 3422 autern
1210 3359 1321 3447 eadunt
1339 3359 1401 3420 FD
1425 3354 1542 3433 etDO,

189 3449 446 3529 incomparabilia,
471 3451 602 3512 retinent
625 3458 727 3512 tamen
750 3467 835 3510 suam
859 3449 1141 3511 determinationem
1164 3449 1202 3510 ab
1216 3449 1288 3524 AB,
1313 3447 1390 3524 AD,
1416 3465 1541 3526 compa,

189 3539 344 3611 rabilibus,
368 3547 402 3600 ut
425 3539 610 3618 relinquatur
633 3538 694 3599 DB
719 3537 888 3618 quaesitum
912 3536 1158 3616 incomparabile.

274 3627 334 3688 Est
362 3625 454 3706 igitur
483 3629 558 3689 baec
586 3645 702 3707 quoque
729 3626 875 3688 mirabills
904 3625 1106 3706 quantitatum
1136 3633 1265 3697 natura,
1298 3624 1429 3686 sortione
1457 3641 1544 3684 suam

191 3715 471 3779 determinationem
494 3716 532 3778 ab
556 3716 719 3778 ablutione.
767 3713 927 3790 Quamvis,
956 3722 990 3776 ut
1013 3715 1069 3776 hoo
1093 3713 1216 3788 addam,
1245 3718 1313 3774 tota
1335 3713 1410 3774 haec
1434 3729 1543 3774 essen·

191 3806 249 3868 tiae
272 3803 352 3866 ratio
376 3813 435 3866 est.
481 3803 581 3866 Aliter
608 3805 710 3885 itaque
739 3803 909 3866 subsistunt
941 3803 1153 3875 (subsistentia
1182 3795 1418 3882 quantitativa),
1454 3800 1544 3863 aliter

190 3901 414 3976 comparantur;
452 3892 508 3954 hoo
538 3892 599 3954 illis
622 3892 775 3954 occidite
798 3899 909 3954 mente.
957 3889 1020 3952 Sed
1043 3891 1080 3952 ad
1104 3909 1176 3953 rem.
1222 3891 1289 3951 Hoc
1312 3890 1414 3969 itaque
1437 3907 1544 3970 genus,

189 3991 220 4046 ut
242 3980 459 4066 quinquanguli
475 3982 564 4056 latus,
591 3981 731 4044 consistit
757 3980 787 4042 in
816 3987 933 4043 remota
957 3979 1181 4062 comparatione
1205 3985 1236 4039 et
1259 3978 1403 4040 abhorret
1426 3999 1445 4040 a
1468 3978 1542 4040 reli-

188 4073 260 4152 quis.
308 4073 375 4133 Hoc
399 4087 448 4131 me
471 4070 559 4132 valde
583 4069 726 4132 turbavit.
774 4069 946 4132 Videbatur
964 4069 1042 4131 enim
1066 4069 1121 4129 hoc
1144 4073 1235 4147 pacto
1258 4066 1332 4129 nibil
1357 4067 1460 4130 valere
1485 4066 1542 4129 de·
1621 4061 1632 4074 ⁸

188 4162 270 4238 bere,
301 4181 370 4225 cum
395 4176 455 4222 non
480 4179 512 4220 se
535 4160 601 4239 ipso
626 4159 813 4238 intelligatur
836 4165 868 4220 et
889 4165 1091 4238 comparetur.
1137 4155 1245 4219 Erexit
1267 4175 1314 4216 me
1344 4163 1446 4218 tamen
1469 4173 1542 4218 rnu-

188 4252 271 4316 sica.
320 4250 397 4314 Cum
422 4249 500 4310 enim
525 4249 617 4310 tertia
639 4248 737 4310 mollis
761 4249 803 4311 sit
826 4267 844 4310 a
867 4246 1042 4327 sexangulo,
1067 4245 1160 4309 tertia
1181 4245 1255 4307 dura
1279 4243 1542 4327 aquinquangulo,

187 4349 264 4404 certe
283 4337 450 4422 jucundior
473 4337 679 4418 (quantumvis
703 4337 794 4410 dura)
818 4343 867 4398 est
890 4337 982 4399 tertis
1005 4337 1096 4411 dura,
1128 4333 1227 4398 mollis
1250 4353 1356 4414 parum
1380 4335 1485 4406 abest,
1509 4337 1544 4393 ut

186 4450 239 4494 uon
263 4434 423 4494 consonet.
471 4425 614 4506 Oportnit
628 4425 719 4506 igitur
733 4427 812 4488 ratio
835 4445 920 4488 ame
940 4424 1115 4505 excogitari,
1141 4442 1199 4505 qua
1222 4424 1315 4486 etiam
1336 4423 1448 4484 multae
1464 4419 1542 4480 aliae

183 4519 291 4602 figurae
324 4515 544 4582 consonantias
569 4516 704 4577 iacturae
728 4515 870 4590 luissent,
904 4533 971 4577 oum
998 4514 1089 4576 valde
1116 4508 1243 4593 ἄρῤιῃει
1272 4513 1359 4586 εἰει,·
1383 4505 1438 4569 nisi
1473 4503 1542 4566 aliis

180 4612 277 4674 causis
306 4603 541 4686 impedirentur.
588 4605 639 4666 lta
667 4605 753 4666 vides
786 4605 815 4665 iu
847 4603 996 4685 prioribus
1028 4601 1142 4675 literis,
1175 4599 1302 4680 relinqui
1334 4593 1540 4673 decaogulum

185 4694 250 4784 ’lm
277 4715 373 4761 unam
398 4693 632 4764 scevam-nc„
660 4694 844 4772 multasque,
876 4692 936 4755 irno
960 4691 1091 4754 infinitas
1115 4690 1203 4752 alias.
1251 4685 1353 4749 Causa
1374 4699 1464 4756 vero,
1490 4699 1542 4743 our

176 4789 203 4852 in
230 4783 407 4867 sexangulo
438 4783 628 4862 praepolleat
656 4781 748 4844 tertia
777 4781 852 4843 dura
879 4780 975 4855 molli,
1010 4787 1059 4841 εει
1089 4778 1194 4841 itidem
1221 4793 1259 4837 ex
1286 4769 1540 4842 demonstratione
