3542 5528
711 313 872 368 enatares
1234 253 1239 262 Χ
1424 310 1468 411 ιι

123 489 174 532 ιιι
195 478 310 531 moreat
335 471 413 534 haec
438 447 607 535 calumnia?
646 473 801 537 Reculdor
824 475 904 538 illins
929 475 972 538 ιιι
997 476 1045 538 ιιι
1069 459 1466 580 christophorocolumbani.
1490 523 1491 528 .

123 553 234 621 Scilicet
255 559 392 638 homini,
422 580 489 624 cum
517 564 648 638 videret,
677 562 788 626 habere
816 581 862 626 me
891 547 1035 627 aduersus
1060 566 1161 645 magni
1183 566 1310 628 nominis
1333 565 1414 628 viros
1437 567 1468 628 in

122 668 204 710 cansa
229 648 380 753 conjugii,
412 650 528 730 placuit
554 610 651 714 clenni
678 653 795 720 camino
825 655 936 717 addere
959 663 992 716 et
1014 673 1111 717 meam
1135 654 1387 718 existimationem
1409 673 1469 717 una
1542 699 1546 708 .

122 755 178 800 cnm
199 737 340 888 copjpgio
365 739 395 800 in
426 739 523 803 fumos
547 759 648 824 agere
695 739 757 804 Sed
785 743 880 856 venip
900 744 940 806 ad
971 743 1105 806 tabulam
1138 739 1274 825 pugili
1298 745 1351 806 ιιι.
1384 745 1472 818 (vide,

121 834 200 888 annot
277 829 292 900 )
717 859 720 866 ·

197 913 352 979 Existimo
376 937 424 980 me
448 917 588 981 hodiem
614 917 754 993 tribunali
777 921 893 984 sedere.
934 921 1035 1002 Usque
1060 921 1136 982 adeo
1160 921 1268 984 obruor
1290 921 1350 982 tuis
1375 939 1468 984 excu-

119 1003 286 1068 sationibus.
336 1005 418 1070 Ecoe
442 1026 531 1089 qnam
553 1025 697 1088 operosus
727 1029 760 1070 es
789 1010 819 1072 in
849 1011 982 1113 negotio·
992 1011 1175 1074 mendorum.
1220 1011 1288 1074 Non
1313 1029 1377 1072 sum
1402 1029 1467 1090 ego,

118 1094 330 1160 clarissimed.
356 1097 556 1178 Pr,aeceptor
583 1116 621 1158 ex
644 1117 746 1161 eurum
769 1119 904 1176 numero,
934 1099 997 1182 qui,
1026 1099 1085 1164 nisi
1098 1095 1279 1181 ephippinm
1303 1095 1369 1162 cum
1393 1117 1468 1180 equo

118 1184 212 1254 dones,
237 1187 475 1266 eqnnmnudum
490 1186 656 1250 remittunt.
693 1188 758 1250 Nec
782 1190 870 1251 aliter
893 1197 1059 1252 erratorum
1083 1190 1255 1269 catalogum
1277 1189 1354 1265 misi,
1379 1208 1468 1270 quam
1518 1183 1523 1194 '

118 1282 148 1336 ιι
167 1272 209 1334 ita
231 1275 437 1356 subjungatur
460 1276 536 1337 calci
559 1275 679 1349 ιιιιιιι,
692 1277 728 1338 si
742 1297 800 1340 non
824 1286 942 1360 tempus
966 1279 997 1342 id
1019 1279 1189 1359 prohibeat.

196 1362 334 1426 Rursum
358 1384 428 1427 ecce
445 1365 513 1434 alia
536 1365 692 1428 excusatio
712 1367 748 1428 de
764 1367 885 1431 Rhetici
904 1368 1087 1443 narratione,
1111 1369 1195 1448 cnjus
1216 1385 1275 1448 ego
1297 1385 1355 1427 non
1378 1363 1471 1428 sliam

117 1451 241 1526 obrem,
268 1473 363 1534 quam
386 1463 510 1534 propter
533 1463 659 1530 sumtus,
683 1441 864 1520 mentionem
888 1457 954 1520 leci.
1001 1457 1149 1537 Equidem
1173 1458 1271 1530 credo,
1297 1454 1469 1518 existimare

117 1553 160 1616 te,
188 1543 268 1603 lecto
298 1563 361 1605 nno
389 1552 480 1624 atque
505 1544 599 1607 altero
623 1543 714 1606 verbo
738 1545 818 1608 illius
841 1566 926 1608 meae
955 1547 1122 1625 epistolae,
1154 1554 1184 1608 te
1212 1545 1331 1627 penitus
1355 1562 1472 1607 omnem

117 1649 230 1710 operam
253 1631 381 1694 inanem
403 1632 530 1708 locasse,
556 1631 669 1714 tibique
687 1633 861 1716 ,ejusapud
884 1655 931 1698 me
955 1650 1073 1698 omnem
1089 1635 1215 1716 periisse
1234 1633 1372 1716 gratiam.
1410 1631 1471 1697 Cur

117 1728 210 1782 autem
234 1719 318 1782 illius
338 1741 391 1785 me
413 1722 607 1784 Narrationis
630 1724 802 1804 ροιιιιιιι,
836 1744 924 1806 qnam
954 1725 1066 1804 primus
1094 1743 1150 1804 ego
1178 1723 1353 1805 cupiebam,
1384 1729 1418 1784 nt
1441 1721 1471 1782 in

113 1809 238 1890 epistola
261 1810 303 1871 ad
328 1810 368 1873 D.
382 1810 434 1874 D.
458 1811 678 1893 Halerefferum
699 1811 879 1877 Stuccardia
893 1814 996 1888 missa
1019 1823 1150 1882 testatus
1179 1833 1262 1888 sum,
1290 1813 1470 1892 subjungere

116 1918 176 1960 meo
199 1899 374 1980 opusculo?
420 1899 496 1962 Turn
519 1897 621 1965 autem
643 1901 693 1965 ille
717 1902 922 1968 dissuaserat.

196 1986 354 2051 Carminis
378 1983 417 2054 a'd
442 1990 586 2053 tabellam
609 1992 726 2053 authori
748 1993 915 2064 Leihlrido,
940 1949 1202 2074 quamvisignoto
1227 1991 1263 2052 de
1288 1990 1374 2064 facie,
1398 2001 1471 2068 gra·
1513 2025 1518 2036 ·
1602 1974 1608 1989 ⁶

116 2077 170 2139 tias
192 2097 251 2158 ago
271 2097 330 2158 pro
351 2079 480 2140 honesta
499 2099 554 2141 sua
577 2081 732 2142 voluntate
757 2089 788 2142 et
806 2081 920 2161 jndicio
945 2083 981 2145 de
1005 2101 1069 2144 me:
1095 2079 1196 2160 illique
1220 2079 1352 2150 vicissim
1367 2092 1470 2140 exem-¹

116 2167 177 2246 plar
198 2167 342 2247 opusculi
363 2169 453 2244 '‚duno
478 2168 546 2230 dum
569 2169 639 2249 quid
662 2169 706 2232 illi
732 2171 821 2250 porro
839 2190 978 2252 qnoque
985 2171 1097 2234 servire
1121 2168 1244 2248 possim,
1269 2168 1443 2254 intelligam.

197 2253 300 2319 Venio
335 2258 375 2319 ad
408 2217 538 2320 Schema
572 2256 645 2338 Cap.
679 2255 731 2322 22.
786 2259 827 2321 Et
859 2281 947 2335 sane,
990 2260 1040 2340 qui
1073 2261 1224 2339 hucusque
1254 2258 1381 2338 legendo
1414 2275 1473 2318 non

117 2345 247 2426 concepit
270 2345 476 2426 suspicionem
499 2346 625 2426 alicnjus
648 2353 719 2409 tuse
743 2350 962 2424 offensionis,
954 2370 980 2411 rs
999 2351 1065 2430 jam
1089 2347 1256 2427 concipiet:
1276 2345 1350 2408 dum
1374 2345 1474 2408 omnis
1502 2379 1505 2388 ·

116 2435 202 2498 etiam
224 2435 323 2498 rerba
346 2436 475 2517 regeris,
504 2436 590 2517 qnasi
619 2437 751 2524 litiganti
773 2438 846 2500 mihi
869 2431 1016 2503 tenereris
1038 2438 1220 2517 singulorum
1244 2435 1376 2499 rationes
1400 2435 1471 2497 red·

117 2526 189 2588 dere.
235 2525 321 2606 Ego,
354 2545 430 2611 quse
445 2524 655 2605 superioribus
678 2526 775 2589 literis
800 2528 836 2589 de
860 2527 917 2589 hac
939 2547 972 2590 re
995 2527 1115 2608 scripsi,
1141 2544 1200 2587 non
1221 2524 1343 2605 scripsi,
1367 2534 1402 2586 nt
1423 2525 1472 2586 in·

118 2613 253 2688 dicarem,
277 2633 328 2677 me
353 2614 451 2679 adhuc
474 2614 587 2697 aliquid
610 2614 798 2691 desiderare;
823 2618 878 2679 sed
900 2625 934 2680 nt
956 2617 1090 2690 videres,
1115 2634 1204 2696 quam
1227 2613 1362 2681 sit-milri
1385 2621 1473 2694 grata

117 2704 270 2778 correctio,
295 2711 331 2766 ιι
355 2704 406 2785 qui
428 2703 519 2766 etiam
540 2703 608 2784 plus
628 2705 736 2785 corrigi
755 2706 893 2786 optarim.
931 2706 1011 2769 Dum
1029 2713 1129 2766 autem
1143 2703 1234 2782 juata
1247 2709 1473 2785 praeceptorem

117 2811 207 2858 meum
229 2811 325 2873 agere
349 2812 409 2855 non
432 2793 568 2878 desistis,
595 2795 632 2855 ιι
654 2795 807 2883 negotium
829 2795 872 2858 de
901 2803 1048 2876 aequante
1077 2793 1242 2874 explicas,
1257 2792 1348 2866 facis,
1379 2799 1413 2854 ut
1434 2809 1472 2852 ns

118 2902 187 2944 nunc
211 2883 335 2964 quidem
359 2902 407 2944 me
431 2869 514 2944 tuum
532 2882 651 2972 jactare
672 2884 849 2963 discipulum
869 2885 1016 2949 desistere
1034 2882 1158 2966 possim,
1182 2881 1308 2964 modo
1285 2899 1341 2941 sim
1356 2879 1471 2961 docilis.

117 2971 154 3032 Et
175 2991 249 3034 sane
275 2973 345 3052 jam
376 2972 493 3034 demum
515 2961 667 3053 negotium
690 2973 865 3056 ιιιιΙιιιο..
882 2972 948 3036 Nec
972 2973 1069 3034 minus
1093 2988 1198 3033 sanum
1221 2978 1253 3030 ιι
1273 2967 1347 3031 illud
1371 2968 1472 3029 consi-

117 3060 182 3124 linm
205 3063 243 3124 de
268 3061 466 3123 moderandis
489 3061 535 3123 his
560 3061 825 3140 speculationibus.
858 3061 938 3124 Ειιι
953 3062 989 3124 de
1005 3062 1091 3123 Luna
1107 3057 1343 3160 philosophema,
1368 3064 1494 3120 natnm'
1523 3115 1526 3121 .

117 3149 188 3214 inter
211 3151 422 3225 scribendum,
450 3149 515 3212 vix
510 3146 653 3212 dimisso
681 3151 798 3226 nuntio,
828 3172 861 3220 se
889 3129 986 3231 ipsum
1015 3149 1086 3212 mihi
1110 3150 1146 3210 de
1171 3142 1305 3210 falsitate
1328 3144 1470 3226 prodidit.
1509 3137 1515 3152 '

118 3199 462 3316 Scilicetacciditmihi,
487 3239 626 3321 qnodiis,
651 3241 702 3321 qui
722 3248 833 3303 motum
851 3249 1027 3324 perpetuum
1050 3239 1274 3300 machinantur:
1300 3244 1333 3298 ut
1356 3235 1473 3298 scilicet

116 3345 164 3408 pro
187 3338 273 3392 motu
299 3329 506 3410 aequilibrium
529 3329 670 3404 habeant,
695 3337 777 3391 motu
800 3339 913 3392 motum
937 3335 1167 3409 compensante.
1193 3327 1235 3388 sic
1255 3325 1350 3400 Luna,
1375 3345 1472 3406 qnan-

117 3425 306 3500 tumpernnx
328 3419 496 3499 promoveri
519 3418 659 3494 debebat,
683 3417 800 3480 tantum
820 3419 911 3490 silens
936 3417 1129 3497 impediretur
1152 3417 1263 3495 (comp.
1285 3421 1387 3475 annot.
1404 3411 1472 3487 62).

198 3509 273 3571 Jam
297 3508 338 3570 ad
360 3516 481 3589 pecuum
505 3508 583 3588 quod
611 3507 741 3570 attinet:
770 3508 862 3570 etlam
889 3527 936 3569 me
965 3513 1065 3570 sumtu
1096 3507 1196 3567 levare
1220 3511 1382 3566 statueras.
1419 3504 1474 3564 'At

116 3615 167 3676 ego
189 3599 277 3674 nolo,
303 3617 371 3658 cnm
394 3615 486 3678 opera
509 3597 600 3658 etiam
622 3597 780 3676 pecuniam
802 3598 945 3660 insumas.
994 3595 1074 3667 Quin
1099 3605 1132 3656 ut
1154 3612 1248 3672 nuper
1271 3592 1392 3672 scripsi,
1417 3609 1472 3653 ac-

118 3687 187 3765 cipio
211 3685 281 3754 200
305 3687 497 3766 exemplaria,
521 3685 634 3766 tibique
659 3685 711 3748 illa
735 3682 930 3766 derelinquo
956 3685 1025 3747 doni
1049 3685 1124 3759 loco,
1150 3683 1174 3745 si
1199 3700 1299 3744 eorum
1322 3681 1377 3743 tibi
1402 3701 1473 3743 usus

119 3787 170 3837 est.
217 3775 275 3840 sin
301 3784 404 3839 autem
427 3787 486 3838 non
509 3775 635 3838 totidem
657 3773 714 3836 tibi
741 3793 815 3854 opus
845 3782 907 3849 est,
937 3793 990 3848 ea,
997 3803 999 3810 >
1022 3774 1127 3854 quibus
1156 3769 1292 3833 abundas
1319 3770 1398 3832 inter
1415 3790 1473 3832 eos

119 3863 296 3928 distribuere
325 3865 453 3946 patiaris
485 3865 614 3944 aliquem
642 3863 886 3966 stipendiarium,
921 3882 1044 3944 quornm
1076 3861 1124 3923 hic
1152 3860 1265 3940 accipis
1293 3861 1475 3940 catalogum.

120 3949 232 4024 Quibus
254 3975 346 4036 porro
372 3954 502 4015 dandum
520 3962 680 4035 autumas,
708 3967 755 4014 me
780 3953 898 4014 omnino
922 3953 1129 4034 consentiente
1155 3949 1283 4012 dederis.
1331 3951 1475 4012 Fortasse

120 4053 243 4122 quatuor
268 4043 394 4108 decanis
418 4042 518 4106 danda
544 4023 680 4122 singula:
720 4037 849 4104 Omnino
880 4050 1000 4122 praeter
1028 4061 1083 4118 ea,
1117 4025 1224 4122 quihus
1255 4057 1309 4142 pro
1341 4047 1371 4100 te
1401 4058 1476 4120 opus

120 4131 219 4210 habes,
243 4131 481 4218 qnadraginta
472 4152 503 4194 ιι
522 4131 755 4210 Wirtembergit
778 4140 929 4194 maneant.
968 4130 1002 4192 Si
1026 4149 1100 4213 quos
1124 4137 1238 4190 sumtus
1260 4129 1292 4192 ιι
1315 4127 1476 4208 ligaturam

120 4221 238 4299 leceris,
270 4243 329 4303 ego
352 4223 526 4302 praestabo.
573 4221 686 4282 Verum
710 4219 848 4282 existimo
858 4217 1019 4300 pleraque
1047 4219 1127 4281 nuda
1156 4216 1377 4292 distribuenda,
1409 4235 1475 4280 cum

121 4329 173 4372 non
197 4313 315 4374 faciant
333 4312 449 4391 justum
473 4310 613 4373 libellum.
659 4310 706 4371 De
729 4310 856 4390 pecunia
879 4328 966 4389 sparo
991 4328 1037 4370 ιιι
1067 4308 1148 4370 intra
1171 4303 1192 4368 2
1215 4326 1334 4369 menses
1353 4264 1396 4367 ιιι
1420 4325 1474 4366 ac-

99 4401 212 4480 'ceptis
233 4399 460 4482 exemplaribus
480 4397 732 4479 Gruppenbachio
749 4407 985 4481 prQospecturum
997 4396 1198 4476 Marpachiu
1223 4404 1349 4478 expecto
1378 4391 1416 4454 12
1431 4393 1472 4466 1.,

122 4487 292 4572 llaiblinga
315 4480 379 4570 8'l2
409 4489 455 4558 ιι,
483 4486 645 4568 Esselinga
667 4510 686 4549 a
710 4489 838 4568 quodam
865 4495 1003 4552 curatore
1028 4485 1276 4564 Winternbergico
1299 4483 1496 4558 Ηιιιιιιιιογ

124 4573 228 4655 loll,
258 4597 353 4661 qnam
377 4595 521 4639 summam
544 4578 609 4657 ejus
631 4577 709 4639 filius
733 4577 780 4640 hic
804 4598 823 4654 a
846 4595 892 4638 me
915 4583 1017 4638 mutuo
1041 4574 1163 4647 sumsit,
1193 4583 1225 4634 ιι
1247 4591 1326 4663 per
1323 4587 1391 4632 snos
1413 4584 1472 4643 pa·
1499 4607 1503 4616 ·

122 4677 218 4731 rentes
247 4687 345 4749 usque
376 4665 417 4726 ad
445 4667 552 4728 festum
574 4667 772 4729 Pentecostes
796 4663 1049 4753 Grnppenbaclriu
1077 4647 1300 4724 numeraturum
1325 4653 1472 4735 promisit.
1580 4723 1583 4732 ,

122 4755 199 4820 nihil
222 4757 270 4820 bic
294 4745 439 4818 onerist
425 4754 508 4816 tibi'
500 4773 650 4836 imponere
674 4749 786 4822 audeo.
825 4755 894 4836 lpse
918 4761 1019 4834 tamen
1044 4749 1311 4830 Grnppenbachius
1333 4741 1473 4802 Esselin-

122 4841 577 5004 gemffiffiaibumnsem
599 4863 745 4908 summam
769 4845 864 4924 (apud
887 4841 967 4906 illins
990 4840 1048 4904 loci
1071 4840 1215 4901 decanum
1238 4831 1376 4990 Iguuium)
1399 4846 1475 4908 ιιι-ο
