3542 5528
359 267 381 338 l
470 256 472 264 ’
954 273 1112 328 memes.

360 433 536 498 distantiam
548 432 635 497 lovis
649 442 682 497 et
694 433 814 511 Martis,
838 435 1016 518 quadratum
1030 437 1085 500 doc.
1104 433 1245 498 adbibere
1264 439 1399 506 conatus,
1417 449 1484 495 cum
1502 448 1562 522 non
1580 427 1687 492 meliore

305 551 309 558 “
359 559 500 604 successu
523 534 683 622 gauderet,
706 542 746 604 ad
766 542 954 626 regularia
976 541 1198 624 geometrica
1220 558 1388 621 corpora,
1416 544 1450 601 ut
1471 535 1569 617 globis
1591 535 1687 615 (neque

356 663 446 723 vero,
480 647 558 729 quod
586 647 649 727 ipse
672 666 813 728 expresse
836 648 982 722 cavebat,
1015 647 1145 713 realibus
1173 666 1226 709 seu
1255 645 1473 720 materialibus,
1507 643 1609 724 quales
1634 649 1688 703 tou

356 753 499 833 temporis
527 752 612 816 multi
644 753 830 834 fingebant),
864 755 969 839 quibus
986 753 1234 836 circumscriptos
1260 753 1399 834 planetas
1427 748 1540 833 moueri
1562 746 1686 828 putabat,

356 859 452 940 magis
475 878 615 941 congrua,
639 879 727 941 quam
749 861 861 942 figurae
879 863 988 944 planae
1006 868 1085 936 sunt,
1109 879 1280 937 conversus,
1302 877 1376 922 vera
1398 857 1455 920 sibi
1477 854 1590 918 vidisse
1611 853 1686 916 vide·

353 965 455 1044 batur,
479 967 659 1049 inventaque
681 966 843 1032 Prodromo
866 969 998 1050 pluribus
1022 985 1159 1032 enamare
1183 973 1215 1027 et
1237 965 1441 1028 demonstrare
1464 968 1598 1024 conatur.

441 1073 548 1155 Itaque
570 1073 696 1154 primum
719 1075 799 1158 (cap.
816 1075 849 1151 l)
873 1076 978 1158 quibus
1001 1075 1100 1140 causis
1123 1073 1269 1137 adductus
1293 1068 1531 1153 Ooperuicanam
1553 1065 1685 1130 rationem

353 1179 508 1259 amplexus
527 1177 578 1253 sit,
598 1187 719 1244 enarrat
725 1199 735 1256 3
759 1181 866 1243 deinde
885 1183 965 1263 (cap.
982 1178 1018 1257 2)
1037 1180 1084 1257 iis,
1104 1199 1179 1262 quae
1198 1181 1265 1260 ipse
1281 1176 1438 1253 invenerit,
1461 1183 1602 1256 tanquam
1619 1189 1685 1233 novo

352 1283 531 1350 adminiculo
553 1287 702 1350 rationem
725 1287 808 1350 illam
831 1285 928 1350 fulciri
946 1287 1061 1362 credit;
1084 1293 1146 1350 tum
1166 1288 1248 1365 (cap.
1264 1279 1388 1360 3-17)
1413 1299 1540 1364 corpora
1556 1299 1610 1342 sua
1625 1279 1684 1358 pla-

351 1399 487 1454 netarum
510 1392 630 1457 orbibus
653 1393 876 1456 accommodare
898 1395 1014 1468 studet,
1037 1413 1092 1456 nec
1115 1411 1190 1466 non,
1213 1410 1289 1473 quae
1312 1392 1349 1453 de
1373 1388 1504 1452 numeris
1529 1405 1587 1448 non
1607 1386 1685 1465 place

349 1515 404 1560 nec
426 1497 456 1560 in
480 1499 616 1563 omuibus
639 1500 769 1581 planetis
789 1519 911 1582 prorsus
929 1499 1159 1583 congruentibus
1174 1497 1362 1580 obiiciuntur,
1387 1495 1549 1576 explanare
1571 1499 1622 1554 ant
1641 1509 1684 1553 re·

341 1584 469 1690 „felleie3
498 1621 607 1666 novam
635 1605 756 1686 iusuper
778 1614 810 1669 et
831 1606 888 1668 huc
911 1625 1003 1688 usque
1026 1605 1171 1668 intactam
1193 1605 1346 1685 ingressus
1372 1601 1473 1675 viam,
1501 1600 1569 1663 loca
1589 1598 1683 1679 plano-

346 1714 445 1772 tarum
468 1706 585 1791 Capite¹
599 1711 677 1786 XV,
699 1732 758 1775 uon
781 1712 820 1776 ad
842 1713 986 1789 medium,
1011 1713 1066 1776 sed
1089 1713 1128 1775 ad
1150 1719 1345 1794 apparentem
1368 1707 1449 1772 Solis
1474 1709 1571 1770 locum
1592 1704 1683 1768 refert.

316 1872 321 1900 ,
345 1814 503 1880 Postremo
527 1820 608 1900 (cap.
636 1815 779 1896 18-21)
803 1839 918 1884 errores
946 1809 984 1883 ab
1012 1819 1191 1884 astronomis
1214 1820 1245 1881 in
1268 1815 1463 1880 observandis
1486 1811 1614 1896 planetis
1635 1809 1684 1872 ad-

345 1923 453 1986 missos
476 1929 636 1988 recensens
660 1932 693 1988 et
715 1925 897 2008 dijudicans,
928 1945 1021 2008 opera
1043 1933 1075 1989 et
1097 1925 1221 1990 oonsilio
1243 1922 1435 1988 Maestlini
1458 1937 1635 2001 magnopere
1655 1933 1682 1976 se

346 2029 482 2110 adjutum
506 2049 573 2093 esse
596 2039 684 2112 grato
708 2033 805 2098 animo
823 2034 995 2116 profitetur3
1018 2052 1186 2118 quanquam
1199 2031 1326 2113 posthac
1345 2029 1424 2105 illas,
1450 2045 1526 2109 quae
1548 2023 1682 2087 videban-

346 2143 408 2209 tur,
439 2137 663 2201 emendationes
690 2141 820 2204 numeris
847 2160 864 2202 c
892 2141 1078 2222 regularibus
1101 2140 1272 2222 corporibus
1296 2137 1441 2200 desumtis
1464 2135 1509 2198 ita
1531 2137 1682 2196 retractat:

346 2250 488 2320 „ceterae
511 2245 674 2307 errantium
698 2265 883 2311 numerorum
907 2248 946 2310 ad
969 2247 1128 2311 veritatem
1151 2245 1323 2322 allusiones,
1349 2261 1424 2325 quas
1446 2239 1563 2324 passim
1584 2237 1681 2316 allego,

347 2347 586 2427 somniassent,
611 2369 666 2413 nec
681 2351 798 2432 dignae,
823 2373 898 2435 quac
913 2354 1119 2430 excutiantur,
1138 2352 1287 2435 jucundae
1311 2356 1412 2418 tamen
1436 2347 1507 2410 mihi
1530 2342 1681 2424 recognito,

346 2453 416 2535 quia
435 2463 572 2543 monent,
601 2457 708 2540 quibus
730 2459 915 2536 maeandris,
946 2479 1068 2543 quorum
1088 2459 1236 2541 parietum
1258 2456 1445 2538 palpatione,
1473 2471 1528 2535 per
1555 2449 1682 2514 tenebras

345 2560 548 2642 ignorantiae,
571 2562 609 2625 ad
631 2563 811 2644 pellucidum
834 2565 944 2630 ostium
966 2566 1105 2629 veritatis
1128 2563 1329 2628 devenerim.“
1377 2561 1475 2635 (Nota
1497 2542 1538 2623 ad
1560 2577 1624 2638 cap.
1645 2551 1677 2616 2!

344 2669 519 2748 posterioris
543 2669 709 2746 editionis.)
754 2672 878 2735 Duobus
902 2673 1049 2760 supremis
1072 2671 1220 2754 capitibus
1243 2667 1312 2746 (22.
1336 2665 1406 2743 23.)
1437 2667 1474 2730 de
1504 2653 1707 2746 planetarum*

345 2782 477 2839 motuum
499 2776 608 2854 causis,
633 2777 779 2856 daiuitio
802 2788 836 2842 et
856 2780 913 2843 line
936 2779 1037 2843 mundi
1060 2779 1225 2861 disputans,
1250 2795 1324 2857 opus
1349 2793 1435 2838 suum
1457 2774 1535 2836 linit.

432 2879 493 2946 Sed
516 2901 607 2964 quum
628 2885 786 2948 maximam
809 2892 926 2966 partem
944 2886 992 2949 hic
1015 2887 1134 2950 libellus
1160 2891 1291 2966 exponat
1309 2883 1437 2964 quinque
1455 2878 1605 2961 regularia
1620 2892 1679 2938 cor-

343 3007 431 3071 pora,
454 2989 530 3052 baec
553 2989 684 3053 habeto:

431 3095 563 3158 Veteres
582 3095 642 3159 illis
661 3095 833 3177 corporibus
851 3096 1008 3177 plurimum
1024 3095 1207 3161 tribuebant.
1243 3091 1447 3178 Pythagoraei
1463 3091 1583 3174 quidem
1595 3103 1680 3153 rernm

265 3259 266 3262 ,
345 3201 475 3265 omnium
497 3201 648 3264 elementa
669 3199 730 3263 illis
757 3202 904 3265 contineri
931 3202 1120 3276 statuebant,
1149 3201 1335 3264 dodecacdro
1362 3217 1463 3262 rerum
1486 3195 1680 3261 universitatis

343 3306 504 3388 imagiue'm
526 3307 648 3382 referri,
672 3306 826 3368 tetraddro
849 3306 964 3387 ignem,
989 3307 1063 3370 cubo
1081 3314 1207 3383 terram,
1232 3306 1374 3370 octaedro
1398 3312 1515 3382 atram,
1538 3302 1679 3368 icosacdro

279 3435 282 3444 ¹
345 3421 453 3493 aqu‘am
476 3411 637 3492 significari
660 3410 806 3474 dicentes.
839 3412 912 3475 Illos
930 3413 1131 3495 sequebantur
1148 3413 1258 3476 similia
1274 3412 1460 3476 somniantes
1482 3411 1601 3497 mystici
1621 3407 1680 3490 pbi-

344 3517 461 3597 losopbi
484 3517 585 3580 seculo
603 3517 666 3580 XV
687 3524 719 3580 ct
736 3517 833 3580 XVI:
857 3519 962 3601 quibus
985 3520 1090 3582 iisdem
1113 3520 1150 3583 de
1173 3521 1261 3584 rebus
1284 3519 1376 3583 etiam
1398 3519 1568 3602 posteriore
1590 3521 1680 3580 aetate

344 3623 462 3704 Auglus
484 3622 535 3684 ille
555 3621 706 3685 Rcbertus
729 3624 766 3685 de
785 3623 940 3687 Fluctibus
963 3643 1030 3706 cum
1048 3624 1179 3706 Keplero
1200 3625 1231 3687 in
1253 3624 1349 3687 rixam
1372 3624 1466 3687 venit.
1505 3625 1541 3688 In
1558 3619 1680 3686 Euolidis

344 3727 500 3792 elementis
517 3727 586 3791 libri
600 3725 686 3804 XIll,
708 3728 795 3806 x1v,
814 3729 887 3806 XV,
911 3748 968 3792 uon
987 3730 1044 3792 uisi
1061 3731 1210 3810 regularia
1228 3749 1354 3812 corpora
1376 3738 1541 3810 exponunt,
1564 3731 1600 3792 de
1622 3725 1679 3808 qui·

343 3835 399 3896 bus
418 3852 493 3916 quae
512 3833 600 3896 affert
617 3832 774 3915 Keplerus,
798 3834 859 3924 illis
882 3835 966 3898 libris
984 3834 1087 3898 innixa
1104 3836 1286 3915 geometrica
1308 3837 1425 3899 ratione
1449 3836 1489 3899 ab
1512 3837 1572 3900 illis
1596 3835 1679 3898 dedu·

299 3987 302 3994 .
343 3946 458 4002 cuntur.
487 3970 529 3981 -
558 3937 700 4002 Calculus
726 3941 985 4022 trigonometricus
1013 3942 1093 4004 baud
1119 3943 1219 4026 inepte
1246 3942 1303 4004 hoo
1332 3943 1400 4007 loco
1428 3943 1624 4016 adhibeatur,
1653 3945 1681 3999 ut

342 4043 443 4125 posita
464 4063 484 4105 a
505 4043 636 4125 Keplero
660 4047 810 4109 sententia
838 4048 1022 4110 examinetur
1048 4055 1081 4110 'et
1106 4046 1213 4110 calculi
1240 4049 1318 4113 ratio
1346 4049 1465 4112 facilius
1494 4055 1681 4130 cognoscatur

344 4149 382 4210 ab
405 4147 456 4224 iis,
481 4147 586 4229 quibus
608 4149 763 4214 Euclidica
785 4153 863 4216 ratio
884 4153 995 4228 minus,
1019 4171 1106 4234 quam
1128 4153 1181 4216 illa
1201 4153 1232 4214 iu
1255 4172 1310 4217 usu
1333 4163 1392 4218 est.

344 4258 346 4266 ’
431 4253 483 4316 Ad
504 4253 696 4320 inveniendos
717 4257 818 4320 radios
843 4258 885 4332 (r,
912 4257 955 4332 R)
979 4258 1133 4338 globorum
1154 4259 1232 4322 intra
1255 4259 1286 4322 'et
1308 4261 1420 4324 circum
1443 4281 1571 4342 corpora
1592 4257 1678 4339 scrip-

343 4371 440 4424 torum
463 4376 537 4439 opus
559 4366 615 4438 est
630 4361 757 4440 coguitis
780 4361 897 4443 augulis
919 4363 1142 4427 inclinationum
1164 4367 1330 4446 planorum.
1376 4367 1427 4430 Illi
1450 4377 1553 4431 autem
1575 4367 1617 4430 ita
1637 4364 1679 4424 in-

343 4463 509 4528 veniuntur.
556 4463 591 4527 Si
614 4483 651 4526 ex
671 4468 784 4530 vertice
808 4467 908 4548 anguli
930 4469 1017 4532 solidi
1045 4471 1225 4552 descriptum
1252 4473 1436 4553 cogitaveris
1464 4493 1583 4558 quoquo
1604 4469 1678 4535 radio

343 4573 475 4653 globum,
494 4571 541 4632 hio
555 4570 653 4650 planis
667 4573 767 4653 auguli
781 4573 868 4635 solidi
883 4582 1010 4650 secatur,
1030 4576 1136 4639 deiude
1156 4577 1342 4641 describatur
1355 4581 1547 4662 sphaericum
1559 4580 1677 4662 polygo-

344 4697 413 4742 num
428 4676 610 4757 respondens
625 4677 732 4757 angulo
751 4679 857 4754 solido,
877 4680 958 4760 cujus
977 4681 1074 4744 latera
1092 4683 1149 4745 sibi
1164 4690 1234 4745 sunt
1253 4685 1402 4765 aequalia,
1421 4689 1592 4770 augulique,
1615 4683 1678 4746 item
