3586 5518
282 217 345 286 110
821 214 1072 269 neaeman

280 377 425 443 nemisse
442 395 483 443 aa
498 373 643 442 Cicerone
662 372 802 445 (Laelius
817 369 891 446 28):
923 371 978 448 „Si
994 373 1112 436 coslum
1130 373 1228 452 ipsum
1249 373 1463 447 mesudierem,
1481 381 1644 438 nmmum-

281 487 337 547 qne
361 464 482 537 mundi,
516 471 548 528 et
576 461 826 541 pulchritudinem
854 461 985 524 siderum
1011 462 1131 540 penitus
1154 462 1396 542 perspexissem,
1430 461 1566 524 insuavis
1590 460 1645 522 illa

282 553 352 616 mibi
378 553 455 614 foret
480 549 660 624 admiratio,
696 549 752 614 nisi
777 558 807 612 te
832 551 974 612 lectorem
998 569 1142 630 aequum,
1174 559 1324 612 attentum
1355 560 1385 614 et
1408 551 1568 630 cupidum,
1597 548 1645 610 cui

282 643 442 714 narrarem,
464 639 637 705 haberem.“
676 639 760 700 Haec
775 638 824 700 ubi
841 639 1026 718 cognoveris,
1051 640 1076 700 si
1100 657 1216 720 aequus,
1236 659 1281 712 es,
1304 640 1470 702 abstinebis
1494 661 1514 700 a
1536 657 1644 718 repre-

281 730 493 802 hensionibus,
524 747 598 808 quas
627 746 684 788 non
713 727 778 790 sine
807 745 900 790 carrea
926 728 1107 807 praesagio:
1141 729 1186 790 sin
1218 736 1318 790 autem
1346 748 1401 790 suo
1431 727 1552 808 quidem
1578 727 1645 788 loco

282 819 424 899 relinquis
448 817 527 878 ista:
558 815 666 878 metuis
691 824 806 890 tamen,
837 825 870 878 ut
892 825 977 878 certa
999 817 1075 891 sint,
1105 825 1195 898 atque
1219 825 1253 878 ut
1276 837 1331 896 ego
1356 817 1536 896 triumphum
1559 815 1646 877 ceci-

281 908 373 970 nerim
399 915 468 968 ante
492 904 666 968 victoriam:
693 923 764 982 ergo
788 905 836 966 vel
860 905 982 968 tandem
1006 906 1143 985 pagellas
1168 906 1250 985 ipsas
1273 907 1401 980 aceede,
1426 915 1459 967 et
1481 924 1560 978 rem,
1586 923 1648 984 qua

281 997 318 1058 de
342 995 457 1075 pridem
482 993 607 1073 agimus,
632 1011 791 1072 cognosce.
829 991 897 1054 Nou
921 994 1053 1072 reperies
1077 1013 1171 1056 novos
1192 1002 1226 1055 et
1249 995 1416 1075 incognitos
1435 993 1587 1074 planetas,
1613 999 1648 1052 ut

280 1085 370 1162 paulo
395 1092 487 1146 antea
515 1081 728 1168 interpositos,
757 1100 815 1144 nou
846 1103 882 1141 ea
911 1082 981 1144 mibi
1010 1083 1155 1161 probatur
1179 1083 1326 1157 audacia;
1352 1084 1406 1145 sed
1430 1083 1500 1144 illos
1524 1092 1647 1144 veteres

282 1192 387 1252 pamm
412 1171 573 1234 admodum
598 1171 728 1242 lunatos,
753 1170 912 1249 interjectu
937 1190 1007 1234 vero
1027 1171 1246 1234 rectilineomm
1270 1191 1427 1252 corporum
1451 1169 1647 1252 quantumvis

281 1262 411 1324 absurdo
434 1261 479 1324 ita
502 1260 643 1333 munitos,
668 1267 702 1321 ut
724 1277 821 1337 porro,
846 1260 952 1338 quibus
975 1260 1058 1322 nucis
1081 1261 1269 1340 coelumque
1289 1261 1387 1324 minus
1411 1268 1489 1333 mat,
1514 1277 1647 1338 suspeu-

282 1351 379 1422 datur,
405 1349 561 1430 quaerenti
585 1349 698 1412 rustico
722 1348 902 1426 respondere
925 1349 1036 1427 possis.
1084 1349 1174 1410 Vale.

595 1543 638 1604 IN
663 1539 997 1605 PRAEFATIONEM
1020 1541 1080 1603 AD
1104 1539 1334 1604 LECTOREM

808 1663 923 1715 NOTAE
943 1663 1118 1716 sucroms.

309 1821 311 1824 .
362 1767 393 1842 a)
415 1771 476 1826 Etsi
505 1771 596 1826 omnia
616 1771 740 1826 omnibus
762 1771 926 1836 cohaerent,
958 1790 1085 1828 numerus
1118 1781 1209 1828 tamen
1239 1789 1289 1826 sex
1320 1771 1511 1844 primariorum
1540 1771 1649 1826 orbium

282 1854 391 1926 proprie
413 1855 553 1907 desumtus
575 1857 675 1904 estex
698 1852 816 1924 quinque
837 1853 997 1923 corporibus
1019 1853 1101 1908 solis:
1124 1854 1281 1924 proportio,
1304 1854 1411 1923 potiore
1433 1853 1542 1923 quidem
1565 1860 1649 1922 parte

284 1953 302 1988 n
323 1933 482 2006 corporibus
504 1933 622 2004 quinque
644 1933 833 2002 geometricis,
862 1935 908 1986 sed
930 1949 1001 2003 quae
1023 1940 1115 1986 tumen
1137 1933 1210 1986 circa
1230 1933 1341 1986 minima
1361 1931 1497 1986 concessit
1518 1932 1650 1994 motibus,

285 2023 317 2068 ut
337 2029 441 2067 causae
461 2012 538 2064 tinali
560 2011 587 2064 in
609 2011 697 2065 ideam
719 2013 809 2081 operis
829 2019 960 2083 receptae
980 2013 1074 2066 statim
1095 2012 1181 2066 initio.
1223 2013 1261 2067 Et
1284 2013 1335 2066 buc
1359 2013 1466 2084 quidem
1486 2011 1650 2084 intelligen-

284 2097 346 2148 dum
365 2101 409 2146 est
425 2093 458 2145 de
478 2091 596 2144 motibus
615 2091 747 2162 crq'usque
764 2093 897 2162 planetae
921 2091 1077 2146 tardissimo
1096 2110 1163 2156 uno,
1188 2093 1279 2146 altero
1300 2093 1485 2154 velocissimo,
1516 2093 1551 2143 de
1570 2089 1650 2143 moti·

285 2177 351 2236 bus,
378 2171 485 2224 scilicet
508 2187 593 2224 causa
620 2185 688 2224 suae
716 2171 896 2241 proprietatis
919 2171 1108 2227 consideratis.
1151 2173 1243 2226 Motus
1267 2189 1333 2226 vero
1357 2171 1500 2242 periodici,
1531 2170 1586 2223 hoc
1607 2175 1651 2223 est

286 2267 412 2307 uumerus
436 2251 540 2304 dierum
563 2251 591 2303 in
616 2251 830 2320 uniuscnjusque
853 2253 986 2322 planetae
1010 2251 1139 2306 circuitus
1163 2253 1316 2314 derivatus,
1347 2259 1404 2306 tam
1428 2269 1446 2305 a
1468 2251 1652 2322 proportione

285 2333 398 2396 urbium,
429 2347 510 2402 quam
529 2331 565 2384 ab
585 2331 836 2386 eccentricitatibus
860 2331 942 2402 (quae
966 2349 1002 2384 ex
1021 2331 1177 2387 Harmoniis
1197 2339 1262 2386 sunt
1285 2328 1473 2396 constitutae)
1498 2331 1613 2401 lougius
1634 2345 1653 2382 a

286 2413 303 2466 5
323 2411 483 2481 corporibus
503 2417 687 2464 secesserunt.
1371 2453 1372 2460 ,

366 2487 395 2556 b)
416 2491 511 2544 Habes
531 2489 607 2544 illam
627 2491 842 2560 disputationem
862 2491 1032 2544 cumulatam
1051 2492 1078 2544 in
1095 2489 1236 2562 Epitomes
1255 2490 1450 2546 astronomiae
1468 2489 1519 2544 lib.
1538 2491 1559 2545 1.

366 2567 392 2635 c)
414 2571 523 2624 inserta
546 2577 590 2623 cet
613 2569 683 2624 haec
705 2569 856 2640 disputatio
872 2569 1079 2624 Commentariis
1099 2571 1165 2624 meis
1190 2573 1223 2624 de
1245 2578 1320 2626 motu
1340 2571 1452 2634 Martis,
1482 2567 1652 2640 praesertim

286 2653 313 2706 in
332 2649 548 2704 introductione:
574 2650 712 2719 reperitur
727 2667 793 2704 veru
813 2657 943 2703 accurate
963 2650 1033 2704 libro
1052 2651 1099 2705 1V.
1116 2651 1267 2720 Epitomes.
1301 2655 1476 2722 Argumenta
1498 2651 1585 2720 plane
1605 2651 1652 2702 de-

288 2730 470 2786 monstrativa
488 2747 526 2784 ex
542 2729 714 2799 penitissima
731 2729 915 2784 astronomiae
934 2729 1139 2784 restauratione
1158 2731 1323 2786 concinnata
1342 2737 1415 2785 sunt.

368 2808 396 2876 d)
418 2809 655 2881 cosmographiae
673 2809 779 2880 quidem
796 2809 879 2862 titulo
899 2809 1003 2864 nullum
1023 2827 1059 2863 ax
1083 2809 1131 2863 illo
1151 2811 1274 2882 tempure
1291 2812 1390 2864 librum
1410 2811 1495 2865 edidi:
1527 2815 1559 2863 at
1578 2809 1652 2862 simi·

287 2892 373 2945 litudo
393 2891 449 2945 ista
467 2890 558 2944 relata
577 2895 621 2943 est
638 2907 656 2943 a
677 2907 719 2942 me
743 2889 771 2943 in
789 2889 929 2959 Epitomes
951 2889 998 2943 lib.
1018 2891 1042 2954 l,
1069 2890 1115 2942 ubi
1140 2892 1173 2944 de
1195 2891 1285 2945 muudi
1308 2891 1400 2961 ligura
1417 2891 1539 2951 extima,
1568 2889 1651 2960 inque

288 2972 386 3025 librum
406 2971 454 3025 lV.
475 2969 609 3038 ejusdem,
635 2970 680 3023 ubi
701 2971 734 3022 de
753 2970 841 3022 tribus
854 2969 991 3038 primariis
1015 2970 1104 3023 mundi
1123 2969 1250 3024 membris
1267 2971 1387 3040 disputo.
1430 2971 1488 3025 Nec
1507 2987 1559 3040 pro
1578 2969 1652 3023 simi-

287 3051 402 3106 litudine
413 3050 488 3104 inani
498 3050 690 3113 esthabenda,
710 3051 757 3103 aed
769 3049 840 3102 inter
850 3063 949 3102 musas
963 3050 1142 3114 accensenda,
1163 3057 1195 3104 ut
1209 3051 1300 3104 mundi
1315 3051 1404 3104 forma
1418 3057 1448 3104 et
1465 3051 1650 3119 archetypus.

367 3127 395 3196 e)
414 3131 476 3184 Nun
496 3129 542 3200 qui
565 3129 756 3184 circatorem
779 3135 914 3190 curreret,
940 3137 972 3182 ut
991 3129 1082 3183 sidera
1105 3130 1226 3183 Galilaei
1248 3131 1388 3193 Medicam
1406 3125 1441 3196 ²⁰)
1471 3148 1506 3183 ne
1531 3129 1652 3190 fallaris,

288 3227 426 3282 nunquam
450 3212 483 3263 de
502 3209 535 3262 iis
555 3209 692 3280 rugituum
717 3211 764 3262 sed
785 3207 830 3278 qui
850 3214 882 3261 ut
900 3207 952 3277 ipsi
971 3208 1094 3278 primarii
1112 3211 1257 3280 planetae,
1281 3211 1374 3266 Solem
1397 3211 1424 3264 in
1443 3217 1540 3266 centro
1560 3215 1651 3281 syste-

288 3291 369 3346 matis
387 3290 507 3360 positum
524 3289 659 3343 curriculo
676 3305 726 3342 suu
746 3289 880 3360 cingeret.

368 3367 392 3438 f)
410 3371 454 3424 En
467 3369 528 3438 jam
538 3377 604 3423 tunc
618 3368 738 3438 rejectos
754 3385 772 3422 a
785 3385 828 3422 me
843 3384 968 3422 numeros
982 3375 1168 3432 numerantes,
1187 3376 1220 3424 ut
1233 3371 1390 3441 appellant.
1431 3371 1553 3424 Eosdem
1567 3368 1652 3424 stiam

289 3449 409 3520 abjicere
429 3467 447 3503 a
465 3449 649 3505 fundamentis
668 3447 832 3502 harmonicis
852 3447 924 3500 inter
941 3447 1095 3518 praecipua
1113 3447 1199 3504 habui
1218 3449 1246 3504 in
1265 3450 1314 3504 illo
1333 3467 1426 3520 opere.

280 3577 295 3592 ,
368 3526 402 3601 g)
422 3530 551 3584 Senarius
571 3535 664 3584 tamen
682 3529 771 3582 babet
793 3526 894 3598 aliquid
915 3528 1086 3582 abstractum
1107 3544 1124 3582 a
1145 3530 1295 3592 creaturis,
1325 3531 1396 3601 quod
1416 3529 1523 3584 scilicet
1548 3529 1651 3600 primus

287 3617 332 3664 est
350 3610 423 3664 inter
441 3610 596 3680 perlectos:
625 3609 777 3679 perfectum
798 3615 890 3660 autem
911 3607 936 3660 id
954 3607 1087 3672 habetur,
1118 3607 1140 3662 si
1160 3615 1204 3663 tut
1227 3617 1291 3664 sunt
1317 3610 1344 3663 in
1362 3611 1491 3680 partibus
1519 3609 1651 3682 aliquotis

291 3689 422 3752 unitates,
440 3695 508 3759 quot
527 3689 554 3742 in
574 3695 643 3743 toto.
685 3692 729 3742 Aa
747 3687 819 3741 haec
839 3685 925 3757 igitur
943 3687 1099 3757 proprietas
1118 3689 1247 3744 conciliet
1261 3707 1372 3744 numero
1387 3690 1543 3744 numeranti
1562 3689 1652 3762 digni-

289 3777 375 3824 tatem
396 3769 535 3838 aliquam?
578 3769 772 3822 Consideratur
790 3773 820 3820 et
837 3766 928 3837 qualis
948 3767 1018 3820 baeu
1037 3768 1074 3821 sit
1092 3769 1222 3841 dignitas,
1243 3777 1273 3823 et
1287 3773 1421 3841 quomodo
1441 3777 1586 3840 competat
1604 3785 1652 3822 nu·

288 3865 372 3903 mero.
414 3849 533 3902 Primum
560 3848 633 3902 baec
657 3848 780 3919 dignitas
803 3846 911 3900 ridetur
939 3863 1000 3900 esse
1024 3849 1112 3904 nulla.
1153 3850 1224 3904 Nam
1252 3850 1275 3904 si
1303 3850 1427 3922 dignitas
1444 3857 1524 3905 esset
1547 3850 1652 3920 aliqua,

288 3928 397 3986 ridetur
415 3928 574 3984 harmonica
592 3927 738 3997 disciplina
751 3926 936 3980 testimonium
953 3927 1115 3997 praebitura
1132 3929 1217 3982 fuisse
1235 3929 1358 3984 omnibus
1373 3930 1494 3985 numeris
1509 3928 1652 4000 perfectis.

256 4021 263 4034 ·
289 4011 328 4062 at
346 4008 398 4062 illa
415 4007 520 4062 nullum
538 4007 638 4078 recipit
655 4013 767 4078 praeter
785 4006 932 4062 senarium.
974 4007 1083 4077 Reliqui
1102 4009 1174 4062 enim
1192 4009 1310 4080 perfecti
1329 4017 1395 4066 sunt
1413 4011 1564 4081 primorum
1584 4009 1653 4064 mul·

289 4087 414 4158 tiplices,
444 4094 476 4142 ut
503 4094 584 4157 patet
609 4105 645 4144 ex
672 4083 793 4142 Euclidis
822 4087 892 4141 libro
912 4085 961 4140 IX.
988 4104 1066 4158 prop.
1097 4088 1203 4142 ultima.
1246 4091 1338 4152 Quare
1364 4091 1427 4160 (per
1447 4093 1505 4146 Ax.
1531 4091 1560 4146 3.
1590 4088 1653 4144 libri

289 4166 341 4222 mei
365 4167 412 4222 lll.
437 4167 633 4232 Harmonices,
666 4175 696 4220 et
722 4183 773 4236 per
797 4165 879 4236 Prop.
906 4165 932 4220 8.
952 4166 1015 4220 libri
1044 4167 1104 4232 lV.,
1138 4184 1210 4238 quae
1241 4170 1367 4224 nituntur
1396 4187 1496 4240 propp.
1523 4171 1573 4226 45.
1603 4171 1651 4226 46.

289 4247 336 4302 47.
365 4245 428 4300 libri
456 4240 491 4316 Ι.)
516 4264 607 4300 omnes
633 4245 750 4316 perlecti
774 4244 813 4298 sic
834 4245 899 4299 dicti
928 4246 1032 4300 numeri
1060 4255 1174 4316 praeter
1195 4250 1332 4304 senarium
1361 4250 1481 4304 exulant
1511 4267 1529 4303 a
1560 4250 1652 4304 tarmi-

290 4327 331 4381 nis
351 4326 559 4382 concordantias
580 4325 826 4388 constituentibus;
847 4332 1001 4380 attestante
1020 4326 1104 4381 etiam
1124 4345 1207 4381 sensu
1226 4329 1351 4384 auditus:
1369 4330 1451 4400 idque
1465 4337 1585 4400 propter
1599 4329 1652 4400 pri·

289 4423 361 4472 mos,
390 4414 422 4462 ut
438 4406 625 4477 septenarium
652 4413 722 4467 etc,
751 4421 769 4460 a
792 4405 889 4475 quibus
914 4405 1081 4460 derivantur.
1123 4407 1186 4460 Etsi
1213 4408 1286 4463 enirn
1309 4410 1445 4464 sectiones
1474 4409 1653 4466 harmonicae

288 4487 359 4541 libro
377 4487 425 4541 111.
444 4503 524 4557 prop.
550 4487 594 4540 19.
623 4491 802 4539 numerantur
828 4491 946 4554 septem,
976 4486 1022 4556 qui
1050 4503 1177 4542 numerus
1201 4489 1304 4558 primus
1324 4497 1385 4544 est:
1414 4497 1446 4544 at
1467 4489 1539 4544 nulli
1558 4505 1652 4544 earum

290 4568 339 4622 dat
352 4565 405 4620 hoc
418 4565 593 4636 septenarius
608 4565 676 4626 iste,
701 4564 784 4617 utsit
796 4563 970 4626 harmonica;
995 4567 1042 4619 sed
1056 4567 1132 4636 prius
1147 4567 1290 4637 quaelibet
1312 4585 1364 4641 per
1378 4587 1408 4625 se
1422 4575 1468 4624 est
1482 4569 1652 4632 harmonica,

288 4651 392 4714 postea
402 4643 623 4699 demumacuidit
636 4643 691 4698 illis
701 4642 762 4710 jam
775 4644 931 4698 constitutis
945 4644 1089 4711 universis,
1114 4654 1146 4701 ut
1159 4647 1215 4701 sint
1227 4665 1342 4704 numero
1356 4657 1477 4721 septem:
1500 4652 1550 4704 sed
1564 4667 1653 4721 neque

289 4723 362 4780 haer
375 4723 439 4797 ipsa
451 4723 578 4790 cmuirio,
603 4723 838 4796 quaternionum
860 4723 965 4780 numeri
978 4727 1105 4796 perlecti,
1128 4727 1157 4786 iu
1167 4743 1197 4783 ss
1218 4727 1282 4800 ipsa
1298 4731 1488 4798 conmderata,
1504 4729 1653 4808 dignitatis
