3674 5528
662 265 664 274 ’
725 288 808 342 noua
826 230 942 342 aaran.
1451 289 1516 356 235

133 461 236 512 quoqne
256 455 382 500 noemam
400 446 470 500 hano
487 448 622 501 theoricam
646 449 825 512 improbaturus
844 449 961 512 despero,
988 462 1044 498 cunr
1063 449 1182 508 viderint,
1209 448 1349 512 hujusmodl
1371 449 1518 514 hypothesin

134 519 187 567 auis
205 533 382 585 nequaquam
402 521 613 570 observationibm
631 534 779 584 repugnare.

209 589 241 639 lu
261 590 329 641 libro
351 594 408 656 ipso
428 590 632 655 deprehendimus
650 591 765 640 undenus
783 591 911 655 sphaeras,
931 605 1034 655 quarum
1052 591 1145 640 extima
1159 591 1280 654 ,reliquas
1298 605 1345 640 sua
1359 593 1516 642 concavitate

139 660 321 724 complectitur
341 671 369 712 et
387 677 474 713 secum
492 675 538 712 sua
555 661 687 712 velocitate
704 661 794 725 rapit.“
834 661 956 719 „Decima
963 662 1108 711 immediate
1126 663 1262 725 subpriore
1281 663 1405 717 statuitur,
1425 663 1451 711 in
1468 677 1518 727 qus

141 733 219 780 etiam
237 733 418 798 imaginamur
436 733 588 796 eclipticam,
615 735 685 794 cujus
703 733 752 796 poli
776 739 869 782 motum
888 733 995 782 subeunt
1017 732 1179 782 librationis‘*
1216 731 1265 782 Hic
1283 741 1364 782 motus
1391 733 1518 796 perficitur

143 799 289 852 lchcellis
310 806 382 853 eirca
400 811 531 868 utrumque
549 803 645 866 polum,
669 818 770 869 quorum
788 811 869 852 motus
887 803 996 867 pluribus
1016 803 1158 868 explicatur.
1195 801 1270 852 Nous
1287 804 1394 867 sphaera
1412 805 1518 856 alterum
1626 798 1635 816 '

145 873 288 923 librationis
307 881 408 924 motum
427 877 453 924 in
471 874 554 927 muudi
573 874 654 924 latera
671 875 783 938 sphaeris
801 877 868 924 intra
886 888 942 923 eam
961 877 1082 924 conmotis
1101 876 1276 932 communicat,
1296 875 1356 923 item
1369 889 1415 938 ope
1433 872 1451 922 4
1470 879 1515 924 cir-

148 944 273 994 cellorum.
314 945 431 996 Octasae
449 944 571 1009 sphaerae
588 945 673 995 stellae
691 945 753 994 bras
771 947 798 994 in
817 945 1023 1008 consequentiam
1043 945 1136 1008 profert
1153 951 1241 994 contm
1258 951 1352 995 motum
1369 946 1517 996 undecimas

92 1009 111 1042 *
150 1017 250 1080 simque
279 1015 393 1066 diversus
419 1017 571 1079 aprioribm
598 1015 708 1080 sphaeris
726 1023 807 1066 motus
835 1016 917 1065 salvat
942 1016 1100 1081 inaequalem
1126 1015 1230 1065 firmum
1249 1023 1352 1066 motum.
1390 1015 1518 1080 Sphaerus

150 1087 305 1150 superiorum
325 1087 493 1151 planetarum,
512 1087 674 1137 homocentra
692 1087 803 1150 sphaeris
821 1087 941 1151 prioribus
959 1087 1027 1136 circs
1045 1087 1129 1136 mundi
1144 1091 1255 1137 centrum
1274 1087 1361 1136 diurno
1379 1095 1448 1137 motu
1461 1103 1517 1137 cum

150 1158 227 1222 primo
247 1157 319 1208 coelo
339 1159 575 1215 circumvolvuntur,
595 1158 735 1208 dividuntur
754 1165 838 1212 autern
856 1158 969 1222 singulae
988 1160 1014 1208 iu
1033 1155 1049 1205 4
1067 1157 1229 1222 particulares
1248 1158 1319 1208 orbes
1339 1161 1516 1218 ,eccentricoa

152 1228 396 1293 eccentrepicyclos,
427 1228 592 1279 deierentes“.
622 1227 735 1293 Sphaesa
754 1225 786 1289 Θ
807 1245 837 1279 ex
856 1229 872 1276 5
892 1234 991 1278 constat
1011 1229 1107 1278 orbibus
1132 1229 1158 1276 in
1177 1229 1305 1292 superficie
1324 1229 1454 1293 eclipticas
1473 1230 1516 1280 de·

150 1301 257 1363 scriptis,
276 1315 381 1364 qnorum
401 1301 504 1350 extremi
523 1299 570 1348 duo
589 1307 648 1349 sunt
667 1301 800 1350 eccentrici
821 1299 972 1359 „secundum
995 1300 1053 1364 quid
1074 1314 1118 1348 seu
1143 1313 1173 1348 es
1194 1298 1282 1363 parte“
1302 1297 1366 1357 dtu,
1391 1299 1417 1350 hl
1436 1302 1517 1350 vocari

150 1378 254 1433 possunt
273 1371 414 1420 deserentes
431 1385 570 1434 apogaeum
589 1385 681 1428 rerum,
701 1370 840 1421 deferentes
860 1371 966 1434 corperis
981 1370 1081 1428 Solaria,
1102 1371 1171 1421 orbes
1185 1371 1326 1422 anomaliae
1340 1373 1453 1437 apogaei,
1474 1387 1516 1422 ec·

151 1442 316 1494 centricitatls
335 1440 415 1491 Solis“
436 1440 481 1491 to.

222 1513 382 1562 inferioribus
400 1513 507 1576 planetis
527 1513 611 1561 tribuit
623 1511 741 1577 Magium
761 1509 777 1560 4
796 1518 822 1562 et
841 1510 866 1569 5,
887 1511 975 1561 Lunae
994 1525 1050 1561 vero
1067 1507 1167 1562 derbes
1186 1514 1338 1562 eecentricos
1356 1520 1382 1564 et
1394 1513 1516 1577 epicyolos

150 1585 188 1632 ita
205 1585 314 1632 invicem
325 1583 475 1642 infibulatos,
496 1590 532 1643 ut,
551 1585 617 1634 sieut
634 1584 660 1631 in
679 1584 807 1647 prioribus,
828 1583 939 1632 soliditas
959 1582 1118 1647 sphaerarum
1131 1584 1181 1633 iere
1194 1585 1335 1634 necessario
1348 1583 1381 1635 ad
1393 1587 1515 1634 sustinen-

150 1654 210 1704 dam
228 1653 295 1704 banc
314 1655 489 1719 complicatam
506 1654 596 1704 molem
615 1655 765 1705 arcemenda
783 1654 822 1704 sit.

221 1793 252 1856 8)
271 1810 296 1859 p.
311 1792 371 1843 240.
396 1793 501 1859 Spectat
512 1795 550 1843 bis
563 1793 688 1859 Keplerus
707 1795 792 1846 literas
804 1793 958 1846 Rothmsrm
976 1795 1000 1845 d.
1016 1794 1133 1846 cassellis
1152 1797 1175 1846 d.
1197 1795 1238 1846 ll.
1253 1796 1303 1848 Oet
1318 1793 1399 1855 lest,
1418 1797 1444 1846 iu
1463 1797 1516 1864 qni·

149 1867 195 1916 bus
212 1867 256 1918 ille
274 1866 306 1916 de
324 1867 411 1917 studiis
430 1867 480 1916 suis
498 1866 561 1916 baec
580 1866 668 1916 refert:

223 1971 366 2036 Consumpsi
383 1971 535 2036 Vitebergae
554 1970 672 2036 Orpanon
690 1969 898 2022 Mathemntloum
927 1971 992 2036 qnod
1011 1973 1123 2022 continet
1144 1971 1298 2036 Logistieam
1316 1975 1516 2038 euagenariam,

149 2043 300 2094 Doctrinam
320 2043 424 2092 Sinuum
443 2039 488 2092 dte.
526 2041 663 2106 Conscripsi
682 2043 773 2092 ibidem
793 2043 869 2092 etiam
887 2043 1084 2100 Astronomiam,
1112 2045 1137 2092 in
1156 2057 1205 2108 qua
1223 2043 1370 2107 hypotheses
1389 2043 1517 2108 Cepernici
1540 2081 1543 2086 ,
1592 2039 1594 2044 ’

150 2115 251 2164 naduxi
270 2113 304 2164 sd
321 2113 485 2164 mobilitatem
504 2113 567 2164 Solis
587 2111 665 2177 (quod
683 2114 737 2163 fieri
755 2129 826 2177 posse
846 2129 895 2164 uon
913 2110 1026 2179 ignoras)
1044 2114 1189 2179 singulaque
1203 2114 1369 2166 theoricarum
1387 2116 1517 2165 schemata

151 2187 249 2236 calculo
257 2185 391 2234 Pretenlce
410 2185 542 2234 declaravi.
581 2184 673 2234 Verum
691 2199 804 2249 comper
817 2185 999 2236 ohservationes
1018 2185 1161 2242 invenerim,
1174 2185 1273 2236 tabulas
1286 2185 1432 2236 Pmtenioss
1444 2187 1517 2237 valde

150 2258 284 2323 insigniter
303 2269 320 2305 a
337 2257 444 2306 veritate
464 2251 525 2304 coeli
544 2255 645 2312 abesse,
664 2255 858 2318 publicationem
878 2259 931 2319 ejus
949 2256 1075 2320 hueusque
1095 2255 1192 2317 distuli,
1213 2271 1245 2305 ne
1263 2258 1376 2307 vitiosum
1395 2257 1517 2307 adamum

150 2343 194 2392 pro
212 2343 270 2378 sero
290 2327 441 2377 discentffim
460 2326 554 2376 viderer
572 2326 752 2376 commendare.
789 2323 855 2376 Mira
873 2327 993 2377 brevitate
1017 2341 1061 2390 per
1079 2327 1149 2392 leges
1166 2327 1261 2393 logicas
1287 2327 1400 2378 dissectis
1417 2329 1515 2378 hetero-

152 2401 238 2463 geneis
257 2398 336 2449 multo
355 2398 427 2462 plura
442 2399 467 2446 iu
486 2411 542 2446 esni
555 2398 658 2460 conjeci,
678 2411 753 2461 quam
772 2399 901 2447 continent
919 2397 1034 2463 vulgares
1047 2397 1168 2461 sphaerici
1188 2405 1213 2447 et
1231 2398 1333 2449 henrici
1352 2399 1434 2449 libelli.
1465 2399 1515 2450 lm-

151 2471 235 2533 pnlsus
259 2485 315 2520 sum
338 2470 372 2518 ad
390 2483 447 2518 eam
465 2470 621 2518 acerbissimo
640 2468 738 2525 dolore,
763 2469 828 2533 quod
850 2469 958 2519 riderem
981 2469 1007 2518 in
1027 2469 1162 2518 academiis
1187 2469 1246 2518 nihil
1271 2470 1322 2520 lere
1346 2471 1377 2519 de
1395 2470 1444 2520 bac
1462 2478 1516 2521 arte

152 2541 271 2607 intelligis
297 2540 421 2591 calculum
440 2541 538 2604 quidem
556 2539 716 2589 Pruteuioum
734 2541 760 2588 in
779 2541 886 2589 omnium
906 2553 960 2590 esse
978 2539 1108 2597 manibus,
1134 2547 1278 2590 attentum
1296 2555 1365 2591 mere
1382 2540 1517 2592 Prutenies

152 2621 289 2676 praecepta
308 2613 412 2662 tractui
430 2625 477 2660 nec
495 2610 606 2667 inveniri,
625 2611 666 2673 qui
683 2609 832 2673 hypotheses
847 2613 900 2674 ejus
910 2609 1059 2676 intelligant,
1079 2625 1111 2660 ne
1124 2613 1222 2676 quidem
1235 2613 1299 2661 luter
1312 2627 1362 2670 eos,
1382 2613 1423 2677 qui
1436 2621 1515 2662 astro·

153 2685 262 2734 numiam
279 2683 444 2747 profiteantur
461 2697 491 2732 ae
513 2697 540 2730 se
558 2695 666 2731 summos
684 2681 874 2732 mathematicos
893 2688 988 2746 putent.
1027 2681 1123 2732 Motum
1145 2684 1323 2746 praecessionis
1346 2685 1514 2748 aequinoctio-

152 2769 204 2804 rum
224 2763 251 2804 et
268 2761 384 2804 mutatae
403 2753 552 2818 obliquitatis
571 2753 681 2811 zodiaci,
702 2755 771 2816 cnjus
789 2753 938 2817 hypotheses
957 2754 1082 2802 neminem
1105 2753 1186 2803 adhuc
1206 2754 1253 2803 vidi
1272 2755 1357 2804 dextre
1376 2755 1515 2819 meelhgere

152 2841 198 2876 nee
215 2833 242 2876 te
260 2826 353 2876 multos
372 2825 461 2874 vidisse
480 2825 596 2883 arbitror,
622 2838 719 2873 summa
742 2825 864 2874 facilitate
884 2832 910 2874 et
928 2825 1104 2888 perspicuitate
1128 2825 1247 2880 tractavi,
1274 2826 1314 2888 qui
1339 2831 1425 2874 nmen
1444 2826 1516 2875 aliter

151 2897 299 2947 mutandus
323 2899 377 2960 jam
396 2903 447 2951 est,
474 2911 530 2946 cum
554 2895 641 2946 stellae
667 2909 727 2944 suas
751 2901 862 2945 mutasse
887 2895 1032 2946 latitudines
1050 2896 1215 2946 inveniantur.
1252 2895 1291 2944 De
1316 2896 1401 2946 diebus
1419 2910 1515 2961 quoque

151 2977 203 3018 usn
221 2968 394 3019 erdlicialihus
413 2980 487 3031 quam
505 2967 659 3017 naturalibus
683 2967 762 3032 deque
780 2968 896 3031 temporis
916 2968 1065 3031 aequatione
1090 2982 1120 3016 ex
1137 2969 1189 3030 ipso
1208 2967 1370 3016 laudamento
1393 2981 1444 3015 non
1461 2967 1514 3016 vul·

150 3041 221 3104 gsria
238 3040 363 3104 proposui.
403 3038 480 3088 Orbas
499 3038 557 3100 illos
574 3038 655 3088 reales
679 3045 705 3087 et
722 3045 760 3087 tot
786 3051 844 3088 axes
863 3039 1023 3089 obscurantes
1048 3037 1129 3101 potius
1151 3039 1326 3088 estrenomiam
1344 3051 1418 3102 quam
1438 3037 1515 3101 expli·

151 3117 237 3162 cauus
262 3125 362 3175 prorsus
391 3109 487 3159 sustuli
524 3109 552 3158 ln
577 3109 689 3160 theorica
713 3105 745 3169 Θ
773 3103 843 3173 ιι)
872 3124 949 3160 unam
976 3115 1002 3159 st
1020 3109 1126 3160 eandem
1153 3109 1297 3158 cuculorum
1323 3109 1515 3174 suppositionem

130 3178 262 3244 *sssumsi
284 3183 400 3231 nimirum
418 3182 593 3238 ecceutricum,
613 3184 683 3244 cujus
702 3186 814 3230 centrum
832 3183 858 3230 in
877 3180 975 3231 circello
999 3194 1074 3245 supra
1091 3186 1202 3232 ceruum
1220 3180 1306 3229 mnndi
1324 3181 1349 3229 in
1368 3181 1435 3230 lines
1453 3193 1514 3246 apo-

149 3255 206 3318 gsei
223 3254 302 3303 medii
327 3261 354 3303 et
371 3253 471 3317 quidem
493 3254 519 3300 in
538 3259 623 3302 oentm
648 3252 746 3302 mediae
765 3253 959 3302 ecoentricitatis
983 3253 1135 3302 consistente
1158 3253 1191 3300 sit
1208 3250 1313 3300 mobile:
1341 3256 1523 3316 praeterquam¹

149 3325 212 3388 quod
230 3327 256 3374 in
270 3324 329 3374 Sole
349 3323 475 3373 momelis
492 3325 595 3386 simplex
611 3325 637 3373 iu
656 3337 753 3374 summa
771 3324 863 3374 circelli
881 3329 953 3388 parte
971 3324 1085 3387 incipiat,
1105 3325 1130 3373 in
1145 3322 1218 3372 Luna
1230 3337 1286 3372 vero
1305 3322 1410 3388 duplata
1427 3321 1514 3373 sSols

150 3397 270 3446 &nuda
295 3395 400 3459 incipiat
423 3395 545 3446 contrado
568 3395 640 3445 modo
660 3395 692 3446 ab
715 3395 766 3444 ima
790 3395 880 3446 circelli
900 3401 979 3460 parte.
1017 3395 1123 3445 Omnino
1150 3409 1220 3460 spero
1247 3394 1370 3445 discentes
1393 3408 1514 3444 summum

148 3467 205 3518 inde
222 3468 333 3518 fructum
352 3480 442 3531 capere
460 3480 540 3530 posse.

217 3539 293 3589 Haec
311 3537 488 3588 Ruthmannus
506 3539 531 3587 ln
549 3537 625 3588 literls
644 3537 667 3586 d.
689 3533 730 3586 ss.
752 3535 809 3587 Oct.
831 3533 900 3586 lusa
918 3536 951 3586 ad
964 3537 1108 3599 Tyobonem
1126 3537 1192 3586 datis
1210 3535 1246 3586 sic
1265 3535 1398 3600 explanare
1416 3537 1513 3587 studet:

149 3609 210 3659 Cum
229 3609 364 3660 Elementa
381 3623 439 3660 mea
457 3609 629 3658 Astronomica
648 3610 835 3666 conscriberem,
855 3608 952 3657 Lunam
971 3614 997 3658 et
1015 3607 1098 3658 Solem
1117 3609 1185 3658 circa
1201 3607 1304 3657 Terram
1322 3608 1512 3668 constituebam,

148 3683 191 3731 red
209 3685 235 3731 in
254 3679 624 3745 homocentrepioyclepieyclis,
644 3680 669 3728 in
688 3686 773 3729 centro
792 3693 848 3728 sero
866 3681 966 3741 majoris
985 3685 1011 3728 et
1028 3681 1098 3744 primi
1118 3678 1221 3742 epioycli
1234 3677 1297 3728 Solis
1315 3693 1410 3728 rursum
1428 3679 1513 3728 homo·

148 3752 442 3817 oeuuepioyclepicyclos
459 3752 606 3816 reliquorum
623 3750 789 3813 planetarum,
808 3751 844 3800 its
862 3757 891 3798 ut
908 3757 1020 3799 cernuum
1038 3749 1276 3800 homocentricorum
1294 3750 1319 3799 iu
1338 3749 1437 3816 reliquis
1459 3750 1512 3814 pla·

148 3827 211 3874 netis
229 3825 298 3874 idem
316 3837 415 3886 semper
433 3829 500 3872 esset
518 3835 573 3871 enm
593 3828 677 3872 centro
696 3823 796 3884 majoris
814 3820 917 3885 epioycli
938 3821 1001 3870 Solis
1026 3835 1124 3898 unaqqe
1150 3835 1194 3886 per
1211 3820 1319 3872 medium
1338 3819 1401 3870 Solis
1420 3823 1513 3892 motum

148 3897 173 3944 in
189 3895 378 3946 homocentrico
398 3895 462 3944 Solis
482 3893 713 3944 ehcumduceretur.
753 3891 804 3943 Sed
821 3892 848 3942 id
865 3906 914 3942 non
932 3906 998 3942 nors
1015 3893 1111 3942 ratione
1129 3892 1266 3950 lactabam,
1295 3891 1340 3943 sed
1357 3905 1454 3956 prorsus
1473 3907 1512 3942 se·

149 3968 254 4017 eundum
276 3965 451 4029 Cepernieum,
470 3974 518 4014 nee·
535 3971 563 4013 ut
582 3965 717 4030 conversim
736 3979 780 4027 per
798 3965 882 4014 omnia
898 3964 1047 4027 hypotheses
1067 3961 1196 4027 Cepernici
1223 3963 1255 4011 ad
1273 3963 1436 4014 mobilitatem
1449 3963 1513 4014 Solis

148 4041 307 4089 hunslerrem
326 4037 398 4086 aliter
421 4036 505 4086 lacere
524 4043 649 4100 poteram:
675 4034 836 4099 videbamque
863 4049 919 4084 eam
938 4037 1058 4085 radonem
1089 4042 1115 4083 et
1138 4034 1272 4084 Rheticum
1296 4040 1323 4083 et
1347 4034 1512 4085 Reinboldum

147 4109 297 4160 hstellexisse
300 4143 410 4158 ......
438 4107 511 4156 atius
529 4107 638 4156 invenire
658 4121 706 4156 uon
724 4120 832 4170 possum,
852 4119 926 4170 quam
939 4106 1031 4156 enham
1049 4111 1149 4169 praeter
1165 4107 1266 4155 unicam
1285 4105 1415 4171 Cepernici
1434 4107 1511 4170 hypo-

147 4181 225 4232 thesin
249 4193 346 4250 reram
364 4193 428 4229 esse.
465 4177 520 4227 Nec
543 4185 633 4244 peccat
656 4177 720 4228 haec
740 4183 827 4226 contra
844 4177 948 4240 physica
971 4179 1091 4242 principia
1106 4211 1112 4224 .
1126 4213 1132 4224 .
1147 4213 1170 4232 .,
1198 4191 1245 4226 nec
1270 4177 1353 4226 obstat
1376 4179 1512 4228 secentas

146 4267 272 4303 surarum
292 4252 429 4300 literarum.
465 4248 522 4297 Non
541 4257 625 4297 tamen
644 4247 792 4312 hypotheses
806 4248 986 4311 Cepernicaeas
1006 4249 1156 4298 discentibus
1165 4249 1338 4312 proponendas
1350 4261 1405 4298 esse
1415 4248 1510 4312 judico,

148 4339 200 4374 curn
219 4339 266 4375 eae
287 4324 328 4372 rix
347 4323 380 4372 ab
400 4320 536 4370 artiiimlnm
554 4321 734 4382 percipiantur,
761 4325 789 4367 ut
807 4334 839 4368 ne
858 4319 1006 4369 blaestlinus
1025 4319 1123 4383 quidem
1142 4327 1236 4369 motum
1254 4319 1390 4370 librationis
1409 4322 1434 4370 ln
1453 4320 1510 4370 lati·

147 4395 271 4446 tedinibns
291 4401 318 4446 et
337 4392 486 4457 obliquitate
512 4391 608 4440 zodiaci
632 4397 701 4440 recte
719 4391 850 4455 intellipltr
879 4390 1000 4448 sedeas,
1026 4404 1090 4455 qnae
1109 4392 1159 4440 sint
1182 4392 1290 4440 omniurn
1308 4391 1454 4448 facillimae,
1483 4395 1512 4440 ut

146 4467 296 4530 pedetentim
324 4479 445 4516 accessus
469 4463 503 4512 ad
521 4461 682 4525 Cepernicum
708 4463 841 4525 aperiatur.
879 4461 1033 4526 Quapropter
1057 4463 1110 4526 ipse
1129 4477 1224 4528 quoqne
1247 4463 1273 4512 in
1292 4463 1427 4514 Elementis
1450 4461 1511 4510 mels

147 4541 322 4591 hshmemicis
342 4536 498 4601 superiorem
516 4533 584 4582 illam
602 4533 763 4582 inversionem
782 4533 888 4596 expunxi
913 4539 939 4580 et
957 4534 1108 4584 ecoentricos
1131 4535 1157 4583 iu
1181 4540 1266 4583 centro
1284 4535 1367 4583 mobili
1386 4531 1510 4588 substitui,

147 4617 172 4660 ut
188 4613 313 4664 moenem
334 4620 509 4674 apogaeemm
527 4612 608 4654 motus
632 4609 658 4652 et
674 4604 732 4652 loca
750 4618 779 4653 eo
805 4603 902 4653 lacilius
920 4603 1058 4670 intelligere
1077 4611 1178 4669 possent
1202 4612 1228 4655 et
1253 4606 1337 4655 addito
1361 4606 1386 4654 in
1404 4602 1511 4667 planetis

146 4686 248 4749 tpieyclo
268 4682 437 4735 directiones,
458 4677 578 4726 medones
597 4681 624 4724 et
641 4675 806 4740 repremionee
826 4687 855 4724 eo
874 4675 964 4726 fierent
975 4677 1174 4748 'manifestiorem
1193 4691 1240 4726 uec
1259 4677 1335 4726 etiam
1352 4673 1511 4723 latitudinum

143 4757 200 4807 ratic
219 4757 283 4809 adeo
304 4758 378 4807 esset
398 4750 508 4800 obscura
527 4755 553 4798 et
571 4747 698 4798 inulcsta
735 4745 774 4795 Ne
792 4751 878 4798 umen
896 4747 1009 4798 deessem
1027 4749 1160 4813 ingeniosis
1179 4748 1261 4804 otiis,
1280 4746 1321 4810 qui
1336 4747 1389 4806 jam
1402 4757 1510 4793 commn-

139 4842 180 4883 ues
196 4837 311 4882 motum
331 4821 496 4892 singulorum
514 4819 605 4870 iormas
623 4818 806 4884 intelligerent,
830 4819 863 4871 sd
881 4818 957 4872 finem
975 4833 1031 4872 earu
1048 4820 1080 4872 de
1099 4833 1149 4886 qus
1167 4831 1242 4884 supra
1259 4816 1307 4867 disi
1327 4815 1454 4882 Coperuiei
1471 4815 1509 4866 tu·
