<?xml version="1.0" encoding="UTF-8"?>
<!DOCTYPE html PUBLIC "-//W3C//DTD XHTML 1.0 Transitional//EN"
    "http://www.w3.org/TR/xhtml1/DTD/xhtml1-transitional.dtd">
<html xmlns="http://www.w3.org/1999/xhtml" xml:lang="en" lang="en">
 <head>
  <title>
</title>
<meta http-equiv="Content-Type" content="text/html;charset=utf-8" />
  <meta name='ocr-system' content='tesseract 3.04.00' />
  <meta name='ocr-capabilities' content='ocr_page ocr_carea ocr_par ocr_line ocrx_word'/>
</head>
<body>
  <div class='ocr_page' id='page_1' title='image "./joanniskepleria22frisgoog_0358.png"; bbox 0 0 3674 5528; ppageno 0'>
   <div class='ocr_carea' id='block_1_1' title="bbox 698 295 1528 370">
    <p class='ocr_par' dir='ltr' id='par_1_1' title="bbox 698 295 1528 370">
     <span class='ocr_line' id='line_1_1' title="bbox 698 295 1528 370; baseline -0.01 1"><span class='ocrx_word' id='word_1_1' title='bbox 698 301 999 370; x_wconf 53' lang='lat' dir='ltr'><strong>ammata.</strong></span> <span class='ocrx_word' id='word_1_2' title='bbox 1465 295 1528 364; x_wconf 77' lang='lat' dir='ltr'><strong>aar</strong></span> 
     </span>
    </p>
   </div>
   <div class='ocr_carea' id='block_1_2' title="bbox 157 459 1532 988">
    <p class='ocr_par' dir='ltr' id='par_1_2' title="bbox 157 459 1531 812">
     <span class='ocr_line' id='line_1_2' title="bbox 157 459 1531 546; baseline -0.003 -20"><span class='ocrx_word' id='word_1_3' title='bbox 157 459 342 542; x_wconf 81' lang='lat' dir='ltr'><strong>longissime</strong></span> <span class='ocrx_word' id='word_1_4' title='bbox 371 481 394 524; x_wconf 92' lang='lat' dir='ltr'><strong>a</strong></span> <span class='ocrx_word' id='word_1_5' title='bbox 414 461 546 526; x_wconf 73' lang='lat' dir='ltr'><strong>mnam</strong></span> <span class='ocrx_word' id='word_1_6' title='bbox 566 462 725 540; x_wconf 81' lang='lat' dir='ltr'><strong>abemare,</strong></span> <span class='ocrx_word' id='word_1_7' title='bbox 760 473 792 527; x_wconf 86' lang='lat' dir='ltr'><strong>et</strong></span> <span class='ocrx_word' id='word_1_8' title='bbox 816 465 935 546; x_wconf 79' lang='lat' dir='ltr'><strong>quidem</strong></span> <span class='ocrx_word' id='word_1_9' title='bbox 964 465 1151 527; x_wconf 78' lang='lat' dir='ltr'><strong>solaturam</strong></span> <span class='ocrx_word' id='word_1_10' title='bbox 1178 470 1233 527; x_wconf 86' lang='lat' dir='ltr'><strong>tna</strong></span> <span class='ocrx_word' id='word_1_11' title='bbox 1256 461 1337 525; x_wconf 84' lang='lat' dir='ltr'><strong>auria</strong></span> <span class='ocrx_word' id='word_1_12' title='bbox 1360 459 1531 524; x_wconf 72' lang='lat' dir='ltr'><strong>exbnrtnta&#39;n</strong></span> 
     </span>
     <span class='ocr_line' id='line_1_3' title="bbox 164 549 1527 638; baseline -0.003 -25"><span class='ocrx_word' id='word_1_13' title='bbox 164 552 202 614; x_wconf 92' lang='lat' dir='ltr'><strong>ad</strong></span> <span class='ocrx_word' id='word_1_14' title='bbox 225 549 415 612; x_wconf 72' lang='lat' dir='ltr'><strong>eliciendum</strong></span> <span class='ocrx_word' id='word_1_15' title='bbox 437 553 576 614; x_wconf 65' lang='lat' dir='ltr'><strong>tenutis</strong></span> <span class='ocrx_word' id='word_1_16' title='bbox 599 553 715 632; x_wconf 85' lang='lat' dir='ltr'><strong>ignem,</strong></span> <span class='ocrx_word' id='word_1_17' title='bbox 741 561 774 616; x_wconf 91' lang='lat' dir='ltr'><strong>ut</strong></span> <span class='ocrx_word' id='word_1_18' title='bbox 796 554 869 617; x_wconf 84' lang='lat' dir='ltr'><strong>milii</strong></span> <span class='ocrx_word' id='word_1_19' title='bbox 891 555 1104 635; x_wconf 76' lang='lat' dir='ltr'>persuadeam,</span> <span class='ocrx_word' id='word_1_20' title='bbox 1134 571 1197 638; x_wconf 81' lang='lat' dir='ltr'><strong>non</strong></span> <span class='ocrx_word' id='word_1_21' title='bbox 1216 560 1249 614; x_wconf 84' lang='lat' dir='ltr'><strong>tn</strong></span> <span class='ocrx_word' id='word_1_22' title='bbox 1272 551 1344 618; x_wconf 89' lang='lat' dir='ltr'><strong>nribi</strong></span> <span class='ocrx_word' id='word_1_23' title='bbox 1372 549 1527 612; x_wconf 86' lang='lat' dir='ltr'><strong>succensi-</strong></span> 
     </span>
     <span class='ocr_line' id='line_1_4' title="bbox 167 635 1530 722; baseline -0.004 -18"><span class='ocrx_word' id='word_1_24' title='bbox 167 651 283 713; x_wconf 86' lang='lat' dir='ltr'><strong>tnrum‚</strong></span> <span class='ocrx_word' id='word_1_25' title='bbox 309 639 338 701; x_wconf 91' lang='lat' dir='ltr'><strong>si</strong></span> <span class='ocrx_word' id='word_1_26' title='bbox 362 640 538 704; x_wconf 84' lang='lat' dir='ltr'><strong>militariter</strong></span> <span class='ocrx_word' id='word_1_27' title='bbox 560 635 712 721; x_wconf 77' lang='lat' dir='ltr'><strong>pugnans,</strong></span> <span class='ocrx_word' id='word_1_28' title='bbox 737 643 910 706; x_wconf 87' lang='lat' dir='ltr'><strong>militariter</strong></span> <span class='ocrx_word' id='word_1_29' title='bbox 934 652 965 705; x_wconf 90' lang='lat' dir='ltr'><strong>et</strong></span> <span class='ocrx_word' id='word_1_30' title='bbox 984 651 1083 706; x_wconf 89' lang='lat' dir='ltr'><strong>tecum</strong></span> <span class='ocrx_word' id='word_1_31' title='bbox 1107 642 1220 722; x_wconf 86' lang='lat' dir='ltr'><strong>loquor.</strong></span> <span class='ocrx_word' id='word_1_32' title='bbox 1273 639 1430 720; x_wconf 86' lang='lat' dir='ltr'><strong>Oppressa</strong></span> <span class='ocrx_word' id='word_1_33' title='bbox 1453 638 1530 700; x_wconf 90' lang='lat' dir='ltr'><strong>enim</strong></span> 
     </span>
     <span class='ocr_line' id='line_1_5' title="bbox 169 729 951 812; baseline 0 -20"><span class='ocrx_word' id='word_1_34' title='bbox 169 731 225 792; x_wconf 80' lang='lat' dir='ltr'><strong>liae</strong></span> <span class='ocrx_word' id='word_1_35' title='bbox 249 729 395 792; x_wconf 84' lang='lat' dir='ltr'><strong>libertate</strong></span> <span class='ocrx_word' id='word_1_36' title='bbox 419 730 572 811; x_wconf 85' lang='lat' dir='ltr'><strong>pugnandi</strong></span> <span class='ocrx_word' id='word_1_37' title='bbox 594 731 629 791; x_wconf 88' lang='lat' dir='ltr'><strong>lit</strong></span> <span class='ocrx_word' id='word_1_38' title='bbox 651 731 774 810; x_wconf 88' lang='lat' dir='ltr'><strong>ingrata</strong></span> <span class='ocrx_word' id='word_1_39' title='bbox 795 731 951 812; x_wconf 71' lang='lat' dir='ltr'><strong>scriptia</strong></span> 
     </span>
    </p>

    <p class='ocr_par' dir='ltr' id='par_1_3' title="bbox 172 817 1532 988">
     <span class='ocr_line' id='line_1_6' title="bbox 259 817 1531 896; baseline -0.002 -16"><span class='ocrx_word' id='word_1_40' title='bbox 259 818 373 890; x_wconf 77' lang='lat' dir='ltr'><strong>iubes,</strong></span> <span class='ocrx_word' id='word_1_41' title='bbox 397 827 432 882; x_wconf 89' lang='lat' dir='ltr'><strong>ut</strong></span> <span class='ocrx_word' id='word_1_42' title='bbox 454 828 538 882; x_wconf 90' lang='lat' dir='ltr'><strong>tuam</strong></span> <span class='ocrx_word' id='word_1_43' title='bbox 561 821 743 882; x_wconf 85' lang='lat' dir='ltr'><strong>sententiam</strong></span> <span class='ocrx_word' id='word_1_44' title='bbox 767 839 834 882; x_wconf 90' lang='lat' dir='ltr'><strong>cum</strong></span> <span class='ocrx_word' id='word_1_45' title='bbox 857 840 925 882; x_wconf 88' lang='lat' dir='ltr'><strong>mea</strong></span> <span class='ocrx_word' id='word_1_46' title='bbox 948 819 1111 882; x_wconf 80' lang='lat' dir='ltr'><strong>conteram.</strong></span> <span class='ocrx_word' id='word_1_47' title='bbox 1159 819 1205 882; x_wconf 83' lang='grc' dir='ltr'><strong>Τιι</strong></span> <span class='ocrx_word' id='word_1_48' title='bbox 1227 835 1298 896; x_wconf 83' lang='lat' dir='ltr'><strong>ergo</strong></span> <span class='ocrx_word' id='word_1_49' title='bbox 1323 817 1404 878; x_wconf 87' lang='lat' dir='ltr'><strong>lurta</strong></span> <span class='ocrx_word' id='word_1_50' title='bbox 1427 833 1531 878; x_wconf 80' lang='lat' dir='ltr'><strong>emm·</strong></span> 
     </span>
     <span class='ocr_line' id='line_1_7' title="bbox 172 905 1532 988; baseline -0.003 -18"><span class='ocrx_word' id='word_1_51' title='bbox 172 907 216 988; x_wconf 89' lang='lat' dir='ltr'><strong>pli</strong></span> <span class='ocrx_word' id='word_1_52' title='bbox 240 907 342 986; x_wconf 88' lang='lat' dir='ltr'><strong>gratia</strong></span> <span class='ocrx_word' id='word_1_53' title='bbox 365 907 397 968; x_wconf 92' lang='lat' dir='ltr'><strong>in</strong></span> <span class='ocrx_word' id='word_1_54' title='bbox 421 908 650 971; x_wconf 79' lang='lat' dir='ltr'><strong>melancholiam</strong></span> <span class='ocrx_word' id='word_1_55' title='bbox 674 909 808 984; x_wconf 78' lang='lat' dir='ltr'><strong>conlem3</strong></span> <span class='ocrx_word' id='word_1_56' title='bbox 832 927 949 972; x_wconf 90' lang='lat' dir='ltr'><strong>mecum</strong></span> <span class='ocrx_word' id='word_1_57' title='bbox 973 926 1044 986; x_wconf 87' lang='lat' dir='ltr'><strong>ergo</strong></span> <span class='ocrx_word' id='word_1_58' title='bbox 1069 907 1154 983; x_wconf 86' lang='lat' dir='ltr'><strong>iacis,</strong></span> <span class='ocrx_word' id='word_1_59' title='bbox 1178 925 1302 987; x_wconf 80' lang='lat' dir='ltr'><strong>possim</strong></span> <span class='ocrx_word' id='word_1_60' title='bbox 1325 905 1403 968; x_wconf 88' lang='lat' dir='ltr'><strong>enim</strong></span> <span class='ocrx_word' id='word_1_61' title='bbox 1427 905 1532 966; x_wconf 85' lang='lat' dir='ltr'><strong>eodem</strong></span> 
     </span>
    </p>
   </div>
   <div class='ocr_carea' id='block_1_3' title="bbox 176 997 1530 1078">
    <p class='ocr_par' dir='ltr' id='par_1_4' title="bbox 176 997 1530 1078">
     <span class='ocr_line' id='line_1_8' title="bbox 176 997 1530 1078; baseline -0.003 -19"><span class='ocrx_word' id='word_1_62' title='bbox 176 1015 269 1078; x_wconf 86' lang='lat' dir='ltr'><strong>opera</strong></span> <span class='ocrx_word' id='word_1_63' title='bbox 293 1005 354 1076; x_wconf 80' lang='lat' dir='ltr'><strong>qua</strong></span> <span class='ocrx_word' id='word_1_64' title='bbox 376 1004 410 1060; x_wconf 93' lang='lat' dir='ltr'><strong>tu</strong></span> <span class='ocrx_word' id='word_1_65' title='bbox 433 997 665 1060; x_wconf 87' lang='lat' dir='ltr'><strong>melancholiam</strong></span> <span class='ocrx_word' id='word_1_66' title='bbox 686 999 844 1074; x_wconf 88' lang='lat' dir='ltr'><strong>immunem</strong></span> <span class='ocrx_word' id='word_1_67' title='bbox 870 1019 889 1060; x_wconf 89' lang='lat' dir='ltr'><strong>a</strong></span> <span class='ocrx_word' id='word_1_68' title='bbox 912 997 1075 1060; x_wconf 77' lang='lat' dir='ltr'><strong>sceleribus</strong></span> <span class='ocrx_word' id='word_1_69' title='bbox 1102 1005 1133 1058; x_wconf 88' lang='lat' dir='ltr'><strong>et</strong></span> <span class='ocrx_word' id='word_1_70' title='bbox 1156 1015 1213 1074; x_wconf 87' lang='lat' dir='ltr'><strong>ogo</strong></span> <span class='ocrx_word' id='word_1_71' title='bbox 1236 997 1350 1057; x_wconf 91' lang='lat' dir='ltr'><strong>coelum</strong></span> <span class='ocrx_word' id='word_1_72' title='bbox 1375 1013 1530 1056; x_wconf 82' lang='lat' dir='ltr'><strong>excusare.</strong></span> 
     </span>
    </p>
   </div>
   <div class='ocr_carea' id='block_1_4' title="bbox 171 1084 1599 1864">
    <p class='ocr_par' dir='ltr' id='par_1_5' title="bbox 171 1084 1599 1864">
     <span class='ocr_line' id='line_1_9' title="bbox 249 1084 1536 1150; baseline -0.002 -15"><span class='ocrx_word' id='word_1_73' title='bbox 249 1085 438 1136; x_wconf 74' lang='lat' dir='ltr'><strong>Fabricius:</strong></span> <span class='ocrx_word' id='word_1_74' title='bbox 464 1086 504 1136; x_wconf 83' lang='lat' dir='ltr'><strong>Tu</strong></span> <span class='ocrx_word' id='word_1_75' title='bbox 527 1091 858 1150; x_wconf 77' lang='lat' dir='ltr'><strong>temperamentorum</strong></span> <span class='ocrx_word' id='word_1_76' title='bbox 876 1087 1097 1138; x_wconf 79' lang='lat' dir='ltr'><strong>confermationem</strong></span> <span class='ocrx_word' id='word_1_77' title='bbox 1114 1084 1222 1149; x_wconf 80' lang='lat' dir='ltr'><strong>planetis</strong></span> <span class='ocrx_word' id='word_1_78' title='bbox 1245 1085 1346 1140; x_wconf 78' lang='lat' dir='ltr'><strong>tribuis.</strong></span> <span class='ocrx_word' id='word_1_79' title='bbox 1374 1084 1440 1134; x_wconf 88' lang='lat' dir='ltr'><strong>sieut</strong></span> <span class='ocrx_word' id='word_1_80' title='bbox 1458 1088 1536 1132; x_wconf 64' lang='lat' dir='ltr'><strong>anna</strong></span> 
     </span>
     <span class='ocr_line' id='line_1_10' title="bbox 171 1155 1534 1223; baseline -0.003 -15"><span class='ocrx_word' id='word_1_81' title='bbox 171 1158 352 1208; x_wconf 73' lang='lat' dir='ltr'><strong>inebuatioues</strong></span> <span class='ocrx_word' id='word_1_82' title='bbox 369 1157 417 1208; x_wconf 91' lang='lat' dir='ltr'><strong>illir</strong></span> <span class='ocrx_word' id='word_1_83' title='bbox 436 1157 595 1222; x_wconf 72' lang='lat' dir='ltr'><strong>admripsbti.</strong></span> <span class='ocrx_word' id='word_1_84' title='bbox 634 1155 684 1210; x_wconf 82' lang='lat' dir='ltr'><strong>Sed</strong></span> <span class='ocrx_word' id='word_1_85' title='bbox 702 1159 757 1223; x_wconf 87' lang='lat' dir='ltr'><strong>qui.</strong></span> <span class='ocrx_word' id='word_1_86' title='bbox 786 1173 891 1223; x_wconf 71' lang='lat' dir='ltr'><strong>quesn.</strong></span> <span class='ocrx_word' id='word_1_87' title='bbox 921 1158 1032 1208; x_wconf 78' lang='lat' dir='ltr'><strong>natabtb</strong></span> <span class='ocrx_word' id='word_1_88' title='bbox 1054 1157 1173 1222; x_wconf 84' lang='lat' dir='ltr'><strong>planatae</strong></span> <span class='ocrx_word' id='word_1_89' title='bbox 1199 1157 1281 1206; x_wconf 84' lang='lat' dir='ltr'><strong>ornain</strong></span> <span class='ocrx_word' id='word_1_90' title='bbox 1299 1155 1397 1205; x_wconf 84' lang='lat' dir='ltr'><strong>efficere</strong></span> <span class='ocrx_word' id='word_1_91' title='bbox 1423 1157 1534 1218; x_wconf 85' lang='lat' dir='ltr'><strong>possunt,</strong></span> 
     </span>
     <span class='ocr_line' id='line_1_11' title="bbox 173 1226 1599 1294; baseline -0.005 -14"><span class='ocrx_word' id='word_1_92' title='bbox 173 1245 230 1280; x_wconf 88' lang='lat' dir='ltr'><strong>uum</strong></span> <span class='ocrx_word' id='word_1_93' title='bbox 251 1243 280 1278; x_wconf 90' lang='lat' dir='ltr'><strong>eo</strong></span> <span class='ocrx_word' id='word_1_94' title='bbox 299 1235 442 1286; x_wconf 86' lang='lat' dir='ltr'><strong>momento,</strong></span> <span class='ocrx_word' id='word_1_95' title='bbox 460 1244 507 1293; x_wconf 90' lang='lat' dir='ltr'><strong>quo</strong></span> <span class='ocrx_word' id='word_1_96' title='bbox 526 1229 579 1294; x_wconf 87' lang='lat' dir='ltr'><strong>quis</strong></span> <span class='ocrx_word' id='word_1_97' title='bbox 598 1231 722 1284; x_wconf 88' lang='lat' dir='ltr'><strong>nascitur.</strong></span> <span class='ocrx_word' id='word_1_98' title='bbox 741 1233 819 1280; x_wconf 83' lang='lat' dir='ltr'><strong>erasis</strong></span> <span class='ocrx_word' id='word_1_99' title='bbox 837 1231 890 1283; x_wconf 84' lang='lat' dir='ltr'><strong>deri</strong></span> <span class='ocrx_word' id='word_1_100' title='bbox 908 1245 958 1280; x_wconf 92' lang='lat' dir='ltr'><strong>non</strong></span> <span class='ocrx_word' id='word_1_101' title='bbox 977 1229 1082 1292; x_wconf 78' lang='lat' dir='ltr'><strong>incipiet</strong></span> <span class='ocrx_word' id='word_1_102' title='bbox 1099 1229 1215 1290; x_wconf 84' lang='lat' dir='ltr'><strong>primurn.</strong></span> <span class='ocrx_word' id='word_1_103' title='bbox 1243 1226 1287 1277; x_wconf 83' lang='lat' dir='ltr'><strong>aad</strong></span> <span class='ocrx_word' id='word_1_104' title='bbox 1305 1233 1357 1276; x_wconf 91' lang='lat' dir='ltr'><strong>toto</strong></span> <span class='ocrx_word' id='word_1_105' title='bbox 1376 1226 1533 1290; x_wconf 85' lang='lat' dir='ltr'><strong>impraegna·</strong></span> <span class='ocrx_word' id='word_1_106' title='bbox 1594 1235 1599 1242; x_wconf 87' lang='lat'>·</span> 
     </span>
     <span class='ocr_line' id='line_1_12' title="bbox 172 1295 1537 1362; baseline -0.004 -14"><span class='ocrx_word' id='word_1_107' title='bbox 172 1301 249 1350; x_wconf 79' lang='lat' dir='ltr'><strong>tinnit</strong></span> <span class='ocrx_word' id='word_1_108' title='bbox 270 1305 381 1362; x_wconf 83' lang='lat' dir='ltr'><strong>tompore</strong></span> <span class='ocrx_word' id='word_1_109' title='bbox 400 1299 567 1350; x_wconf 72' lang='lat' dir='ltr'><strong>conformetur</strong></span> <span class='ocrx_word' id='word_1_110' title='bbox 585 1315 601 1350; x_wconf 89' lang='lat' dir='ltr'><strong>a</strong></span> <span class='ocrx_word' id='word_1_111' title='bbox 617 1308 710 1350; x_wconf 86' lang='lat' dir='ltr'><strong>natura</strong></span> <span class='ocrx_word' id='word_1_112' title='bbox 727 1303 829 1351; x_wconf 83' lang='lat' dir='ltr'><strong>seminis</strong></span> <span class='ocrx_word' id='word_1_113' title='bbox 847 1307 874 1352; x_wconf 90' lang='lat' dir='ltr'><strong>et</strong></span> <span class='ocrx_word' id='word_1_114' title='bbox 891 1302 1042 1351; x_wconf 86' lang='lat' dir='ltr'><strong>nutrimento</strong></span> <span class='ocrx_word' id='word_1_115' title='bbox 1061 1301 1087 1348; x_wconf 93' lang='lat' dir='ltr'><strong>in</strong></span> <span class='ocrx_word' id='word_1_116' title='bbox 1106 1305 1186 1348; x_wconf 89' lang='lat' dir='ltr'><strong>utero.</strong></span> <span class='ocrx_word' id='word_1_117' title='bbox 1224 1297 1348 1362; x_wconf 72' lang='lat' dir='ltr'><strong>Astrologi</strong></span> <span class='ocrx_word' id='word_1_118' title='bbox 1367 1310 1424 1345; x_wconf 88' lang='lat' dir='ltr'><strong>rere</strong></span> <span class='ocrx_word' id='word_1_119' title='bbox 1444 1295 1537 1345; x_wconf 83' lang='lat' dir='ltr'><strong>ardue</strong></span> 
     </span>
     <span class='ocr_line' id='line_1_13' title="bbox 172 1367 1536 1436; baseline -0.004 -16"><span class='ocrx_word' id='word_1_120' title='bbox 172 1371 409 1435; x_wconf 84' lang='lat' dir='ltr'><strong>impraegnatiouis,</strong></span> <span class='ocrx_word' id='word_1_121' title='bbox 434 1371 476 1420; x_wconf 86' lang='lat' dir='ltr'><strong>ubl</strong></span> <span class='ocrx_word' id='word_1_122' title='bbox 494 1371 618 1435; x_wconf 78' lang='lat' dir='ltr'><strong>perlectus</strong></span> <span class='ocrx_word' id='word_1_123' title='bbox 634 1374 688 1434; x_wconf 79' lang='lat' dir='ltr'><strong>jam</strong></span> <span class='ocrx_word' id='word_1_124' title='bbox 706 1373 786 1422; x_wconf 78' lang='lat' dir='ltr'><strong>foetus</strong></span> <span class='ocrx_word' id='word_1_125' title='bbox 804 1374 887 1430; x_wconf 85' lang='lat' dir='ltr'><strong>luerit,</strong></span> <span class='ocrx_word' id='word_1_126' title='bbox 912 1373 1028 1436; x_wconf 72' lang='lat' dir='ltr'><strong>iudicant</strong></span> <span class='ocrx_word' id='word_1_127' title='bbox 1046 1371 1077 1420; x_wconf 88' lang='lat' dir='ltr'><strong>de</strong></span> <span class='ocrx_word' id='word_1_128' title='bbox 1096 1370 1312 1433; x_wconf 82' lang='lat' dir='ltr'><strong>temperamentis.</strong></span> <span class='ocrx_word' id='word_1_129' title='bbox 1341 1382 1390 1417; x_wconf 89' lang='lat' dir='ltr'><strong>non</strong></span> <span class='ocrx_word' id='word_1_130' title='bbox 1409 1367 1536 1426; x_wconf 81' lang='lat' dir='ltr'><strong>caluitio,</strong></span> 
     </span>
     <span class='ocr_line' id='line_1_14' title="bbox 172 1438 1536 1506; baseline -0.004 -14"><span class='ocrx_word' id='word_1_131' title='bbox 172 1441 251 1492; x_wconf 77' lang='lat' dir='ltr'><strong>mino</strong></span> <span class='ocrx_word' id='word_1_132' title='bbox 269 1441 352 1490; x_wconf 85' lang='lat' dir='ltr'><strong>minus</strong></span> <span class='ocrx_word' id='word_1_133' title='bbox 366 1441 448 1492; x_wconf 71' lang='lat' dir='ltr'><strong>meffio</strong></span> <span class='ocrx_word' id='word_1_134' title='bbox 466 1448 584 1505; x_wconf 86' lang='lat' dir='ltr'><strong>ternpore.</strong></span> <span class='ocrx_word' id='word_1_135' title='bbox 624 1441 650 1492; x_wconf 86' lang='lat' dir='ltr'><strong>Si</strong></span> <span class='ocrx_word' id='word_1_136' title='bbox 668 1443 867 1506; x_wconf 82' lang='lat' dir='ltr'><strong>temperamenta</strong></span> <span class='ocrx_word' id='word_1_137' title='bbox 891 1442 1060 1494; x_wconf 80' lang='lat' dir='ltr'><strong>conformandi</strong></span> <span class='ocrx_word' id='word_1_138' title='bbox 1078 1447 1230 1504; x_wconf 84' lang='lat' dir='ltr'><strong>potestatem</strong></span> <span class='ocrx_word' id='word_1_139' title='bbox 1257 1439 1356 1488; x_wconf 79' lang='lat' dir='ltr'><strong>omniuo</strong></span> <span class='ocrx_word' id='word_1_140' title='bbox 1374 1438 1483 1503; x_wconf 85' lang='lat' dir='ltr'><strong>planetis</strong></span> <span class='ocrx_word' id='word_1_141' title='bbox 1499 1438 1536 1486; x_wconf 89' lang='lat' dir='ltr'><strong>rin</strong></span> 
     </span>
     <span class='ocr_line' id='line_1_15' title="bbox 173 1509 1538 1578; baseline -0.001 -16"><span class='ocrx_word' id='word_1_142' title='bbox 173 1513 328 1566; x_wconf 59' lang='lat' dir='ltr'><strong>mnrium.</strong></span> <span class='ocrx_word' id='word_1_143' title='bbox 355 1513 449 1562; x_wconf 84' lang='lat' dir='ltr'><strong>ridebis</strong></span> <span class='ocrx_word' id='word_1_144' title='bbox 466 1515 534 1576; x_wconf 83' lang='lat' dir='ltr'><strong>ipse.</strong></span> <span class='ocrx_word' id='word_1_145' title='bbox 563 1527 640 1576; x_wconf 80' lang='lat' dir='ltr'><strong>quana</strong></span> <span class='ocrx_word' id='word_1_146' title='bbox 656 1513 730 1578; x_wconf 85' lang='lat' dir='ltr'><strong>plane</strong></span> <span class='ocrx_word' id='word_1_147' title='bbox 750 1516 869 1566; x_wconf 87' lang='lat' dir='ltr'><strong>absonum</strong></span> <span class='ocrx_word' id='word_1_148' title='bbox 886 1512 933 1566; x_wconf 90' lang='lat' dir='ltr'><strong>boc</strong></span> <span class='ocrx_word' id='word_1_149' title='bbox 952 1515 993 1570; x_wconf 82' lang='lat' dir='ltr'><strong>sit,</strong></span> <span class='ocrx_word' id='word_1_150' title='bbox 1012 1513 1097 1562; x_wconf 76' lang='lat' dir='ltr'><strong>laeam</strong></span> <span class='ocrx_word' id='word_1_151' title='bbox 1114 1527 1145 1562; x_wconf 83' lang='lat' dir='ltr'><strong>ea</strong></span> <span class='ocrx_word' id='word_1_152' title='bbox 1161 1512 1277 1562; x_wconf 70' lang='lat' dir='ltr'><strong>naubtin</strong></span> <span class='ocrx_word' id='word_1_153' title='bbox 1297 1517 1406 1573; x_wconf 87' lang='lat' dir='ltr'><strong>tompore</strong></span> <span class='ocrx_word' id='word_1_154' title='bbox 1425 1509 1538 1560; x_wconf 74' lang='lat' dir='ltr'><strong>educam</strong></span> 
     </span>
     <span class='ocr_line' id='line_1_16' title="bbox 173 1579 1537 1650; baseline -0.004 -16"><span class='ocrx_word' id='word_1_155' title='bbox 173 1585 370 1648; x_wconf 69' lang='lat' dir='ltr'><strong>diapentionem·</strong></span> <span class='ocrx_word' id='word_1_156' title='bbox 407 1581 537 1644; x_wconf 85' lang='lat' dir='ltr'><strong>Quomodo</strong></span> <span class='ocrx_word' id='word_1_157' title='bbox 557 1583 677 1650; x_wconf 87' lang='lat' dir='ltr'><strong>planetae</strong></span> <span class='ocrx_word' id='word_1_158' title='bbox 695 1586 776 1635; x_wconf 89' lang='lat' dir='ltr'><strong>crasin</strong></span> <span class='ocrx_word' id='word_1_159' title='bbox 795 1588 946 1636; x_wconf 84' lang='lat' dir='ltr'><strong>constituere</strong></span> <span class='ocrx_word' id='word_1_160' title='bbox 964 1589 1075 1650; x_wconf 88' lang='lat' dir='ltr'><strong>possunt,</strong></span> <span class='ocrx_word' id='word_1_161' title='bbox 1095 1597 1150 1633; x_wconf 90' lang='lat' dir='ltr'><strong>cum</strong></span> <span class='ocrx_word' id='word_1_162' title='bbox 1169 1582 1248 1632; x_wconf 89' lang='lat' dir='ltr'><strong>nullos</strong></span> <span class='ocrx_word' id='word_1_163' title='bbox 1266 1582 1380 1630; x_wconf 86' lang='lat' dir='ltr'><strong>humores</strong></span> <span class='ocrx_word' id='word_1_164' title='bbox 1397 1579 1486 1637; x_wconf 76' lang='lat' dir='ltr'><strong>realea</strong></span> <span class='ocrx_word' id='word_1_165' title='bbox 1506 1593 1537 1628; x_wconf 85' lang='lat' dir='ltr'><strong>ex</strong></span> 
     </span>
     <span class='ocr_line' id='line_1_17' title="bbox 174 1649 1537 1720; baseline -0.006 -15"><span class='ocrx_word' id='word_1_166' title='bbox 174 1656 263 1720; x_wconf 82' lang='lat' dir='ltr'><strong>quibas</strong></span> <span class='ocrx_word' id='word_1_167' title='bbox 281 1661 504 1718; x_wconf 75' lang='lat' dir='ltr'><strong>temperamentum</strong></span> <span class='ocrx_word' id='word_1_168' title='bbox 524 1657 697 1713; x_wconf 82' lang='lat' dir='ltr'><strong>constituitur,</strong></span> <span class='ocrx_word' id='word_1_169' title='bbox 717 1657 821 1720; x_wconf 79' lang='lat' dir='ltr'><strong>desuper</strong></span> <span class='ocrx_word' id='word_1_170' title='bbox 838 1657 973 1708; x_wconf 81' lang='lat' dir='ltr'><strong>infundant</strong></span> <span class='ocrx_word' id='word_1_171' title='bbox 990 1653 1100 1718; x_wconf 80' lang='lat' dir='ltr'><strong>corpori?</strong></span> <span class='ocrx_word' id='word_1_172' title='bbox 1139 1653 1200 1703; x_wconf 82' lang='lat' dir='ltr'><strong>Cum</strong></span> <span class='ocrx_word' id='word_1_173' title='bbox 1220 1667 1277 1718; x_wconf 83' lang='lat' dir='ltr'><strong>ergo</strong></span> <span class='ocrx_word' id='word_1_174' title='bbox 1300 1651 1414 1701; x_wconf 87' lang='lat' dir='ltr'><strong>humores</strong></span> <span class='ocrx_word' id='word_1_175' title='bbox 1435 1665 1451 1701; x_wconf 92' lang='lat' dir='ltr'><strong>a</strong></span> <span class='ocrx_word' id='word_1_176' title='bbox 1469 1649 1537 1701; x_wconf 87' lang='lat' dir='ltr'><strong>coelo</strong></span> 
     </span>
     <span class='ocr_line' id='line_1_18' title="bbox 173 1721 1537 1792; baseline -0.004 -16"><span class='ocrx_word' id='word_1_177' title='bbox 173 1741 226 1776; x_wconf 90' lang='lat' dir='ltr'><strong>non</strong></span> <span class='ocrx_word' id='word_1_178' title='bbox 244 1728 303 1782; x_wconf 69' lang='lat' dir='ltr'><strong>mut</strong></span> <span class='ocrx_word' id='word_1_179' title='bbox 325 1739 373 1775; x_wconf 87' lang='lat' dir='ltr'><strong>nee</strong></span> <span class='ocrx_word' id='word_1_180' title='bbox 392 1739 476 1775; x_wconf 87' lang='lat' dir='ltr'><strong>acrum</strong></span> <span class='ocrx_word' id='word_1_181' title='bbox 494 1726 635 1790; x_wconf 84' lang='lat' dir='ltr'><strong>qualitates,</strong></span> <span class='ocrx_word' id='word_1_182' title='bbox 655 1727 723 1778; x_wconf 87' lang='lat' dir='ltr'><strong>rides</strong></span> <span class='ocrx_word' id='word_1_183' title='bbox 742 1729 803 1792; x_wconf 83' lang='lat' dir='ltr'><strong>lpse.</strong></span> <span class='ocrx_word' id='word_1_184' title='bbox 822 1727 889 1776; x_wconf 92' lang='lat' dir='ltr'><strong>nullo</strong></span> <span class='ocrx_word' id='word_1_185' title='bbox 905 1730 960 1790; x_wconf 78' lang='lat' dir='ltr'><strong>jure</strong></span> <span class='ocrx_word' id='word_1_186' title='bbox 979 1727 1027 1775; x_wconf 89' lang='lat' dir='ltr'><strong>rim</strong></span> <span class='ocrx_word' id='word_1_187' title='bbox 1040 1725 1205 1776; x_wconf 90' lang='lat' dir='ltr'><strong>constituendi</strong></span> <span class='ocrx_word' id='word_1_188' title='bbox 1218 1729 1419 1788; x_wconf 87' lang='lat' dir='ltr'><strong>temperamenta</strong></span> <span class='ocrx_word' id='word_1_189' title='bbox 1437 1721 1537 1772; x_wconf 83' lang='lat' dir='ltr'><strong>attribui</strong></span> 
     </span>
     <span class='ocr_line' id='line_1_19' title="bbox 174 1795 1292 1864; baseline -0.001 -17"><span class='ocrx_word' id='word_1_190' title='bbox 174 1813 259 1861; x_wconf 84' lang='lat' dir='ltr'><strong>posse,</strong></span> <span class='ocrx_word' id='word_1_191' title='bbox 276 1795 416 1847; x_wconf 80' lang='lat' dir='ltr'><strong>besmede</strong></span> <span class='ocrx_word' id='word_1_192' title='bbox 435 1804 462 1847; x_wconf 87' lang='lat' dir='ltr'><strong>at</strong></span> <span class='ocrx_word' id='word_1_193' title='bbox 479 1798 653 1849; x_wconf 79' lang='lat' dir='ltr'><strong>inclinationes</strong></span> <span class='ocrx_word' id='word_1_194' title='bbox 672 1805 698 1848; x_wconf 85' lang='lat' dir='ltr'><strong>eo</strong></span> <span class='ocrx_word' id='word_1_195' title='bbox 715 1805 914 1864; x_wconf 83' lang='lat' dir='ltr'><strong>temperamenta</strong></span> <span class='ocrx_word' id='word_1_196' title='bbox 932 1803 978 1847; x_wconf 91' lang='lat' dir='ltr'><strong>tua</strong></span> <span class='ocrx_word' id='word_1_197' title='bbox 995 1797 1139 1860; x_wconf 81' lang='lat' dir='ltr'><strong>planetaria</strong></span> <span class='ocrx_word' id='word_1_198' title='bbox 1153 1797 1292 1846; x_wconf 82' lang='lat' dir='ltr'><strong>concidere-</strong></span> 
     </span>
    </p>
   </div>
   <div class='ocr_carea' id='block_1_5' title="bbox 175 1863 1581 3188">
    <p class='ocr_par' dir='ltr' id='par_1_6' title="bbox 175 1863 1581 3188">
     <span class='ocr_line' id='line_1_20' title="bbox 264 1863 1534 1950; baseline -0.006 -18"><span class='ocrx_word' id='word_1_199' title='bbox 264 1869 470 1950; x_wconf 86' lang='lat' dir='ltr'><strong>Keplerns:</strong></span> <span class='ocrx_word' id='word_1_200' title='bbox 504 1870 558 1932; x_wconf 89' lang='lat' dir='ltr'><strong>De</strong></span> <span class='ocrx_word' id='word_1_201' title='bbox 581 1871 897 1950; x_wconf 78' lang='lat' dir='ltr'><strong>temperamentis</strong></span> <span class='ocrx_word' id='word_1_202' title='bbox 920 1869 1112 1950; x_wconf 86' lang='lat' dir='ltr'><strong>peculiariter</strong></span> <span class='ocrx_word' id='word_1_203' title='bbox 1136 1865 1355 1946; x_wconf 84' lang='lat' dir='ltr'><strong>argumentaris</strong></span> <span class='ocrx_word' id='word_1_204' title='bbox 1379 1883 1417 1926; x_wconf 85' lang='lat' dir='ltr'><strong>ere</strong></span> <span class='ocrx_word' id='word_1_205' title='bbox 1439 1863 1534 1934; x_wconf 88' lang='lat' dir='ltr'><strong>coelo,</strong></span> 
     </span>
     <span class='ocr_line' id='line_1_21' title="bbox 176 1951 1536 2042; baseline -0.006 -20"><span class='ocrx_word' id='word_1_206' title='bbox 176 1959 251 2041; x_wconf 80' lang='lat' dir='ltr'><strong>qnia</strong></span> <span class='ocrx_word' id='word_1_207' title='bbox 270 1977 344 2038; x_wconf 84' lang='lat' dir='ltr'><strong>pars</strong></span> <span class='ocrx_word' id='word_1_208' title='bbox 368 1977 387 2018; x_wconf 90' lang='lat' dir='ltr'><strong>a</strong></span> <span class='ocrx_word' id='word_1_209' title='bbox 409 1958 558 2020; x_wconf 87' lang='lat' dir='ltr'><strong>matribus</strong></span> <span class='ocrx_word' id='word_1_210' title='bbox 580 1977 636 2042; x_wconf 92' lang='lat' dir='ltr'><strong>per</strong></span> <span class='ocrx_word' id='word_1_211' title='bbox 658 1959 890 2039; x_wconf 69' lang='lat' dir='ltr'><strong>imaginationes</strong></span> <span class='ocrx_word' id='word_1_212' title='bbox 914 1965 970 2020; x_wconf 87' lang='lat' dir='ltr'><strong>eat.</strong></span> <span class='ocrx_word' id='word_1_213' title='bbox 1019 1958 1088 2020; x_wconf 91' lang='lat' dir='ltr'><strong>Non</strong></span> <span class='ocrx_word' id='word_1_214' title='bbox 1103 1957 1238 2036; x_wconf 86' lang='lat' dir='ltr'><strong>sequitur</strong></span> <span class='ocrx_word' id='word_1_215' title='bbox 1259 1974 1330 2036; x_wconf 85' lang='lat' dir='ltr'><strong>pars</strong></span> <span class='ocrx_word' id='word_1_216' title='bbox 1344 1953 1437 2027; x_wconf 90' lang='lat' dir='ltr'><strong>illinc,</strong></span> <span class='ocrx_word' id='word_1_217' title='bbox 1462 1951 1536 2014; x_wconf 92' lang='lat' dir='ltr'><strong>nihil</strong></span> 
     </span>
     <span class='ocr_line' id='line_1_22' title="bbox 175 2042 1537 2129; baseline -0.006 -20"><span class='ocrx_word' id='word_1_218' title='bbox 175 2068 248 2128; x_wconf 83' lang='lat' dir='ltr'><strong>ergo</strong></span> <span class='ocrx_word' id='word_1_219' title='bbox 273 2046 351 2122; x_wconf 88' lang='lat' dir='ltr'><strong>hinc,</strong></span> <span class='ocrx_word' id='word_1_220' title='bbox 376 2047 539 2110; x_wconf 86' lang='lat' dir='ltr'><strong>miscentur</strong></span> <span class='ocrx_word' id='word_1_221' title='bbox 563 2049 651 2123; x_wconf 80' lang='lat' dir='ltr'><strong>enim,</strong></span> <span class='ocrx_word' id='word_1_222' title='bbox 677 2067 736 2129; x_wconf 88' lang='lat' dir='ltr'><strong>qua</strong></span> <span class='ocrx_word' id='word_1_223' title='bbox 758 2055 846 2129; x_wconf 86' lang='lat' dir='ltr'><strong>parte</strong></span> <span class='ocrx_word' id='word_1_224' title='bbox 870 2047 1016 2110; x_wconf 88' lang='lat' dir='ltr'><strong>similiora</strong></span> <span class='ocrx_word' id='word_1_225' title='bbox 1038 2055 1123 2120; x_wconf 88' lang='lat' dir='ltr'><strong>sunt;</strong></span> <span class='ocrx_word' id='word_1_226' title='bbox 1149 2045 1229 2125; x_wconf 87' lang='lat' dir='ltr'><strong>quud</strong></span> <span class='ocrx_word' id='word_1_227' title='bbox 1251 2053 1284 2108; x_wconf 89' lang='lat' dir='ltr'><strong>et</strong></span> <span class='ocrx_word' id='word_1_228' title='bbox 1306 2043 1343 2108; x_wconf 87' lang='lat' dir='ltr'><strong>de</strong></span> <span class='ocrx_word' id='word_1_229' title='bbox 1361 2042 1537 2109; x_wconf 87' lang='lat' dir='ltr'><strong>inclinatio-</strong></span> 
     </span>
     <span class='ocr_line' id='line_1_23' title="bbox 176 2129 1537 2216; baseline -0.004 -17"><span class='ocrx_word' id='word_1_230' title='bbox 176 2135 268 2199; x_wconf 86' lang='lat' dir='ltr'><strong>nibus</strong></span> <span class='ocrx_word' id='word_1_231' title='bbox 289 2135 404 2198; x_wconf 84' lang='lat' dir='ltr'><strong>elictum</strong></span> <span class='ocrx_word' id='word_1_232' title='bbox 426 2143 502 2198; x_wconf 87' lang='lat' dir='ltr'><strong>esto.</strong></span> <span class='ocrx_word' id='word_1_233' title='bbox 548 2137 610 2198; x_wconf 90' lang='lat' dir='ltr'><strong>llla</strong></span> <span class='ocrx_word' id='word_1_234' title='bbox 631 2138 777 2201; x_wconf 89' lang='lat' dir='ltr'><strong>coelestia</strong></span> <span class='ocrx_word' id='word_1_235' title='bbox 802 2137 897 2216; x_wconf 91' lang='lat' dir='ltr'><strong>pallia</strong></span> <span class='ocrx_word' id='word_1_236' title='bbox 920 2135 1075 2216; x_wconf 85' lang='lat' dir='ltr'><strong>generalia</strong></span> <span class='ocrx_word' id='word_1_237' title='bbox 1099 2143 1182 2208; x_wconf 86' lang='lat' dir='ltr'><strong>sunt,</strong></span> <span class='ocrx_word' id='word_1_238' title='bbox 1208 2134 1298 2196; x_wconf 86' lang='lat' dir='ltr'><strong>aliter</strong></span> <span class='ocrx_word' id='word_1_239' title='bbox 1322 2129 1537 2212; x_wconf 84' lang='lat' dir='ltr'><strong>operantnrin</strong></span> 
     </span>
     <span class='ocr_line' id='line_1_24' title="bbox 176 2214 1538 2300; baseline -0.006 -13"><span class='ocrx_word' id='word_1_240' title='bbox 176 2226 302 2287; x_wconf 79' lang='lat' dir='ltr'><strong>ebolena</strong></span> <span class='ocrx_word' id='word_1_241' title='bbox 324 2223 445 2300; x_wconf 88' lang='lat' dir='ltr'><strong>innata,</strong></span> <span class='ocrx_word' id='word_1_242' title='bbox 478 2224 567 2288; x_wconf 88' lang='lat' dir='ltr'><strong>aliter</strong></span> <span class='ocrx_word' id='word_1_243' title='bbox 589 2225 618 2289; x_wconf 95' lang='lat' dir='ltr'><strong>in</strong></span> <span class='ocrx_word' id='word_1_244' title='bbox 642 2225 859 2288; x_wconf 86' lang='lat' dir='ltr'><strong>melancholico</strong></span> <span class='ocrx_word' id='word_1_245' title='bbox 884 2227 978 2288; x_wconf 81' lang='lat' dir='ltr'><strong>fato..</strong></span> <span class='ocrx_word' id='word_1_246' title='bbox 1005 2225 1043 2287; x_wconf 94' lang='lat' dir='ltr'><strong>Id</strong></span> <span class='ocrx_word' id='word_1_247' title='bbox 1067 2232 1169 2288; x_wconf 83' lang='lat' dir='ltr'><strong>antem</strong></span> <span class='ocrx_word' id='word_1_248' title='bbox 1200 2214 1313 2285; x_wconf 77' lang='lat' dir='ltr'><strong>ne&#39;dnm·</strong></span> <span class='ocrx_word' id='word_1_249' title='bbox 1332 2219 1538 2300; x_wconf 84' lang='lat' dir='ltr'><strong>conceptionis</strong></span> 
     </span>
     <span class='ocr_line' id='line_1_25' title="bbox 176 2309 1581 2396; baseline -0.004 -20"><span class='ocrx_word' id='word_1_250' title='bbox 176 2315 317 2388; x_wconf 84' lang='lat' dir='ltr'><strong>articulo,</strong></span> <span class='ocrx_word' id='word_1_251' title='bbox 342 2322 395 2376; x_wconf 90' lang='lat' dir='ltr'><strong>ant</strong></span> <span class='ocrx_word' id='word_1_252' title='bbox 408 2313 510 2386; x_wconf 85' lang='lat' dir='ltr'><strong>sideri.</strong></span> <span class='ocrx_word' id='word_1_253' title='bbox 534 2321 587 2378; x_wconf 90' lang='lat' dir='ltr'><strong>aut</strong></span> <span class='ocrx_word' id='word_1_254' title='bbox 605 2315 811 2396; x_wconf 84' lang='lat' dir='ltr'><strong>imaginationi</strong></span> <span class='ocrx_word' id='word_1_255' title='bbox 826 2315 936 2390; x_wconf 78' lang='lat' dir='ltr'><strong>tribuo,</strong></span> <span class='ocrx_word' id='word_1_256' title='bbox 954 2333 1044 2395; x_wconf 88' lang='lat' dir='ltr'><strong>qnam</strong></span> <span class='ocrx_word' id='word_1_257' title='bbox 1059 2312 1188 2394; x_wconf 91' lang='lat' dir='ltr'><strong>tempori</strong></span> <span class='ocrx_word' id='word_1_258' title='bbox 1204 2309 1396 2392; x_wconf 76' lang='lat' dir='ltr'><strong>gestationis,</strong></span> <span class='ocrx_word' id='word_1_259' title='bbox 1414 2317 1539 2390; x_wconf 89' lang='lat' dir='ltr'><strong>propter</strong></span> <span class='ocrx_word' id='word_1_260' title='bbox 1578 2309 1581 2316; x_wconf 90' lang='lat'>&#39;</span> 
     </span>
     <span class='ocr_line' id='line_1_26' title="bbox 178 2398 1539 2484; baseline -0.005 -19"><span class='ocrx_word' id='word_1_261' title='bbox 178 2403 353 2466; x_wconf 85' lang='lat' dir='ltr'><strong>continuam</strong></span> <span class='ocrx_word' id='word_1_262' title='bbox 375 2401 631 2481; x_wconf 85' lang='lat' dir='ltr'><strong>imaginationem,</strong></span> <span class='ocrx_word' id='word_1_263' title='bbox 654 2405 790 2484; x_wconf 83' lang='lat' dir='ltr'><strong>quamvis</strong></span> <span class='ocrx_word' id='word_1_264' title='bbox 816 2404 917 2466; x_wconf 85' lang='lat' dir='ltr'><strong>anima</strong></span> <span class='ocrx_word' id='word_1_265' title='bbox 943 2402 1132 2466; x_wconf 73' lang='lat' dir='ltr'><strong>diemissima</strong></span> <span class='ocrx_word' id='word_1_266' title='bbox 1155 2403 1185 2464; x_wconf 91' lang='lat' dir='ltr'><strong>in</strong></span> <span class='ocrx_word' id='word_1_267' title='bbox 1202 2400 1315 2464; x_wconf 84' lang='lat' dir='ltr'><strong>semine</strong></span> <span class='ocrx_word' id='word_1_268' title='bbox 1329 2399 1427 2478; x_wconf 88' lang='lat' dir='ltr'><strong>patris</strong></span> <span class='ocrx_word' id='word_1_269' title='bbox 1442 2398 1539 2462; x_wconf 87' lang='lat' dir='ltr'><strong>mulla</strong></span> 
     </span>
     <span class='ocr_line' id='line_1_27' title="bbox 178 2485 1535 2572; baseline -0.006 -18"><span class='ocrx_word' id='word_1_270' title='bbox 178 2493 273 2554; x_wconf 82' lang='lat' dir='ltr'><strong>etiam</strong></span> <span class='ocrx_word' id='word_1_271' title='bbox 298 2493 339 2554; x_wconf 78' lang='lat' dir='ltr'><strong>de</strong></span> <span class='ocrx_word' id='word_1_272' title='bbox 359 2490 592 2570; x_wconf 72' lang='lat' dir='ltr'><strong>cogitationibus</strong></span> <span class='ocrx_word' id='word_1_273' title='bbox 614 2493 712 2572; x_wconf 84' lang='lat' dir='ltr'><strong>patris</strong></span> <span class='ocrx_word' id='word_1_274' title='bbox 736 2501 808 2556; x_wconf 85' lang='lat' dir='ltr'><strong>ento</strong></span> <span class='ocrx_word' id='word_1_275' title='bbox 831 2499 1009 2572; x_wconf 83' lang='lat' dir='ltr'><strong>conceptum</strong></span> <span class='ocrx_word' id='word_1_276' title='bbox 1032 2491 1151 2554; x_wconf 81' lang='lat' dir='ltr'><strong>deferre</strong></span> <span class='ocrx_word' id='word_1_277' title='bbox 1184 2509 1287 2552; x_wconf 86' lang='lat' dir='ltr'><strong>secum</strong></span> <span class='ocrx_word' id='word_1_278' title='bbox 1309 2488 1461 2554; x_wconf 83' lang='lat' dir='ltr'><strong>credenda</strong></span> <span class='ocrx_word' id='word_1_279' title='bbox 1485 2485 1535 2550; x_wconf 89' lang='lat' dir='ltr'><strong>eit.</strong></span> 
     </span>
     <span class='ocr_line' id='line_1_28' title="bbox 180 2571 1540 2661; baseline 0 -21"><span class='ocrx_word' id='word_1_280' title='bbox 180 2581 255 2644; x_wconf 81' lang='lat' dir='ltr'><strong>Vita</strong></span> <span class='ocrx_word' id='word_1_281' title='bbox 279 2579 451 2661; x_wconf 81' lang='lat' dir='ltr'><strong>embryonis</strong></span> <span class='ocrx_word' id='word_1_282' title='bbox 475 2580 571 2644; x_wconf 83' lang='lat' dir='ltr'><strong>iunius</strong></span> <span class='ocrx_word' id='word_1_283' title='bbox 595 2589 653 2655; x_wconf 77' lang='lat' dir='ltr'><strong>est,</strong></span> <span class='ocrx_word' id='word_1_284' title='bbox 679 2582 743 2644; x_wconf 90' lang='lat' dir='ltr'><strong>nati</strong></span> <span class='ocrx_word' id='word_1_285' title='bbox 766 2584 888 2645; x_wconf 88' lang='lat' dir='ltr'><strong>flamma</strong></span> <span class='ocrx_word' id='word_1_286' title='bbox 903 2581 1090 2654; x_wconf 79' lang='lat' dir='ltr'><strong>(Famulium</strong></span> <span class='ocrx_word' id='word_1_287' title='bbox 1105 2571 1274 2660; x_wconf 75' lang='lat' dir='ltr'><strong>sequor).²)</strong></span> <span class='ocrx_word' id='word_1_288' title='bbox 1295 2579 1302 2585; x_wconf 79' lang='grc'><strong>“</strong></span> <span class='ocrx_word' id='word_1_289' title='bbox 1320 2576 1423 2656; x_wconf 78' lang='lat' dir='ltr'><strong>Magis</strong></span> <span class='ocrx_word' id='word_1_290' title='bbox 1446 2575 1540 2655; x_wconf 78' lang='lat' dir='ltr'><strong>igitnr&#39;</strong></span> 
     </span>
     <span class='ocr_line' id='line_1_29' title="bbox 180 2664 1535 2749; baseline -0.007 -17"><span class='ocrx_word' id='word_1_291' title='bbox 180 2669 280 2734; x_wconf 86' lang='lat' dir='ltr'><strong>l&#39;ueilis</strong></span> <span class='ocrx_word' id='word_1_292' title='bbox 309 2677 342 2730; x_wconf 92' lang='lat' dir='ltr'><strong>et</strong></span> <span class='ocrx_word' id='word_1_293' title='bbox 374 2669 487 2730; x_wconf 81' lang='lat' dir='ltr'><strong>formae</strong></span> <span class='ocrx_word' id='word_1_294' title='bbox 514 2669 698 2749; x_wconf 88' lang='lat' dir='ltr'><strong>receptibilis</strong></span> <span class='ocrx_word' id='word_1_295' title='bbox 727 2671 754 2732; x_wconf 95' lang='lat' dir='ltr'><strong>in</strong></span> <span class='ocrx_word' id='word_1_296' title='bbox 784 2691 856 2734; x_wconf 87' lang='lat' dir='ltr'><strong>suae</strong></span> <span class='ocrx_word' id='word_1_297' title='bbox 886 2671 1012 2734; x_wconf 86' lang='lat' dir='ltr'><strong>lusionis</strong></span> <span class='ocrx_word' id='word_1_298' title='bbox 1043 2689 1096 2732; x_wconf 85' lang='lat' dir='ltr'><strong>seu</strong></span> <span class='ocrx_word' id='word_1_299' title='bbox 1119 2666 1365 2730; x_wconf 87' lang='lat' dir='ltr'><strong>inflammationis</strong></span> <span class='ocrx_word' id='word_1_300' title='bbox 1400 2664 1535 2728; x_wconf 83' lang='lat' dir='ltr'><strong>articulo.</strong></span> 
     </span>
     <span class='ocr_line' id='line_1_30' title="bbox 179 2753 1537 2838; baseline -0.006 -14"><span class='ocrx_word' id='word_1_301' title='bbox 179 2759 300 2824; x_wconf 82' lang='lat' dir='ltr'><strong>Deinde</strong></span> <span class='ocrx_word' id='word_1_302' title='bbox 324 2757 434 2832; x_wconf 84' lang='lat' dir='ltr'><strong>sidera,</strong></span> <span class='ocrx_word' id='word_1_303' title='bbox 458 2757 569 2838; x_wconf 83' lang='lat' dir='ltr'><strong>inquis,</strong></span> <span class='ocrx_word' id='word_1_304' title='bbox 589 2759 731 2822; x_wconf 87' lang='lat' dir='ltr'><strong>humores</strong></span> <span class='ocrx_word' id='word_1_305' title='bbox 753 2779 811 2822; x_wconf 90' lang='lat' dir='ltr'><strong>non</strong></span> <span class='ocrx_word' id='word_1_306' title='bbox 835 2759 963 2833; x_wconf 88' lang='lat' dir='ltr'><strong>habent,</strong></span> <span class='ocrx_word' id='word_1_307' title='bbox 988 2778 1042 2820; x_wconf 86' lang='lat' dir='ltr'><strong>nee</strong></span> <span class='ocrx_word' id='word_1_308' title='bbox 1065 2758 1157 2836; x_wconf 83' lang='lat' dir='ltr'><strong>igitrrr</strong></span> <span class='ocrx_word' id='word_1_309' title='bbox 1180 2757 1254 2818; x_wconf 87' lang='lat' dir='ltr'><strong>dant</strong></span> <span class='ocrx_word' id='word_1_310' title='bbox 1278 2754 1386 2818; x_wconf 82' lang='lat' dir='ltr'><strong>ornain.</strong></span> <span class='ocrx_word' id='word_1_311' title='bbox 1428 2753 1537 2816; x_wconf 85' lang='lat' dir='ltr'><strong>Usita-</strong></span> 
     </span>
     <span class='ocr_line' id='line_1_31' title="bbox 182 2841 1539 2928; baseline -0.007 -17"><span class='ocrx_word' id='word_1_312' title='bbox 182 2847 334 2911; x_wconf 87' lang='lat' dir='ltr'><strong>tissimnrn</strong></span> <span class='ocrx_word' id='word_1_313' title='bbox 357 2866 454 2911; x_wconf 89' lang='lat' dir='ltr'><strong>meam</strong></span> <span class='ocrx_word' id='word_1_314' title='bbox 478 2847 703 2926; x_wconf 86' lang='lat' dir='ltr'><strong>responsionem</strong></span> <span class='ocrx_word' id='word_1_315' title='bbox 727 2867 763 2910; x_wconf 85' lang='lat' dir='ltr'><strong>ex</strong></span> <span class='ocrx_word' id='word_1_316' title='bbox 786 2847 861 2910; x_wconf 90' lang='lat' dir='ltr'><strong>meis</strong></span> <span class='ocrx_word' id='word_1_317' title='bbox 884 2847 1040 2928; x_wconf 88' lang='lat' dir='ltr'><strong>principiis</strong></span> <span class='ocrx_word' id='word_1_318' title='bbox 1064 2848 1155 2926; x_wconf 85' lang='lat' dir='ltr'><strong>(quae</strong></span> <span class='ocrx_word' id='word_1_319' title='bbox 1180 2845 1206 2908; x_wconf 90' lang='lat' dir='ltr'><strong>si</strong></span> <span class='ocrx_word' id='word_1_320' title='bbox 1229 2863 1287 2906; x_wconf 90' lang='lat' dir='ltr'><strong>non</strong></span> <span class='ocrx_word' id='word_1_321' title='bbox 1311 2841 1461 2915; x_wconf 87' lang='lat' dir='ltr'><strong>admittis,</strong></span> <span class='ocrx_word' id='word_1_322' title='bbox 1487 2859 1539 2904; x_wconf 91' lang='lat' dir='ltr'><strong>cur</strong></span> 
     </span>
     <span class='ocr_line' id='line_1_32' title="bbox 181 2929 1540 3017; baseline -0.007 -20"><span class='ocrx_word' id='word_1_323' title='bbox 181 2957 238 2998; x_wconf 92' lang='lat' dir='ltr'><strong>nnn</strong></span> <span class='ocrx_word' id='word_1_324' title='bbox 263 2937 333 3016; x_wconf 85' lang='lat' dir='ltr'><strong>ipsa</strong></span> <span class='ocrx_word' id='word_1_325' title='bbox 355 2935 537 3016; x_wconf 83' lang='lat' dir='ltr'><strong>generaliter</strong></span> <span class='ocrx_word' id='word_1_326' title='bbox 569 2936 724 3007; x_wconf 82' lang='lat' dir='ltr'><strong>reintasi)</strong></span> <span class='ocrx_word' id='word_1_327' title='bbox 754 2937 893 3017; x_wconf 86' lang='lat' dir='ltr'><strong>ignorare</strong></span> <span class='ocrx_word' id='word_1_328' title='bbox 922 2955 980 2998; x_wconf 90' lang='lat' dir='ltr'><strong>non</strong></span> <span class='ocrx_word' id='word_1_329' title='bbox 1007 2943 1111 3016; x_wconf 88' lang='lat' dir='ltr'><strong>potes,</strong></span> <span class='ocrx_word' id='word_1_330' title='bbox 1142 2941 1176 2996; x_wconf 91' lang='lat' dir='ltr'><strong>ut</strong></span> <span class='ocrx_word' id='word_1_331' title='bbox 1198 2932 1311 2996; x_wconf 88' lang='lat' dir='ltr'><strong>musica</strong></span> <span class='ocrx_word' id='word_1_332' title='bbox 1340 2929 1485 2992; x_wconf 82' lang='lat' dir='ltr'><strong>laetificat</strong></span> <span class='ocrx_word' id='word_1_333' title='bbox 1508 2935 1540 2988; x_wconf 88' lang='lat' dir='ltr'><strong>et</strong></span> 
     </span>
     <span class='ocr_line' id='line_1_33' title="bbox 181 3017 1540 3107; baseline -0.009 -19"><span class='ocrx_word' id='word_1_334' title='bbox 181 3033 294 3100; x_wconf 85' lang='lat' dir='ltr'><strong>movet,</strong></span> <span class='ocrx_word' id='word_1_335' title='bbox 325 3032 359 3086; x_wconf 87' lang='lat' dir='ltr'><strong>ut</strong></span> <span class='ocrx_word' id='word_1_336' title='bbox 381 3024 549 3106; x_wconf 80' lang='lat' dir='ltr'><strong>exemplum</strong></span> <span class='ocrx_word' id='word_1_337' title='bbox 573 3033 627 3086; x_wconf 89' lang='lat' dir='ltr'><strong>aut</strong></span> <span class='ocrx_word' id='word_1_338' title='bbox 656 3026 838 3107; x_wconf 86' lang='lat' dir='ltr'><strong>archetypus</strong></span> <span class='ocrx_word' id='word_1_339' title='bbox 866 3025 1008 3088; x_wconf 85' lang='lat' dir='ltr'><strong>aedificat</strong></span> <span class='ocrx_word' id='word_1_340' title='bbox 1033 3025 1151 3086; x_wconf 89' lang='lat' dir='ltr'><strong>domum</strong></span> <span class='ocrx_word' id='word_1_341' title='bbox 1175 3024 1245 3096; x_wconf 66' lang='lat' dir='ltr'><strong>lac„</strong></span> <span class='ocrx_word' id='word_1_342' title='bbox 1275 3020 1318 3084; x_wconf 87' lang='lat' dir='ltr'><strong>ein</strong></span> <span class='ocrx_word' id='word_1_343' title='bbox 1342 3019 1457 3082; x_wconf 89' lang='lat' dir='ltr'><strong>coelum</strong></span> <span class='ocrx_word' id='word_1_344' title='bbox 1486 3017 1540 3077; x_wconf 86' lang='lat' dir='ltr'><strong>dat</strong></span> 
     </span>
     <span class='ocr_line' id='line_1_34' title="bbox 183 3103 1537 3188; baseline -0.009 -11"><span class='ocrx_word' id='word_1_345' title='bbox 183 3115 294 3188; x_wconf 80' lang='lat' dir='ltr'><strong>cresin,</strong></span> <span class='ocrx_word' id='word_1_346' title='bbox 319 3113 388 3174; x_wconf 90' lang='lat' dir='ltr'><strong>dum</strong></span> <span class='ocrx_word' id='word_1_347' title='bbox 404 3113 519 3174; x_wconf 90' lang='lat' dir='ltr'><strong>animns</strong></span> <span class='ocrx_word' id='word_1_348' title='bbox 533 3113 688 3176; x_wconf 88' lang='lat' dir='ltr'><strong>humorum</strong></span> <span class='ocrx_word' id='word_1_349' title='bbox 712 3123 744 3175; x_wconf 90' lang='lat' dir='ltr'><strong>et</strong></span> <span class='ocrx_word' id='word_1_350' title='bbox 767 3113 890 3176; x_wconf 86' lang='lat' dir='ltr'><strong>seminis</strong></span> <span class='ocrx_word' id='word_1_351' title='bbox 904 3115 934 3175; x_wconf 92' lang='lat' dir='ltr'><strong>in</strong></span> <span class='ocrx_word' id='word_1_352' title='bbox 949 3115 1074 3174; x_wconf 84' lang='lat' dir='ltr'><strong>formam</strong></span> <span class='ocrx_word' id='word_1_353' title='bbox 1090 3111 1221 3185; x_wconf 87' lang='lat' dir='ltr'><strong>(Model)</strong></span> <span class='ocrx_word' id='word_1_354' title='bbox 1242 3107 1404 3172; x_wconf 84' lang='lat' dir='ltr'><strong>schematis</strong></span> <span class='ocrx_word' id='word_1_355' title='bbox 1418 3103 1537 3168; x_wconf 87' lang='lat' dir='ltr'><strong>transit.</strong></span> 
     </span>
    </p>
   </div>
   <div class='ocr_carea' id='block_1_6' title="bbox 182 3205 1604 4638">
    <p class='ocr_par' dir='ltr' id='par_1_7' title="bbox 182 3205 1541 3922">
     <span class='ocr_line' id='line_1_35' title="bbox 253 3205 1538 3282; baseline -0.008 -12"><span class='ocrx_word' id='word_1_356' title='bbox 253 3219 466 3270; x_wconf 79' lang='lat' dir='ltr'><strong>Fabricius:</strong></span> <span class='ocrx_word' id='word_1_357' title='bbox 493 3219 533 3270; x_wconf 87' lang='lat' dir='ltr'><strong>De</strong></span> <span class='ocrx_word' id='word_1_358' title='bbox 551 3221 641 3270; x_wconf 84' lang='lat' dir='ltr'><strong>morbis</strong></span> <span class='ocrx_word' id='word_1_359' title='bbox 661 3225 693 3269; x_wconf 64' lang='lat' dir='ltr'><strong>„et</strong></span> <span class='ocrx_word' id='word_1_360' title='bbox 710 3221 793 3270; x_wconf 86' lang='lat' dir='ltr'><strong>causis</strong></span> <span class='ocrx_word' id='word_1_361' title='bbox 811 3205 896 3270; x_wconf 77' lang='lat' dir='ltr'><strong>eorum</strong></span> <span class='ocrx_word' id='word_1_362' title='bbox 916 3219 992 3268; x_wconf 89' lang='lat' dir='ltr'><strong>miras</strong></span> <span class='ocrx_word' id='word_1_363' title='bbox 1010 3218 1203 3282; x_wconf 80' lang='lat' dir='ltr'><strong>¹nrraginationes</strong></span> <span class='ocrx_word' id='word_1_364' title='bbox 1223 3215 1309 3265; x_wconf 81' lang='lat' dir='ltr'><strong>habes.</strong></span> <span class='ocrx_word' id='word_1_365' title='bbox 1346 3213 1384 3262; x_wconf 79' lang='lat' dir='ltr'><strong>lia</strong></span> <span class='ocrx_word' id='word_1_366' title='bbox 1401 3211 1458 3262; x_wconf 84' lang='lat' dir='ltr'><strong>lorti</strong></span> <span class='ocrx_word' id='word_1_367' title='bbox 1475 3209 1538 3260; x_wconf 85' lang='lat' dir='ltr'><strong>isna-</strong></span> 
     </span>
     <span class='ocr_line' id='line_1_36' title="bbox 182 3282 1540 3356; baseline -0.004 -15"><span class='ocrx_word' id='word_1_368' title='bbox 182 3292 311 3356; x_wconf 75' lang='lat' dir='ltr'><strong>g&#39;natione</strong></span> <span class='ocrx_word' id='word_1_369' title='bbox 329 3291 409 3339; x_wconf 92' lang='lat' dir='ltr'><strong>multa</strong></span> <span class='ocrx_word' id='word_1_370' title='bbox 425 3291 520 3354; x_wconf 88' lang='lat' dir='ltr'><strong>prodire</strong></span> <span class='ocrx_word' id='word_1_371' title='bbox 538 3305 611 3354; x_wconf 84' lang='lat' dir='ltr'><strong>posse</strong></span> <span class='ocrx_word' id='word_1_372' title='bbox 639 3305 690 3342; x_wconf 89' lang='lat' dir='ltr'><strong>non</strong></span> <span class='ocrx_word' id='word_1_373' title='bbox 708 3304 782 3356; x_wconf 86' lang='lat' dir='ltr'><strong>nego.</strong></span> <span class='ocrx_word' id='word_1_374' title='bbox 820 3289 871 3342; x_wconf 82' lang='lat' dir='ltr'><strong>Sed</strong></span> <span class='ocrx_word' id='word_1_375' title='bbox 889 3305 938 3340; x_wconf 92' lang='lat' dir='ltr'><strong>non</strong></span> <span class='ocrx_word' id='word_1_376' title='bbox 956 3291 1103 3354; x_wconf 86' lang='lat' dir='ltr'><strong>imaginatio</strong></span> <span class='ocrx_word' id='word_1_377' title='bbox 1121 3290 1176 3350; x_wconf 88' lang='lat' dir='ltr'><strong>ipra</strong></span> <span class='ocrx_word' id='word_1_378' title='bbox 1187 3287 1251 3338; x_wconf 80' lang='lat' dir='ltr'><strong>liaeo</strong></span> <span class='ocrx_word' id='word_1_379' title='bbox 1263 3285 1352 3341; x_wconf 74' lang='lat' dir='ltr'><strong>indust,</strong></span> <span class='ocrx_word' id='word_1_380' title='bbox 1372 3282 1417 3334; x_wconf 88' lang='lat' dir='ltr'><strong>sed</strong></span> <span class='ocrx_word' id='word_1_381' title='bbox 1435 3282 1540 3338; x_wconf 74' lang='lat' dir='ltr'><strong>affamur</strong></span> 
     </span>
     <span class='ocr_line' id='line_1_37' title="bbox 185 3354 1539 3428; baseline -0.008 -14"><span class='ocrx_word' id='word_1_382' title='bbox 185 3377 213 3414; x_wconf 84' lang='lat' dir='ltr'><strong>ax</strong></span> <span class='ocrx_word' id='word_1_383' title='bbox 231 3361 413 3425; x_wconf 83' lang='lat' dir='ltr'><strong>imaginatione</strong></span> <span class='ocrx_word' id='word_1_384' title='bbox 432 3363 605 3424; x_wconf 82' lang='lat' dir='ltr'><strong>pmeeuientes</strong></span> <span class='ocrx_word' id='word_1_385' title='bbox 625 3359 659 3422; x_wconf 87' lang='lat' dir='ltr'><strong>(r.</strong></span> <span class='ocrx_word' id='word_1_386' title='bbox 681 3377 702 3412; x_wconf 88' lang='lat' dir='ltr'><strong>o.</strong></span> <span class='ocrx_word' id='word_1_387' title='bbox 722 3363 747 3410; x_wconf 89' lang='lat' dir='ltr'><strong>ln</strong></span> <span class='ocrx_word' id='word_1_388' title='bbox 767 3362 882 3428; x_wconf 64' lang='lat' dir='ltr'><strong>maridis,</strong></span> <span class='ocrx_word' id='word_1_389' title='bbox 902 3363 928 3410; x_wconf 89' lang='lat' dir='ltr'><strong>in</strong></span> <span class='ocrx_word' id='word_1_390' title='bbox 946 3368 1015 3425; x_wconf 88' lang='lat' dir='ltr'><strong>peste</strong></span> <span class='ocrx_word' id='word_1_391' title='bbox 1029 3355 1102 3420; x_wconf 75' lang='lat' dir='ltr'><strong>aa),</strong></span> <span class='ocrx_word' id='word_1_392' title='bbox 1121 3360 1194 3423; x_wconf 87' lang='lat' dir='ltr'><strong>idque</strong></span> <span class='ocrx_word' id='word_1_393' title='bbox 1206 3362 1305 3406; x_wconf 85' lang='lat' dir='ltr'><strong>tantum</strong></span> <span class='ocrx_word' id='word_1_394' title='bbox 1323 3356 1348 3404; x_wconf 92' lang='lat' dir='ltr'><strong>in</strong></span> <span class='ocrx_word' id='word_1_395' title='bbox 1368 3354 1473 3410; x_wconf 83' lang='lat' dir='ltr'><strong>leminis,</strong></span> <span class='ocrx_word' id='word_1_396' title='bbox 1492 3367 1539 3403; x_wconf 90' lang='lat' dir='ltr'><strong>ua·</strong></span> 
     </span>
     <span class='ocr_line' id='line_1_38' title="bbox 184 3425 1541 3498; baseline -0.007 -15"><span class='ocrx_word' id='word_1_397' title='bbox 184 3435 243 3484; x_wconf 83' lang='lat' dir='ltr'><strong>turia</strong></span> <span class='ocrx_word' id='word_1_398' title='bbox 262 3431 398 3488; x_wconf 85' lang='lat' dir='ltr'><strong>debilibus,</strong></span> <span class='ocrx_word' id='word_1_399' title='bbox 429 3433 485 3483; x_wconf 83' lang='lat' dir='ltr'><strong>risis</strong></span> <span class='ocrx_word' id='word_1_400' title='bbox 505 3431 653 3482; x_wconf 78' lang='lat' dir='ltr'><strong>effeminatis</strong></span> <span class='ocrx_word' id='word_1_401' title='bbox 677 3433 820 3498; x_wconf 85' lang='lat' dir='ltr'><strong>contingere</strong></span> <span class='ocrx_word' id='word_1_402' title='bbox 838 3439 928 3498; x_wconf 87' lang='lat' dir='ltr'><strong>potest.</strong></span> <span class='ocrx_word' id='word_1_403' title='bbox 966 3433 1000 3480; x_wconf 85' lang='lat' dir='ltr'><strong>at</strong></span> <span class='ocrx_word' id='word_1_404' title='bbox 1018 3431 1069 3480; x_wconf 89' lang='lat' dir='ltr'><strong>tale</strong></span> <span class='ocrx_word' id='word_1_405' title='bbox 1087 3431 1145 3495; x_wconf 90' lang='lat' dir='ltr'><strong>quid</strong></span> <span class='ocrx_word' id='word_1_406' title='bbox 1163 3431 1188 3479; x_wconf 91' lang='lat' dir='ltr'><strong>in</strong></span> <span class='ocrx_word' id='word_1_407' title='bbox 1207 3429 1296 3478; x_wconf 88' lang='lat' dir='ltr'><strong>morbis</strong></span> <span class='ocrx_word' id='word_1_408' title='bbox 1315 3439 1345 3487; x_wconf 78' lang='lat' dir='ltr'><strong>ex</strong></span> <span class='ocrx_word' id='word_1_409' title='bbox 1362 3425 1541 3491; x_wconf 79' lang='lat' dir='ltr'><strong>imaginatione</strong></span> 
     </span>
     <span class='ocr_line' id='line_1_39' title="bbox 184 3493 1541 3568; baseline -0.006 -16"><span class='ocrx_word' id='word_1_410' title='bbox 184 3504 277 3552; x_wconf 84' lang='lat' dir='ltr'><strong>ruboris</strong></span> <span class='ocrx_word' id='word_1_411' title='bbox 297 3509 343 3552; x_wconf 87' lang='lat' dir='ltr'><strong>ant</strong></span> <span class='ocrx_word' id='word_1_412' title='bbox 360 3501 457 3565; x_wconf 86' lang='lat' dir='ltr'><strong>palloris</strong></span> <span class='ocrx_word' id='word_1_413' title='bbox 476 3502 501 3563; x_wconf 72' lang='lat' dir='ltr'><strong>d</strong></span> <span class='ocrx_word' id='word_1_414' title='bbox 522 3509 547 3553; x_wconf 90' lang='lat' dir='ltr'><strong>et</strong></span> <span class='ocrx_word' id='word_1_415' title='bbox 564 3503 580 3565; x_wconf 73' lang='lat' dir='ltr'><strong>ii</strong></span> <span class='ocrx_word' id='word_1_416' title='bbox 599 3507 722 3561; x_wconf 66' lang='lat' dir='ltr'><strong>statuae,</strong></span> <span class='ocrx_word' id='word_1_417' title='bbox 742 3505 832 3553; x_wconf 74' lang='lat' dir='ltr'><strong>raduni</strong></span> <span class='ocrx_word' id='word_1_418' title='bbox 851 3509 975 3568; x_wconf 87' lang='lat' dir='ltr'><strong>repugnat</strong></span> <span class='ocrx_word' id='word_1_419' title='bbox 988 3501 1177 3565; x_wconf 67' lang='lat' dir='ltr'><strong>(Kepleruu</strong></span> <span class='ocrx_word' id='word_1_420' title='bbox 1195 3501 1238 3549; x_wconf 88' lang='lat' dir='ltr'><strong>ubi</strong></span> <span class='ocrx_word' id='word_1_421' title='bbox 1249 3493 1351 3558; x_wconf 79' lang='lat' dir='ltr'><strong>ratini).</strong></span> <span class='ocrx_word' id='word_1_422' title='bbox 1389 3495 1455 3556; x_wconf 79' lang='lat' dir='ltr'><strong>Quid</strong></span> <span class='ocrx_word' id='word_1_423' title='bbox 1466 3497 1541 3545; x_wconf 85' lang='lat' dir='ltr'><strong>rusti·</strong></span> 
     </span>
     <span class='ocr_line' id='line_1_40' title="bbox 184 3565 1541 3639; baseline -0.007 -15"><span class='ocrx_word' id='word_1_424' title='bbox 184 3589 226 3624; x_wconf 86' lang='lat' dir='ltr'><strong>cus</strong></span> <span class='ocrx_word' id='word_1_425' title='bbox 246 3580 295 3624; x_wconf 87' lang='lat' dir='ltr'><strong>aut</strong></span> <span class='ocrx_word' id='word_1_426' title='bbox 312 3572 369 3632; x_wconf 71' lang='lat' dir='ltr'><strong>alt,</strong></span> <span class='ocrx_word' id='word_1_427' title='bbox 395 3573 437 3637; x_wconf 86' lang='lat' dir='ltr'><strong>qui</strong></span> <span class='ocrx_word' id='word_1_428' title='bbox 454 3573 480 3634; x_wconf 73' lang='lat'><em>6</em></span> <span class='ocrx_word' id='word_1_429' title='bbox 499 3575 611 3625; x_wconf 87' lang='lat' dir='ltr'><strong>ruborem</strong></span> <span class='ocrx_word' id='word_1_430' title='bbox 629 3589 757 3639; x_wconf 87' lang='lat' dir='ltr'><strong>nunquam</strong></span> <span class='ocrx_word' id='word_1_431' title='bbox 778 3575 973 3629; x_wconf 84' lang='lat' dir='ltr'><strong>considerarunt.</strong></span> <span class='ocrx_word' id='word_1_432' title='bbox 993 3573 1024 3623; x_wconf 88' lang='lat' dir='ltr'><strong>de</strong></span> <span class='ocrx_word' id='word_1_433' title='bbox 1043 3581 1134 3622; x_wconf 76' lang='lat' dir='ltr'><strong>aarum</strong></span> <span class='ocrx_word' id='word_1_434' title='bbox 1152 3570 1177 3630; x_wconf 76' lang='lat' dir='ltr'><strong>d</strong></span> <span class='ocrx_word' id='word_1_435' title='bbox 1197 3567 1325 3634; x_wconf 77' lang='lat' dir='ltr'><strong>cogitanti</strong></span> <span class='ocrx_word' id='word_1_436' title='bbox 1354 3565 1541 3631; x_wconf 75' lang='lat' dir='ltr'><strong>(Koplenust</strong></span> 
     </span>
     <span class='ocr_line' id='line_1_41' title="bbox 184 3639 1539 3710; baseline -0.004 -14"><span class='ocrx_word' id='word_1_437' title='bbox 184 3659 243 3696; x_wconf 86' lang='lat' dir='ltr'><strong>eane</strong></span> <span class='ocrx_word' id='word_1_438' title='bbox 261 3660 313 3694; x_wconf 91' lang='lat' dir='ltr'><strong>non</strong></span> <span class='ocrx_word' id='word_1_439' title='bbox 333 3651 372 3694; x_wconf 86' lang='lat' dir='ltr'><strong>eet</strong></span> <span class='ocrx_word' id='word_1_440' title='bbox 389 3645 534 3709; x_wconf 83' lang='lat' dir='ltr'><strong>imaginatio</strong></span> <span class='ocrx_word' id='word_1_441' title='bbox 552 3659 597 3708; x_wconf 87' lang='lat' dir='ltr'><strong>per</strong></span> <span class='ocrx_word' id='word_1_442' title='bbox 616 3643 763 3706; x_wconf 74' lang='lat' dir='ltr'><strong>diaeum)</strong></span> <span class='ocrx_word' id='word_1_443' title='bbox 782 3653 827 3696; x_wconf 89' lang='lat' dir='ltr'><strong>ant</strong></span> <span class='ocrx_word' id='word_1_444' title='bbox 853 3659 928 3710; x_wconf 84' lang='lat' dir='ltr'><strong>quarn</strong></span> <span class='ocrx_word' id='word_1_445' title='bbox 957 3645 987 3694; x_wconf 90' lang='lat' dir='ltr'><strong>de</strong></span> <span class='ocrx_word' id='word_1_446' title='bbox 1006 3647 1059 3708; x_wconf 75' lang='lat' dir='ltr'><strong>ejus</strong></span> <span class='ocrx_word' id='word_1_447' title='bbox 1077 3643 1197 3708; x_wconf 81' lang='lat' dir='ltr'><strong>incogniti</strong></span> <span class='ocrx_word' id='word_1_448' title='bbox 1223 3641 1303 3692; x_wconf 85' lang='lat' dir='ltr'><strong>coloro</strong></span> <span class='ocrx_word' id='word_1_449' title='bbox 1334 3639 1539 3703; x_wconf 80' lang='lat' dir='ltr'><strong>imaginationem</strong></span> 
     </span>
     <span class='ocr_line' id='line_1_42' title="bbox 185 3711 1540 3781; baseline -0.006 -15"><span class='ocrx_word' id='word_1_450' title='bbox 185 3717 314 3779; x_wconf 83' lang='lat' dir='ltr'><strong>concipere</strong></span> <span class='ocrx_word' id='word_1_451' title='bbox 333 3714 456 3779; x_wconf 77' lang='lat' dir='ltr'><strong>possunt?</strong></span> <span class='ocrx_word' id='word_1_452' title='bbox 494 3715 520 3766; x_wconf 90' lang='lat' dir='ltr'><strong>Si</strong></span> <span class='ocrx_word' id='word_1_453' title='bbox 539 3716 605 3766; x_wconf 89' lang='lat' dir='ltr'><strong>dices</strong></span> <span class='ocrx_word' id='word_1_454' title='bbox 624 3714 826 3781; x_wconf 78' lang='lat' dir='ltr'><strong>(Keplerusz</strong></span> <span class='ocrx_word' id='word_1_455' title='bbox 846 3732 895 3768; x_wconf 90' lang='lat' dir='ltr'><strong>nou</strong></span> <span class='ocrx_word' id='word_1_456' title='bbox 913 3716 960 3766; x_wconf 90' lang='lat' dir='ltr'><strong>hoc</strong></span> <span class='ocrx_word' id='word_1_457' title='bbox 980 3711 1048 3775; x_wconf 88' lang='lat' dir='ltr'><strong>dico)</strong></span> <span class='ocrx_word' id='word_1_458' title='bbox 1069 3713 1093 3774; x_wconf 75' lang='lat' dir='ltr'><strong>d</strong></span> <span class='ocrx_word' id='word_1_459' title='bbox 1117 3716 1190 3776; x_wconf 82' lang='lat' dir='ltr'><strong>Juxta</strong></span> <span class='ocrx_word' id='word_1_460' title='bbox 1208 3713 1282 3762; x_wconf 85' lang='lat' dir='ltr'><strong>situm</strong></span> <span class='ocrx_word' id='word_1_461' title='bbox 1300 3725 1372 3760; x_wconf 85' lang='lat' dir='ltr'><strong>snum</strong></span> <span class='ocrx_word' id='word_1_462' title='bbox 1391 3715 1458 3762; x_wconf 87' lang='lat' dir='ltr'><strong>certo</strong></span> <span class='ocrx_word' id='word_1_463' title='bbox 1477 3715 1540 3759; x_wconf 90' lang='lat' dir='ltr'><strong>tem-</strong></span> 
     </span>
     <span class='ocr_line' id='line_1_43' title="bbox 184 3778 1541 3850; baseline -0.006 -14"><span class='ocrx_word' id='word_1_464' title='bbox 184 3801 241 3850; x_wconf 88' lang='lat' dir='ltr'><strong>pore</strong></span> <span class='ocrx_word' id='word_1_465' title='bbox 258 3801 304 3850; x_wconf 86' lang='lat' dir='ltr'><strong>pes</strong></span> <span class='ocrx_word' id='word_1_466' title='bbox 322 3786 446 3836; x_wconf 85' lang='lat' dir='ltr'><strong>occultam</strong></span> <span class='ocrx_word' id='word_1_467' title='bbox 463 3801 534 3836; x_wconf 88' lang='lat' dir='ltr'><strong>suam</strong></span> <span class='ocrx_word' id='word_1_468' title='bbox 560 3789 683 3838; x_wconf 86' lang='lat' dir='ltr'><strong>actionem</strong></span> <span class='ocrx_word' id='word_1_469' title='bbox 707 3789 732 3837; x_wconf 91' lang='lat' dir='ltr'><strong>in</strong></span> <span class='ocrx_word' id='word_1_470' title='bbox 752 3788 840 3838; x_wconf 87' lang='lat' dir='ltr'><strong>animis</strong></span> <span class='ocrx_word' id='word_1_471' title='bbox 867 3789 975 3838; x_wconf 86' lang='lat' dir='ltr'><strong>excitare</strong></span> <span class='ocrx_word' id='word_1_472' title='bbox 992 3786 1197 3849; x_wconf 84' lang='lat' dir='ltr'><strong>imaginationem</strong></span> <span class='ocrx_word' id='word_1_473' title='bbox 1224 3782 1307 3839; x_wconf 87' lang='lat' dir='ltr'><strong>illam,</strong></span> <span class='ocrx_word' id='word_1_474' title='bbox 1336 3779 1394 3845; x_wconf 85' lang='lat' dir='ltr'><strong>quid</strong></span> <span class='ocrx_word' id='word_1_475' title='bbox 1422 3778 1490 3830; x_wconf 91' lang='lat' dir='ltr'><strong>aliud</strong></span> <span class='ocrx_word' id='word_1_476' title='bbox 1516 3780 1541 3828; x_wconf 90' lang='lat' dir='ltr'><strong>id</strong></span> 
     </span>
     <span class='ocr_line' id='line_1_44' title="bbox 185 3856 1017 3922; baseline -0.002 -15"><span class='ocrx_word' id='word_1_477' title='bbox 185 3859 238 3916; x_wconf 81' lang='lat' dir='ltr'><strong>erit,</strong></span> <span class='ocrx_word' id='word_1_478' title='bbox 258 3871 335 3921; x_wconf 88' lang='lat' dir='ltr'><strong>quam</strong></span> <span class='ocrx_word' id='word_1_479' title='bbox 352 3857 491 3906; x_wconf 83' lang='lat' dir='ltr'><strong>maleficam</strong></span> <span class='ocrx_word' id='word_1_480' title='bbox 510 3859 681 3908; x_wconf 82' lang='lat' dir='ltr'><strong>nocendi.rlm</strong></span> <span class='ocrx_word' id='word_1_481' title='bbox 700 3859 786 3922; x_wconf 87' lang='lat' dir='ltr'><strong>aperte</strong></span> <span class='ocrx_word' id='word_1_482' title='bbox 804 3857 838 3908; x_wconf 89' lang='lat' dir='ltr'><strong>illi</strong></span> <span class='ocrx_word' id='word_1_483' title='bbox 857 3856 1017 3908; x_wconf 76' lang='lat' dir='ltr'><strong>adscribere?</strong></span> 
     </span>
    </p>

    <p class='ocr_par' dir='ltr' id='par_1_8' title="bbox 182 3923 1604 4638">
     <span class='ocr_line' id='line_1_45' title="bbox 255 3923 1541 3995; baseline -0.006 -17"><span class='ocrx_word' id='word_1_484' title='bbox 255 3929 312 3993; x_wconf 82' lang='lat' dir='ltr'><strong>Ego</strong></span> <span class='ocrx_word' id='word_1_485' title='bbox 331 3935 415 3978; x_wconf 82' lang='lat' dir='ltr'><strong>statuo</strong></span> <span class='ocrx_word' id='word_1_486' title='bbox 434 3927 621 3992; x_wconf 61' lang='lat' dir='ltr'><strong>impleras:</strong></span> <span class='ocrx_word' id='word_1_487' title='bbox 645 3929 681 3980; x_wconf 89' lang='lat' dir='ltr'><strong>Ut</strong></span> <span class='ocrx_word' id='word_1_488' title='bbox 699 3935 726 3980; x_wconf 91' lang='lat' dir='ltr'><strong>et</strong></span> <span class='ocrx_word' id='word_1_489' title='bbox 744 3944 805 3995; x_wconf 87' lang='lat' dir='ltr'><strong>ege,</strong></span> <span class='ocrx_word' id='word_1_490' title='bbox 829 3930 873 3980; x_wconf 89' lang='lat' dir='ltr'><strong>sed</strong></span> <span class='ocrx_word' id='word_1_491' title='bbox 892 3935 976 3979; x_wconf 86' lang='lat' dir='ltr'><strong>tannen</strong></span> <span class='ocrx_word' id='word_1_492' title='bbox 996 3928 1075 3980; x_wconf 84' lang='lat' dir='ltr'><strong>aliter.</strong></span> <span class='ocrx_word' id='word_1_493' title='bbox 1114 3925 1220 3988; x_wconf 76' lang='lat' dir='ltr'><strong>Obiecta</strong></span> <span class='ocrx_word' id='word_1_494' title='bbox 1239 3929 1298 3974; x_wconf 88' lang='lat' dir='ltr'><strong>aunt</strong></span> <span class='ocrx_word' id='word_1_495' title='bbox 1315 3923 1429 3987; x_wconf 79' lang='lat' dir='ltr'><strong>exempla</strong></span> <span class='ocrx_word' id='word_1_496' title='bbox 1448 3937 1541 3978; x_wconf 74' lang='lat' dir='ltr'><strong>eumn.</strong></span> 
     </span>
     <span class='ocr_line' id='line_1_46' title="bbox 184 3993 1543 4066; baseline -0.003 -16"><span class='ocrx_word' id='word_1_497' title='bbox 184 4013 249 4064; x_wconf 81' lang='lat' dir='ltr'><strong>quse</strong></span> <span class='ocrx_word' id='word_1_498' title='bbox 267 4001 331 4050; x_wconf 81' lang='lat' dir='ltr'><strong>lauit</strong></span> <span class='ocrx_word' id='word_1_499' title='bbox 349 4000 434 4050; x_wconf 83' lang='lat' dir='ltr'><strong>anima</strong></span> <span class='ocrx_word' id='word_1_500' title='bbox 450 4001 481 4049; x_wconf 88' lang='lat' dir='ltr'><strong>iis</strong></span> <span class='ocrx_word' id='word_1_501' title='bbox 498 3997 602 4058; x_wconf 80' lang='lat' dir='ltr'><strong>motai,</strong></span> <span class='ocrx_word' id='word_1_502' title='bbox 622 4000 737 4064; x_wconf 84' lang='lat' dir='ltr'><strong>planetas</strong></span> <span class='ocrx_word' id='word_1_503' title='bbox 755 4017 806 4052; x_wconf 89' lang='lat' dir='ltr'><strong>non</strong></span> <span class='ocrx_word' id='word_1_504' title='bbox 825 4015 915 4052; x_wconf 77' lang='lat' dir='ltr'><strong>caunas</strong></span> <span class='ocrx_word' id='word_1_505' title='bbox 933 4005 1041 4066; x_wconf 56' lang='lat' dir='ltr'><strong>mentes</strong></span> <span class='ocrx_word' id='word_1_506' title='bbox 1057 3999 1194 4050; x_wconf 82' lang='lat' dir='ltr'><strong>morborum</strong></span> <span class='ocrx_word' id='word_1_507' title='bbox 1213 3993 1274 4058; x_wconf 75' lang='lat' dir='ltr'><strong>dc,</strong></span> <span class='ocrx_word' id='word_1_508' title='bbox 1293 3995 1338 4046; x_wconf 87' lang='lat' dir='ltr'><strong>aad</strong></span> <span class='ocrx_word' id='word_1_509' title='bbox 1356 4009 1427 4046; x_wconf 86' lang='lat' dir='ltr'><strong>mera</strong></span> <span class='ocrx_word' id='word_1_510' title='bbox 1444 3999 1543 4046; x_wconf 79' lang='lat' dir='ltr'><strong>tantuna</strong></span> 
     </span>
     <span class='ocr_line' id='line_1_47' title="bbox 182 4065 1543 4138; baseline -0.005 -18"><span class='ocrx_word' id='word_1_511' title='bbox 182 4073 256 4138; x_wconf 85' lang='lat' dir='ltr'><strong>rigna</strong></span> <span class='ocrx_word' id='word_1_512' title='bbox 274 4071 374 4122; x_wconf 86' lang='lat' dir='ltr'><strong>illorum</strong></span> <span class='ocrx_word' id='word_1_513' title='bbox 391 4085 460 4128; x_wconf 85' lang='lat' dir='ltr'><strong>ease,</strong></span> <span class='ocrx_word' id='word_1_514' title='bbox 488 4085 536 4122; x_wconf 90' lang='lat' dir='ltr'><strong>neo</strong></span> <span class='ocrx_word' id='word_1_515' title='bbox 555 4073 679 4122; x_wconf 86' lang='lat' dir='ltr'><strong>actionem</strong></span> <span class='ocrx_word' id='word_1_516' title='bbox 698 4072 766 4124; x_wconf 84' lang='lat' dir='ltr'><strong>lllaur</strong></span> <span class='ocrx_word' id='word_1_517' title='bbox 784 4088 815 4122; x_wconf 81' lang='lat' dir='ltr'><strong>ex</strong></span> <span class='ocrx_word' id='word_1_518' title='bbox 833 4072 909 4122; x_wconf 87' lang='lat' dir='ltr'><strong>stellis</strong></span> <span class='ocrx_word' id='word_1_519' title='bbox 929 4072 1070 4136; x_wconf 80' lang='lat' dir='ltr'><strong>provenire.</strong></span> <span class='ocrx_word' id='word_1_520' title='bbox 1099 4068 1143 4118; x_wconf 91' lang='lat' dir='ltr'><strong>sed</strong></span> <span class='ocrx_word' id='word_1_521' title='bbox 1163 4068 1194 4117; x_wconf 89' lang='lat' dir='ltr'><strong>ab</strong></span> <span class='ocrx_word' id='word_1_522' title='bbox 1212 4069 1265 4130; x_wconf 88' lang='lat' dir='ltr'><strong>ipso</strong></span> <span class='ocrx_word' id='word_1_523' title='bbox 1283 4065 1352 4124; x_wconf 87' lang='lat' dir='ltr'><strong>Deo,</strong></span> <span class='ocrx_word' id='word_1_524' title='bbox 1377 4080 1426 4116; x_wconf 91' lang='lat' dir='ltr'><strong>non</strong></span> <span class='ocrx_word' id='word_1_525' title='bbox 1445 4065 1543 4130; x_wconf 88' lang='lat' dir='ltr'><strong>quidem</strong></span> 
     </span>
     <span class='ocr_line' id='line_1_48' title="bbox 183 4138 1544 4202; baseline -0.006 -10"><span class='ocrx_word' id='word_1_526' title='bbox 183 4143 341 4198; x_wconf 83' lang='lat' dir='ltr'><strong>immediate,</strong></span> <span class='ocrx_word' id='word_1_527' title='bbox 370 4142 414 4191; x_wconf 85' lang='lat' dir='ltr'><strong>sed</strong></span> <span class='ocrx_word' id='word_1_528' title='bbox 432 4141 557 4200; x_wconf 89' lang='lat' dir='ltr'><strong>mediate,</strong></span> <span class='ocrx_word' id='word_1_529' title='bbox 587 4144 624 4194; x_wconf 88' lang='lat' dir='ltr'><strong>ita</strong></span> <span class='ocrx_word' id='word_1_530' title='bbox 642 4148 671 4193; x_wconf 89' lang='lat' dir='ltr'><strong>ut</strong></span> <span class='ocrx_word' id='word_1_531' title='bbox 689 4144 713 4192; x_wconf 90' lang='lat' dir='ltr'><strong>iu</strong></span> <span class='ocrx_word' id='word_1_532' title='bbox 732 4143 823 4193; x_wconf 88' lang='lat' dir='ltr'><strong>morbis</strong></span> <span class='ocrx_word' id='word_1_533' title='bbox 850 4143 994 4194; x_wconf 90' lang='lat' dir='ltr'><strong>inducendis</strong></span> <span class='ocrx_word' id='word_1_534' title='bbox 1017 4147 1102 4191; x_wconf 87' lang='lat' dir='ltr'><strong>utatur</strong></span> <span class='ocrx_word' id='word_1_535' title='bbox 1120 4139 1207 4190; x_wconf 87' lang='lat' dir='ltr'><strong>mediis</strong></span> <span class='ocrx_word' id='word_1_536' title='bbox 1225 4153 1275 4188; x_wconf 89' lang='lat' dir='ltr'><strong>non</strong></span> <span class='ocrx_word' id='word_1_537' title='bbox 1292 4138 1376 4202; x_wconf 90' lang='lat' dir='ltr'><strong>proenl</strong></span> <span class='ocrx_word' id='word_1_538' title='bbox 1395 4138 1480 4201; x_wconf 86' lang='lat' dir='ltr'><strong>positis</strong></span> <span class='ocrx_word' id='word_1_539' title='bbox 1499 4139 1544 4188; x_wconf 85' lang='lat' dir='ltr'><strong>ant</strong></span> 
     </span>
     <span class='ocr_line' id='line_1_49' title="bbox 184 4206 1542 4273; baseline -0.007 -9"><span class='ocrx_word' id='word_1_540' title='bbox 184 4213 285 4264; x_wconf 86' lang='lat' dir='ltr'><strong>aliunde</strong></span> <span class='ocrx_word' id='word_1_541' title='bbox 304 4212 441 4271; x_wconf 79' lang='lat' dir='ltr'><strong>accersitis,</strong></span> <span class='ocrx_word' id='word_1_542' title='bbox 460 4214 505 4264; x_wconf 89' lang='lat' dir='ltr'><strong>sed</strong></span> <span class='ocrx_word' id='word_1_543' title='bbox 522 4215 629 4264; x_wconf 84' lang='lat' dir='ltr'><strong>materia</strong></span> <span class='ocrx_word' id='word_1_544' title='bbox 647 4215 722 4264; x_wconf 83' lang='lat' dir='ltr'><strong>noxia</strong></span> <span class='ocrx_word' id='word_1_545' title='bbox 740 4214 869 4264; x_wconf 86' lang='lat' dir='ltr'><strong>humorum</strong></span> <span class='ocrx_word' id='word_1_546' title='bbox 886 4215 1046 4270; x_wconf 86' lang='lat' dir='ltr'><strong>internorum,</strong></span> <span class='ocrx_word' id='word_1_547' title='bbox 1069 4211 1108 4260; x_wconf 86' lang='lat' dir='ltr'><strong>rel</strong></span> <span class='ocrx_word' id='word_1_548' title='bbox 1127 4211 1158 4260; x_wconf 77' lang='lat' dir='ltr'><strong>alt</strong></span> <span class='ocrx_word' id='word_1_549' title='bbox 1177 4213 1248 4260; x_wconf 78' lang='lat' dir='ltr'><strong>aaut</strong></span> <span class='ocrx_word' id='word_1_550' title='bbox 1264 4209 1426 4273; x_wconf 86' lang='lat' dir='ltr'><strong>periculorum</strong></span> <span class='ocrx_word' id='word_1_551' title='bbox 1446 4206 1542 4257; x_wconf 81' lang='lat' dir='ltr'><strong>allado-</strong></span> 
     </span>
     <span class='ocr_line' id='line_1_50' title="bbox 183 4279 1604 4350; baseline -0.006 -14"><span class='ocrx_word' id='word_1_552' title='bbox 183 4287 300 4343; x_wconf 54' lang='lat' dir='ltr'><strong>mnibus,</strong></span> <span class='ocrx_word' id='word_1_553' title='bbox 319 4285 407 4350; x_wconf 84' lang='lat' dir='ltr'><strong>qulbus</strong></span> <span class='ocrx_word' id='word_1_554' title='bbox 420 4299 448 4334; x_wconf 89' lang='lat' dir='ltr'><strong>so</strong></span> <span class='ocrx_word' id='word_1_555' title='bbox 460 4284 572 4336; x_wconf 82' lang='lat' dir='ltr'><strong>diabolus</strong></span> <span class='ocrx_word' id='word_1_556' title='bbox 584 4297 660 4348; x_wconf 82' lang='lat' dir='ltr'><strong>saepe</strong></span> <span class='ocrx_word' id='word_1_557' title='bbox 672 4286 769 4342; x_wconf 72' lang='lat' dir='ltr'><strong>atinent·¹</strong></span> <span class='ocrx_word' id='word_1_558' title='bbox 788 4299 835 4350; x_wconf 88' lang='lat' dir='ltr'><strong>quo</strong></span> <span class='ocrx_word' id='word_1_559' title='bbox 848 4287 884 4335; x_wconf 86' lang='lat' dir='ltr'><strong>sio</strong></span> <span class='ocrx_word' id='word_1_560' title='bbox 897 4299 914 4334; x_wconf 88' lang='lat' dir='ltr'><strong>a</strong></span> <span class='ocrx_word' id='word_1_561' title='bbox 925 4284 993 4335; x_wconf 84' lang='lat' dir='ltr'><strong>coelo</strong></span> <span class='ocrx_word' id='word_1_562' title='bbox 1006 4283 1186 4348; x_wconf 78' lang='lat' dir='ltr'><strong>praadguratas</strong></span> <span class='ocrx_word' id='word_1_563' title='bbox 1204 4295 1299 4344; x_wconf 82' lang='lat' dir='ltr'><strong>paenas</strong></span> <span class='ocrx_word' id='word_1_564' title='bbox 1310 4279 1358 4331; x_wconf 85' lang='lat' dir='ltr'><strong>Dei</strong></span> <span class='ocrx_word' id='word_1_565' title='bbox 1372 4281 1493 4344; x_wconf 69' lang='lat' dir='ltr'><strong>permina</strong></span> <span class='ocrx_word' id='word_1_566' title='bbox 1505 4279 1554 4328; x_wconf 72' lang='lat' dir='ltr'><strong>in·</strong></span> <span class='ocrx_word' id='word_1_567' title='bbox 1600 4305 1604 4316; x_wconf 93' lang='lat'>·</span> 
     </span>
     <span class='ocr_line' id='line_1_51' title="bbox 184 4349 1544 4421; baseline -0.005 -13"><span class='ocrx_word' id='word_1_568' title='bbox 184 4357 303 4408; x_wconf 78' lang='lat' dir='ltr'><strong>ddamua.</strong></span> <span class='ocrx_word' id='word_1_569' title='bbox 344 4355 429 4416; x_wconf 82' lang='lat' dir='ltr'><strong>Quare</strong></span> <span class='ocrx_word' id='word_1_570' title='bbox 445 4356 472 4406; x_wconf 93' lang='lat' dir='ltr'><strong>in</strong></span> <span class='ocrx_word' id='word_1_571' title='bbox 490 4357 603 4410; x_wconf 80' lang='lat' dir='ltr'><strong>omnibus</strong></span> <span class='ocrx_word' id='word_1_572' title='bbox 619 4356 659 4406; x_wconf 86' lang='lat' dir='ltr'><strong>luia</strong></span> <span class='ocrx_word' id='word_1_573' title='bbox 678 4357 818 4421; x_wconf 64' lang='lat' dir='ltr'><strong>mannitus</strong></span> <span class='ocrx_word' id='word_1_574' title='bbox 835 4361 862 4408; x_wconf 89' lang='lat' dir='ltr'><strong>et</strong></span> <span class='ocrx_word' id='word_1_575' title='bbox 878 4355 1099 4421; x_wconf 80' lang='lat' dir='ltr'><strong>signidottioulbua</strong></span> <span class='ocrx_word' id='word_1_576' title='bbox 1117 4353 1180 4404; x_wconf 85' lang='lat' dir='ltr'><strong>relle</strong></span> <span class='ocrx_word' id='word_1_577' title='bbox 1196 4353 1312 4416; x_wconf 82' lang='lat' dir='ltr'><strong>physicas</strong></span> <span class='ocrx_word' id='word_1_578' title='bbox 1325 4358 1370 4406; x_wconf 83' lang='lat' dir='ltr'><strong>aut</strong></span> <span class='ocrx_word' id='word_1_579' title='bbox 1382 4349 1544 4416; x_wconf 63' lang='lat' dir='ltr'><strong>memnona</strong></span> 
     </span>
     <span class='ocr_line' id='line_1_52' title="bbox 184 4419 1543 4491; baseline -0.007 -15"><span class='ocrx_word' id='word_1_580' title='bbox 184 4442 274 4478; x_wconf 83' lang='lat' dir='ltr'><strong>causas</strong></span> <span class='ocrx_word' id='word_1_581' title='bbox 293 4426 374 4478; x_wconf 89' lang='lat' dir='ltr'><strong>solum</strong></span> <span class='ocrx_word' id='word_1_582' title='bbox 393 4427 516 4490; x_wconf 87' lang='lat' dir='ltr'><strong>inquirere</strong></span> <span class='ocrx_word' id='word_1_583' title='bbox 536 4433 561 4477; x_wconf 87' lang='lat' dir='ltr'><strong>at</strong></span> <span class='ocrx_word' id='word_1_584' title='bbox 575 4427 742 4484; x_wconf 84' lang='lat' dir='ltr'><strong>considerare,</strong></span> <span class='ocrx_word' id='word_1_585' title='bbox 762 4428 834 4476; x_wconf 87' lang='lat' dir='ltr'><strong>nimir</strong></span> <span class='ocrx_word' id='word_1_586' title='bbox 846 4427 982 4491; x_wconf 85' lang='lat' dir='ltr'><strong>physicum,</strong></span> <span class='ocrx_word' id='word_1_587' title='bbox 1003 4441 1112 4476; x_wconf 73' lang='lat' dir='ltr'><strong>crurum</strong></span> <span class='ocrx_word' id='word_1_588' title='bbox 1132 4429 1157 4474; x_wconf 92' lang='lat' dir='ltr'><strong>et</strong></span> <span class='ocrx_word' id='word_1_589' title='bbox 1175 4423 1275 4474; x_wconf 89' lang='lat' dir='ltr'><strong>uamale</strong></span> <span class='ocrx_word' id='word_1_590' title='bbox 1297 4429 1343 4473; x_wconf 78' lang='lat' dir='ltr'><strong>est</strong></span> <span class='ocrx_word' id='word_1_591' title='bbox 1362 4419 1543 4483; x_wconf 77' lang='lat' dir='ltr'><strong>(Keplerusz</strong></span> 
     </span>
     <span class='ocr_line' id='line_1_53' title="bbox 183 4493 1581 4630; baseline -0.007 -82"><span class='ocrx_word' id='word_1_592' title='bbox 183 4499 284 4550; x_wconf 82' lang='lat' dir='ltr'><strong>Possum</strong></span> <span class='ocrx_word' id='word_1_593' title='bbox 303 4505 330 4550; x_wconf 88' lang='lat' dir='ltr'><strong>et</strong></span> <span class='ocrx_word' id='word_1_594' title='bbox 349 4499 454 4630; x_wconf 66' lang='lat' dir='ltr'><strong>inpnea</strong></span> <span class='ocrx_word' id='word_1_595' title='bbox 471 4499 626 4564; x_wconf 84' lang='lat' dir='ltr'><strong>philosophia</strong></span> <span class='ocrx_word' id='word_1_596' title='bbox 645 4497 790 4566; x_wconf 86' lang='lat' dir='ltr'><strong>theologum</strong></span> <span class='ocrx_word' id='word_1_597' title='bbox 810 4512 896 4566; x_wconf 83' lang='lat' dir='ltr'><strong>agore.</strong></span> <span class='ocrx_word' id='word_1_598' title='bbox 933 4497 995 4546; x_wconf 82' lang='lat' dir='ltr'><strong>Cum</strong></span> <span class='ocrx_word' id='word_1_599' title='bbox 1008 4496 1077 4546; x_wconf 91' lang='lat' dir='ltr'><strong>Deus</strong></span> <span class='ocrx_word' id='word_1_600' title='bbox 1090 4496 1211 4552; x_wconf 83' lang='lat' dir='ltr'><strong>irascitur.</strong></span> <span class='ocrx_word' id='word_1_601' title='bbox 1234 4493 1355 4558; x_wconf 84' lang='lat' dir='ltr'><strong>permittit</strong></span> <span class='ocrx_word' id='word_1_602' title='bbox 1372 4495 1544 4556; x_wconf 82' lang='lat' dir='ltr'><strong>praeposteras</strong></span> <span class='ocrx_word' id='word_1_603' title='bbox 1579 4557 1581 4571; x_wconf 52' lang='lat'><em>,</em></span> 
     </span>
     <span class='ocr_line' id='line_1_54' title="bbox 184 4571 383 4638; baseline -0.005 -20"><span class='ocrx_word' id='word_1_604' title='bbox 184 4571 383 4638; x_wconf 87' lang='lat' dir='ltr'><strong>imaginationes.</strong></span> 
     </span>
    </p>
   </div>
   <div class='ocr_carea' id='block_1_7' title="bbox 179 4656 1543 4908">
    <p class='ocr_par' dir='ltr' id='par_1_9' title="bbox 179 4656 1543 4908">
     <span class='ocr_line' id='line_1_55' title="bbox 249 4656 1328 4726; baseline -0.011 -15"><span class='ocrx_word' id='word_1_605' title='bbox 249 4660 416 4726; x_wconf 78' lang='lat' dir='ltr'><strong>Kaplerus</strong></span> <span class='ocrx_word' id='word_1_606' title='bbox 434 4658 460 4708; x_wconf 93' lang='lat' dir='ltr'><strong>ln</strong></span> <span class='ocrx_word' id='word_1_607' title='bbox 477 4656 555 4708; x_wconf 81' lang='lat' dir='ltr'><strong>literis</strong></span> <span class='ocrx_word' id='word_1_608' title='bbox 572 4657 624 4713; x_wconf 82' lang='lat' dir='ltr'><strong>anis</strong></span> <span class='ocrx_word' id='word_1_609' title='bbox 641 4658 736 4724; x_wconf 86' lang='lat' dir='ltr'><strong>porgit:</strong></span> <span class='ocrx_word' id='word_1_610' title='bbox 1326 4684 1328 4690; x_wconf 70' lang='lat'>,</span> 
     </span>
     <span class='ocr_line' id='line_1_56' title="bbox 267 4717 1543 4812; baseline -0.013 -16"><span class='ocrx_word' id='word_1_611' title='bbox 267 4729 410 4796; x_wconf 85' lang='lat' dir='ltr'><strong>Tandem</strong></span> <span class='ocrx_word' id='word_1_612' title='bbox 434 4729 511 4793; x_wconf 87' lang='lat' dir='ltr'><strong>bano</strong></span> <span class='ocrx_word' id='word_1_613' title='bbox 533 4728 748 4812; x_wconf 83' lang='lat' dir='ltr'><strong>principiorum</strong></span> <span class='ocrx_word' id='word_1_614' title='bbox 771 4727 920 4793; x_wconf 78' lang='lat' dir='ltr'><strong>radonem</strong></span> <span class='ocrx_word' id='word_1_615' title='bbox 949 4725 1121 4806; x_wconf 81' lang='lat' dir='ltr'><strong>generalem</strong></span> <span class='ocrx_word' id='word_1_616' title='bbox 1150 4722 1339 4800; x_wconf 75' lang='lat' dir='ltr'><strong>meuemplo</strong></span> <span class='ocrx_word' id='word_1_617' title='bbox 1371 4719 1407 4780; x_wconf 90' lang='lat' dir='ltr'><strong>de</strong></span> <span class='ocrx_word' id='word_1_618' title='bbox 1431 4717 1543 4784; x_wconf 87' lang='lat' dir='ltr'><strong>morbis</strong></span> 
     </span>
     <span class='ocr_line' id='line_1_57' title="bbox 179 4805 1543 4908; baseline -0.012 -23"><span class='ocrx_word' id='word_1_619' title='bbox 179 4820 349 4908; x_wconf 83' lang='lat' dir='ltr'><strong>iarpagnas.</strong></span> <span class='ocrx_word' id='word_1_620' title='bbox 400 4816 493 4882; x_wconf 74' lang='lat' dir='ltr'><strong>Dixin</strong></span> <span class='ocrx_word' id='word_1_621' title='bbox 520 4817 682 4881; x_wconf 82' lang='lat' dir='ltr'><strong>animalem</strong></span> <span class='ocrx_word' id='word_1_622' title='bbox 705 4818 804 4882; x_wconf 76' lang='lat' dir='ltr'><strong>auur</strong></span> <span class='ocrx_word' id='word_1_623' title='bbox 829 4816 1007 4879; x_wconf 62' lang='lat' dir='ltr'><strong>mulinum</strong></span> <span class='ocrx_word' id='word_1_624' title='bbox 1029 4815 1183 4878; x_wconf 76' lang='lat' dir='ltr'><strong>inoeumn</strong></span> <span class='ocrx_word' id='word_1_625' title='bbox 1204 4817 1307 4875; x_wconf 82' lang='lat' dir='ltr'><strong>menes</strong></span> <span class='ocrx_word' id='word_1_626' title='bbox 1328 4805 1452 4879; x_wconf 61' lang='lat' dir='ltr'><strong>ornum,</strong></span> <span class='ocrx_word' id='word_1_627' title='bbox 1476 4825 1543 4869; x_wconf 89' lang='lat' dir='ltr'><strong>cnm</strong></span> 
     </span>
    </p>
   </div>
   <div class='ocr_carea' id='block_1_8' title="bbox 0 0 1860 5528">
    <p class='ocr_par' dir='ltr' id='par_1_10' title="bbox 0 0 1860 5528">
     <span class='ocr_line' id='line_1_58' title="bbox 0 0 1860 5528; baseline 0 0"><span class='ocrx_word' id='word_1_628' title='bbox 0 0 1860 5528; x_wconf 95' lang='lat' dir='ltr'><strong> </strong></span> 
     </span>
    </p>
   </div>
  </div>
 </body>
</html>
