<?xml version="1.0" encoding="UTF-8"?>
<!DOCTYPE html PUBLIC "-//W3C//DTD XHTML 1.0 Transitional//EN"
    "http://www.w3.org/TR/xhtml1/DTD/xhtml1-transitional.dtd">
<html xmlns="http://www.w3.org/1999/xhtml" xml:lang="en" lang="en">
 <head>
  <title>
</title>
<meta http-equiv="Content-Type" content="text/html;charset=utf-8" />
  <meta name='ocr-system' content='tesseract 3.04.00' />
  <meta name='ocr-capabilities' content='ocr_page ocr_carea ocr_par ocr_line ocrx_word'/>
</head>
<body>
  <div class='ocr_page' id='page_1' title='image "./joanniskepleria22frisgoog_0273.png"; bbox 0 0 3698 5516; ppageno 0'>
   <div class='ocr_carea' id='block_1_1' title="bbox 362 279 1175 386">
    <p class='ocr_par' dir='ltr' id='par_1_1' title="bbox 362 279 1175 386">
     <span class='ocr_line' id='line_1_1' title="bbox 362 279 1175 386; baseline -0.027 -19"><span class='ocrx_word' id='word_1_1' title='bbox 362 279 429 367; x_wconf 68' lang='lat' dir='ltr'>tlh</span> <span class='ocrx_word' id='word_1_2' title='bbox 486 344 490 352; x_wconf 80' lang='grc'>.</span> <span class='ocrx_word' id='word_1_3' title='bbox 910 296 1034 364; x_wconf 71' lang='lat' dir='ltr'>Apologia</span> <span class='ocrx_word' id='word_1_4' title='bbox 1051 295 1175 386; x_wconf 59' lang='lat' dir='ltr'>aare.</span> 
     </span>
    </p>
   </div>
   <div class='ocr_carea' id='block_1_2' title="bbox 363 449 1734 1871">
    <p class='ocr_par' dir='ltr' id='par_1_2' title="bbox 363 449 1731 1141">
     <span class='ocr_line' id='line_1_2' title="bbox 363 449 1730 542; baseline -0.009 -19"><span class='ocrx_word' id='word_1_5' title='bbox 363 460 570 542; x_wconf 79' lang='lat' dir='ltr'><strong>hypotheseos</strong></span> <span class='ocrx_word' id='word_1_6' title='bbox 594 479 613 520; x_wconf 90' lang='lat' dir='ltr'>a</span> <span class='ocrx_word' id='word_1_7' title='bbox 635 463 700 519; x_wconf 89' lang='lat' dir='ltr'>lam</span> <span class='ocrx_word' id='word_1_8' title='bbox 722 456 879 538; x_wconf 89' lang='lat' dir='ltr'>praeclaro</span> <span class='ocrx_word' id='word_1_9' title='bbox 904 473 995 537; x_wconf 90' lang='lat' dir='ltr'>opere</span> <span class='ocrx_word' id='word_1_10' title='bbox 1018 457 1148 518; x_wconf 88' lang='lat' dir='ltr'>lectores</span> <span class='ocrx_word' id='word_1_11' title='bbox 1172 455 1427 522; x_wconf 79' lang='lat' dir='ltr'>absterrerentur,</span> <span class='ocrx_word' id='word_1_12' title='bbox 1451 453 1514 515; x_wconf 90' lang='lat' dir='ltr'>ista</span> <span class='ocrx_word' id='word_1_13' title='bbox 1536 449 1625 532; x_wconf 89' lang='lat' dir='ltr'>quasi</span> <span class='ocrx_word' id='word_1_14' title='bbox 1649 451 1730 512; x_wconf 88' lang='lat' dir='ltr'>leni-</span> 
     </span>
     <span class='ocr_line' id='line_1_3' title="bbox 363 541 1731 628; baseline -0.009 -17"><span class='ocrx_word' id='word_1_15' title='bbox 363 553 466 611; x_wconf 90' lang='lat' dir='ltr'>menta</span> <span class='ocrx_word' id='word_1_16' title='bbox 499 547 580 628; x_wconf 90' lang='lat' dir='ltr'>operi</span> <span class='ocrx_word' id='word_1_17' title='bbox 610 543 817 626; x_wconf 78' lang='lat' dir='ltr'>(lopernicano</span> <span class='ocrx_word' id='word_1_18' title='bbox 849 545 1046 624; x_wconf 72' lang='lat' dir='ltr'>praemittere</span> <span class='ocrx_word' id='word_1_19' title='bbox 1074 545 1216 607; x_wconf 90' lang='lat' dir='ltr'>voluisse.</span> <span class='ocrx_word' id='word_1_20' title='bbox 1264 542 1448 624; x_wconf 86' lang='lat' dir='ltr'>Copernicns</span> <span class='ocrx_word' id='word_1_21' title='bbox 1481 542 1601 620; x_wconf 89' lang='lat' dir='ltr'>quidem</span> <span class='ocrx_word' id='word_1_22' title='bbox 1632 541 1731 601; x_wconf 90' lang='lat' dir='ltr'>stoica</span> 
     </span>
     <span class='ocr_line' id='line_1_4' title="bbox 363 629 1729 715; baseline -0.007 -17"><span class='ocrx_word' id='word_1_23' title='bbox 363 635 516 715; x_wconf 66' lang='lat' dir='ltr'>rigiditate</span> <span class='ocrx_word' id='word_1_24' title='bbox 540 635 714 698; x_wconf 83' lang='lat' dir='ltr'>obfirmatus</span> <span class='ocrx_word' id='word_1_25' title='bbox 738 634 828 696; x_wconf 91' lang='lat' dir='ltr'>animi</span> <span class='ocrx_word' id='word_1_26' title='bbox 852 653 944 696; x_wconf 89' lang='lat' dir='ltr'>sensa</span> <span class='ocrx_word' id='word_1_27' title='bbox 967 633 1093 696; x_wconf 84' lang='lat' dir='ltr'>ctndide</span> <span class='ocrx_word' id='word_1_28' title='bbox 1118 633 1175 694; x_wconf 90' lang='lat' dir='ltr'>sibi</span> <span class='ocrx_word' id='word_1_29' title='bbox 1200 633 1371 712; x_wconf 88' lang='lat' dir='ltr'>profitenda</span> <span class='ocrx_word' id='word_1_30' title='bbox 1394 630 1525 711; x_wconf 87' lang='lat' dir='ltr'>putavit,</span> <span class='ocrx_word' id='word_1_31' title='bbox 1551 629 1646 690; x_wconf 89' lang='lat' dir='ltr'>etiam</span> <span class='ocrx_word' id='word_1_32' title='bbox 1662 647 1729 690; x_wconf 92' lang='lat' dir='ltr'>cum</span> 
     </span>
     <span class='ocr_line' id='line_1_5' title="bbox 364 717 1729 805; baseline -0.007 -19"><span class='ocrx_word' id='word_1_33' title='bbox 364 724 521 805; x_wconf 89' lang='lat' dir='ltr'>dispendio</span> <span class='ocrx_word' id='word_1_34' title='bbox 544 724 631 804; x_wconf 90' lang='lat' dir='ltr'>hujus</span> <span class='ocrx_word' id='word_1_35' title='bbox 655 723 812 785; x_wconf 76' lang='lat' dir='ltr'>scientiae.</span> <span class='ocrx_word' id='word_1_36' title='bbox 859 720 1024 797; x_wconf 87' lang='lat' dir='ltr'>Osiand&#39;er,</span> <span class='ocrx_word' id='word_1_37' title='bbox 1054 723 1142 784; x_wconf 89' lang='lat' dir='ltr'>utilia</span> <span class='ocrx_word' id='word_1_38' title='bbox 1163 721 1261 802; x_wconf 85' lang='lat' dir='ltr'>magis</span> <span class='ocrx_word' id='word_1_39' title='bbox 1286 720 1345 782; x_wconf 89' lang='lat' dir='ltr'>arti</span> <span class='ocrx_word' id='word_1_40' title='bbox 1369 726 1508 792; x_wconf 89' lang='lat' dir='ltr'>secutus,</span> <span class='ocrx_word' id='word_1_41' title='bbox 1536 717 1729 780; x_wconf 73' lang='lat' dir='ltr'>verissimam</span> 
     </span>
     <span class='ocr_line' id='line_1_6' title="bbox 364 805 1728 892; baseline -0.009 -16"><span class='ocrx_word' id='word_1_42' title='bbox 364 811 525 892; x_wconf 80' lang='lat' dir='ltr'>Copemici</span> <span class='ocrx_word' id='word_1_43' title='bbox 549 818 580 873; x_wconf 88' lang='lat' dir='ltr'>et</span> <span class='ocrx_word' id='word_1_44' title='bbox 604 810 714 874; x_wconf 89' lang='lat' dir='ltr'>seriam</span> <span class='ocrx_word' id='word_1_45' title='bbox 738 811 920 873; x_wconf 85' lang='lat' dir='ltr'>sententiam</span> <span class='ocrx_word' id='word_1_46' title='bbox 943 811 1131 890; x_wconf 74' lang='lat' dir='ltr'>praefatione</span> <span class='ocrx_word' id='word_1_47' title='bbox 1155 829 1211 872; x_wconf 86' lang='lat' dir='ltr'>sua</span> <span class='ocrx_word' id='word_1_48' title='bbox 1240 809 1347 871; x_wconf 90' lang='lat' dir='ltr'>maluit</span> <span class='ocrx_word' id='word_1_49' title='bbox 1374 809 1535 870; x_wconf 90' lang='lat' dir='ltr'>occultare.</span> <span class='ocrx_word' id='word_1_50' title='bbox 1584 805 1728 867; x_wconf 85' lang='lat' dir='ltr'>Valuerit</span> 
     </span>
     <span class='ocr_line' id='line_1_7' title="bbox 366 895 1731 979; baseline -0.008 -15"><span class='ocrx_word' id='word_1_51' title='bbox 366 918 441 964; x_wconf 89' lang='lat' dir='ltr'>sane</span> <span class='ocrx_word' id='word_1_52' title='bbox 475 899 631 962; x_wconf 89' lang='lat' dir='ltr'>consilium</span> <span class='ocrx_word' id='word_1_53' title='bbox 658 899 715 962; x_wconf 89' lang='lat' dir='ltr'>hoc</span> <span class='ocrx_word' id='word_1_54' title='bbox 738 897 882 961; x_wconf 91' lang='lat' dir='ltr'>Osiandri</span> <span class='ocrx_word' id='word_1_55' title='bbox 910 918 965 979; x_wconf 91' lang='lat' dir='ltr'>per</span> <span class='ocrx_word' id='word_1_56' title='bbox 996 900 1053 961; x_wconf 88' lang='lat' dir='ltr'>hos</span> <span class='ocrx_word' id='word_1_57' title='bbox 1078 895 1121 962; x_wconf 88' lang='lat'>60</span> <span class='ocrx_word' id='word_1_58' title='bbox 1144 917 1255 960; x_wconf 90' lang='lat' dir='ltr'>annos:</span> <span class='ocrx_word' id='word_1_59' title='bbox 1288 903 1407 976; x_wconf 92' lang='lat' dir='ltr'>tempus</span> <span class='ocrx_word' id='word_1_60' title='bbox 1435 897 1500 976; x_wconf 88' lang='lat' dir='ltr'>jam</span> <span class='ocrx_word' id='word_1_61' title='bbox 1528 895 1654 956; x_wconf 86' lang='lat' dir='ltr'>tandem</span> <span class='ocrx_word' id='word_1_62' title='bbox 1683 904 1731 954; x_wconf 90' lang='lat' dir='ltr'>est</span> 
     </span>
     <span class='ocr_line' id='line_1_8' title="bbox 364 983 1731 1068; baseline -0.006 -17"><span class='ocrx_word' id='word_1_63' title='bbox 364 992 443 1051; x_wconf 89' lang='lat' dir='ltr'>hanc</span> <span class='ocrx_word' id='word_1_64' title='bbox 462 987 702 1064; x_wconf 82' lang='lat' dir='ltr'>simulationem,</span> <span class='ocrx_word' id='word_1_65' title='bbox 735 993 769 1050; x_wconf 95' lang='lat' dir='ltr'>ut</span> <span class='ocrx_word' id='word_1_66' title='bbox 792 988 863 1050; x_wconf 94' lang='lat' dir='ltr'>mihi</span> <span class='ocrx_word' id='word_1_67' title='bbox 901 988 1020 1068; x_wconf 89' lang='lat' dir='ltr'>quidem</span> <span class='ocrx_word' id='word_1_68' title='bbox 1041 987 1176 1062; x_wconf 90' lang='lat' dir='ltr'>videtur,</span> <span class='ocrx_word' id='word_1_69' title='bbox 1210 1005 1248 1047; x_wconf 87' lang='lat' dir='ltr'>ex</span> <span class='ocrx_word' id='word_1_70' title='bbox 1270 986 1398 1068; x_wconf 88' lang='lat' dir='ltr'>privatis</span> <span class='ocrx_word' id='word_1_71' title='bbox 1421 983 1565 1047; x_wconf 88' lang='lat' dir='ltr'>Osiandri</span> <span class='ocrx_word' id='word_1_72' title='bbox 1590 983 1731 1062; x_wconf 89' lang='lat' dir='ltr'>epistolis</span> 
     </span>
     <span class='ocr_line' id='line_1_9' title="bbox 365 1079 517 1141; baseline 0 -1"><span class='ocrx_word' id='word_1_73' title='bbox 365 1079 434 1141; x_wconf 88' lang='lat' dir='ltr'>dete</span> <span class='ocrx_word' id='word_1_74' title='bbox 457 1096 517 1140; x_wconf 90' lang='lat' dir='ltr'>ere.</span> 
     </span>
    </p>

    <p class='ocr_par' dir='ltr' id='par_1_3' title="bbox 363 1097 1734 1871">
     <span class='ocr_line' id='line_1_10' title="bbox 435 1097 1731 1244; baseline -0.007 -15"><span class='ocrx_word' id='word_1_75' title='bbox 435 1097 532 1230; x_wconf 79' lang='lat' dir='ltr'>gNam</span> <span class='ocrx_word' id='word_1_76' title='bbox 555 1183 621 1227; x_wconf 91' lang='lat' dir='ltr'>cum</span> <span class='ocrx_word' id='word_1_77' title='bbox 644 1162 829 1244; x_wconf 83' lang='lat' dir='ltr'>Oopemicus</span> <span class='ocrx_word' id='word_1_78' title='bbox 863 1181 940 1224; x_wconf 93' lang='lat' dir='ltr'>anno</span> <span class='ocrx_word' id='word_1_79' title='bbox 967 1159 1065 1227; x_wconf 76' lang='lat'>1540.</span> <span class='ocrx_word' id='word_1_80' title='bbox 1090 1161 1159 1224; x_wconf 85' lang='lat' dir='ltr'>Cal.</span> <span class='ocrx_word' id='word_1_81' title='bbox 1182 1161 1244 1225; x_wconf 88' lang='lat' dir='ltr'>Jul.</span> <span class='ocrx_word' id='word_1_82' title='bbox 1274 1162 1312 1223; x_wconf 91' lang='lat' dir='ltr'>ad</span> <span class='ocrx_word' id='word_1_83' title='bbox 1336 1160 1520 1224; x_wconf 89' lang='lat' dir='ltr'>Osiandrnm</span> <span class='ocrx_word' id='word_1_84' title='bbox 1543 1159 1731 1241; x_wconf 79' lang='lat' dir='ltr'>scripsisset,</span> 
     </span>
     <span class='ocr_line' id='line_1_11' title="bbox 364 1247 1731 1332; baseline -0.007 -15"><span class='ocrx_word' id='word_1_85' title='bbox 364 1255 408 1318; x_wconf 90' lang='lat' dir='ltr'>sic</span> <span class='ocrx_word' id='word_1_86' title='bbox 435 1253 479 1316; x_wconf 91' lang='lat' dir='ltr'>illl</span> <span class='ocrx_word' id='word_1_87' title='bbox 507 1255 586 1316; x_wconf 92' lang='lat' dir='ltr'>inter</span> <span class='ocrx_word' id='word_1_88' title='bbox 613 1259 717 1315; x_wconf 89' lang='lat' dir='ltr'>cetera</span> <span class='ocrx_word' id='word_1_89' title='bbox 743 1253 906 1332; x_wconf 88' lang='lat' dir='ltr'>respondet</span> <span class='ocrx_word' id='word_1_90' title='bbox 929 1250 1080 1314; x_wconf 88' lang='lat' dir='ltr'>Osiander</span> <span class='ocrx_word' id='word_1_91' title='bbox 1108 1270 1185 1313; x_wconf 88' lang='lat' dir='ltr'>anno</span> <span class='ocrx_word' id='word_1_92' title='bbox 1208 1247 1302 1314; x_wconf 85' lang='grc'>1541.</span> <span class='ocrx_word' id='word_1_93' title='bbox 1327 1249 1380 1313; x_wconf 83' lang='grc'>20.</span> <span class='ocrx_word' id='word_1_94' title='bbox 1405 1252 1496 1328; x_wconf 73' lang='lat' dir='ltr'>Apa:</span> <span class='ocrx_word' id='word_1_95' title='bbox 1531 1249 1600 1322; x_wconf 89' lang='lat' dir='ltr'>„De</span> <span class='ocrx_word' id='word_1_96' title='bbox 1630 1249 1731 1330; x_wconf 90' lang='lat' dir='ltr'>hypo-</span> 
     </span>
     <span class='ocr_line' id='line_1_12' title="bbox 363 1337 1731 1422; baseline -0.007 -16"><span class='ocrx_word' id='word_1_97' title='bbox 363 1342 502 1406; x_wconf 84' lang='lat' dir='ltr'>thesibus</span> <span class='ocrx_word' id='word_1_98' title='bbox 526 1359 582 1422; x_wconf 84' lang='lat' dir='ltr'>egc</span> <span class='ocrx_word' id='word_1_99' title='bbox 606 1343 650 1403; x_wconf 89' lang='lat' dir='ltr'>sic</span> <span class='ocrx_word' id='word_1_100' title='bbox 673 1341 756 1402; x_wconf 92' lang='lat' dir='ltr'>sensi</span> <span class='ocrx_word' id='word_1_101' title='bbox 779 1359 908 1420; x_wconf 88' lang='lat' dir='ltr'>semper,</span> <span class='ocrx_word' id='word_1_102' title='bbox 933 1359 992 1402; x_wconf 91' lang='lat' dir='ltr'>non</span> <span class='ocrx_word' id='word_1_103' title='bbox 1017 1358 1085 1400; x_wconf 89' lang='lat' dir='ltr'>esse</span> <span class='ocrx_word' id='word_1_104' title='bbox 1109 1339 1253 1401; x_wconf 84' lang='lat' dir='ltr'>articulos</span> <span class='ocrx_word' id='word_1_105' title='bbox 1267 1339 1345 1412; x_wconf 90' lang='lat' dir='ltr'>tidei,</span> <span class='ocrx_word' id='word_1_106' title='bbox 1371 1341 1424 1400; x_wconf 89' lang='lat' dir='ltr'>sed</span> <span class='ocrx_word' id='word_1_107' title='bbox 1444 1338 1639 1399; x_wconf 85' lang='lat' dir='ltr'>lirndamenta</span> <span class='ocrx_word' id='word_1_108' title='bbox 1663 1337 1731 1397; x_wconf 87' lang='lat' dir='ltr'>cal-</span> 
     </span>
     <span class='ocr_line' id='line_1_13' title="bbox 364 1426 1733 1506; baseline -0.005 -14"><span class='ocrx_word' id='word_1_109' title='bbox 364 1431 432 1504; x_wconf 90' lang='lat' dir='ltr'>culi,</span> <span class='ocrx_word' id='word_1_110' title='bbox 458 1430 504 1492; x_wconf 86' lang='lat' dir='ltr'>ita</span> <span class='ocrx_word' id='word_1_111' title='bbox 525 1439 573 1504; x_wconf 89' lang='lat' dir='ltr'>ut,</span> <span class='ocrx_word' id='word_1_112' title='bbox 606 1429 724 1492; x_wconf 89' lang='lat' dir='ltr'>etiamsi</span> <span class='ocrx_word' id='word_1_113' title='bbox 749 1429 845 1491; x_wconf 82' lang='lat' dir='ltr'>falsae</span> <span class='ocrx_word' id='word_1_114' title='bbox 869 1429 943 1500; x_wconf 91' lang='lat' dir='ltr'>sint,</span> <span class='ocrx_word' id='word_1_115' title='bbox 971 1428 1060 1489; x_wconf 90' lang='lat' dir='ltr'>modo</span> <span class='ocrx_word' id='word_1_116' title='bbox 1083 1435 1216 1490; x_wconf 91' lang='lat' dir='ltr'>motuum</span> <span class='ocrx_word' id='word_1_117' title='bbox 1240 1449 1400 1506; x_wconf 67' lang='grc' dir='ltr'>φαενομωα</span> <span class='ocrx_word' id='word_1_118' title='bbox 1423 1435 1528 1487; x_wconf 80' lang='lat' dir='ltr'>exacte</span> <span class='ocrx_word' id='word_1_119' title='bbox 1556 1426 1733 1498; x_wconf 87' lang='lat' dir='ltr'>exhibeant,</span> 
     </span>
     <span class='ocr_line' id='line_1_14' title="bbox 367 1515 1733 1598; baseline -0.004 -18"><span class='ocrx_word' id='word_1_120' title='bbox 367 1518 443 1581; x_wconf 90' lang='lat' dir='ltr'>nihil</span> <span class='ocrx_word' id='word_1_121' title='bbox 465 1520 594 1592; x_wconf 82' lang='lat' dir='ltr'>reserat3</span> <span class='ocrx_word' id='word_1_122' title='bbox 619 1517 685 1598; x_wconf 89' lang='lat' dir='ltr'>quis</span> <span class='ocrx_word' id='word_1_123' title='bbox 709 1516 866 1579; x_wconf 84' lang='lat' dir='ltr'>animnos</span> <span class='ocrx_word' id='word_1_124' title='bbox 890 1517 1032 1578; x_wconf 82' lang='lat' dir='ltr'>certiores</span> <span class='ocrx_word' id='word_1_125' title='bbox 1056 1517 1171 1590; x_wconf 81' lang='lat' dir='ltr'>reddet,</span> <span class='ocrx_word' id='word_1_126' title='bbox 1198 1535 1235 1578; x_wconf 90' lang='lat' dir='ltr'>an</span> <span class='ocrx_word' id='word_1_127' title='bbox 1252 1515 1333 1578; x_wconf 89' lang='lat' dir='ltr'>Solis</span> <span class='ocrx_word' id='word_1_128' title='bbox 1356 1515 1524 1595; x_wconf 89' lang='lat' dir='ltr'>inaequalis</span> <span class='ocrx_word' id='word_1_129' title='bbox 1548 1519 1649 1577; x_wconf 90' lang='lat' dir='ltr'>motus</span> <span class='ocrx_word' id='word_1_130' title='bbox 1673 1533 1733 1574; x_wconf 90' lang='lat' dir='ltr'>no-</span> 
     </span>
     <span class='ocr_line' id='line_1_15' title="bbox 367 1596 1734 1689; baseline -0.004 -20"><span class='ocrx_word' id='word_1_131' title='bbox 367 1607 447 1670; x_wconf 87' lang='lat' dir='ltr'>rnine</span> <span class='ocrx_word' id='word_1_132' title='bbox 477 1605 604 1689; x_wconf 90' lang='lat' dir='ltr'>epicycli</span> <span class='ocrx_word' id='word_1_133' title='bbox 637 1622 674 1667; x_wconf 85' lang='lat' dir='ltr'>an</span> <span class='ocrx_word' id='word_1_134' title='bbox 698 1605 816 1667; x_wconf 91' lang='lat' dir='ltr'>nomine</span> <span class='ocrx_word' id='word_1_135' title='bbox 840 1605 1076 1666; x_wconf 85' lang='lat' dir='ltr'>eccentricitatis</span> <span class='ocrx_word' id='word_1_136' title='bbox 1101 1605 1272 1683; x_wconf 85' lang='lat' dir='ltr'>contingat,</span> <span class='ocrx_word' id='word_1_137' title='bbox 1303 1604 1329 1666; x_wconf 90' lang='lat' dir='ltr'>si</span> <span class='ocrx_word' id='word_1_138' title='bbox 1348 1596 1522 1666; x_wconf 85' lang='lat' dir='ltr'>Ptolemaei</span> <span class='ocrx_word' id='word_1_139' title='bbox 1544 1603 1734 1685; x_wconf 86' lang='lat' dir='ltr'>hypotheses</span> 
     </span>
     <span class='ocr_line' id='line_1_16' title="bbox 368 1692 1733 1778; baseline -0.002 -21"><span class='ocrx_word' id='word_1_140' title='bbox 368 1713 544 1778; x_wconf 82' lang='lat' dir='ltr'>sequamur,</span> <span class='ocrx_word' id='word_1_141' title='bbox 563 1713 629 1756; x_wconf 92' lang='lat' dir='ltr'>cum</span> <span class='ocrx_word' id='word_1_142' title='bbox 652 1693 683 1754; x_wconf 96' lang='lat' dir='ltr'>id</span> <span class='ocrx_word' id='word_1_143' title='bbox 706 1695 805 1774; x_wconf 86' lang='lat' dir='ltr'>possit</span> <span class='ocrx_word' id='word_1_144' title='bbox 827 1700 993 1772; x_wconf 90' lang='lat' dir='ltr'>utrumque.</span> <span class='ocrx_word' id='word_1_145' title='bbox 1041 1692 1144 1763; x_wconf 77' lang='lat' dir='ltr'>Quare</span> <span class='ocrx_word' id='word_1_146' title='bbox 1168 1692 1329 1772; x_wconf 83' lang='lat' dir='ltr'>plausibile</span> <span class='ocrx_word' id='word_1_147' title='bbox 1354 1694 1417 1754; x_wconf 84' lang='lat' dir='ltr'>fore</span> <span class='ocrx_word' id='word_1_148' title='bbox 1436 1693 1598 1766; x_wconf 87' lang='lat' dir='ltr'>videretur,</span> <span class='ocrx_word' id='word_1_149' title='bbox 1624 1692 1652 1753; x_wconf 91' lang='lat' dir='ltr'>si</span> <span class='ocrx_word' id='word_1_150' title='bbox 1675 1693 1733 1754; x_wconf 89' lang='lat' dir='ltr'>hac</span> 
     </span>
     <span class='ocr_line' id='line_1_17' title="bbox 369 1780 1733 1871; baseline -0.001 -27"><span class='ocrx_word' id='word_1_151' title='bbox 369 1784 405 1845; x_wconf 89' lang='lat' dir='ltr'>de</span> <span class='ocrx_word' id='word_1_152' title='bbox 430 1803 462 1846; x_wconf 92' lang='lat' dir='ltr'>re</span> <span class='ocrx_word' id='word_1_153' title='bbox 485 1783 515 1846; x_wconf 92' lang='lat' dir='ltr'>in</span> <span class='ocrx_word' id='word_1_154' title='bbox 538 1782 727 1871; x_wconf 81' lang='lat' dir='ltr'>praelatione</span> <span class='ocrx_word' id='word_1_155' title='bbox 751 1782 885 1844; x_wconf 91' lang='lat' dir='ltr'>nonnihil</span> <span class='ocrx_word' id='word_1_156' title='bbox 900 1783 1078 1861; x_wconf 81' lang='lat' dir='ltr'>attingeres.</span> <span class='ocrx_word' id='word_1_157' title='bbox 1127 1780 1179 1843; x_wconf 87' lang='lat' dir='ltr'>Sic</span> <span class='ocrx_word' id='word_1_158' title='bbox 1195 1782 1273 1842; x_wconf 89' lang='lat' dir='ltr'>enim</span> <span class='ocrx_word' id='word_1_159' title='bbox 1288 1781 1469 1862; x_wconf 87' lang='lat' dir='ltr'>placidiores</span> <span class='ocrx_word' id='word_1_160' title='bbox 1489 1782 1633 1843; x_wconf 87' lang='lat' dir='ltr'>redderes</span> <span class='ocrx_word' id='word_1_161' title='bbox 1648 1783 1733 1860; x_wconf 90' lang='lat' dir='ltr'>peri-</span> 
     </span>
    </p>
   </div>
   <div class='ocr_carea' id='block_1_3' title="bbox 261 1869 1734 1953">
    <p class='ocr_par' dir='ltr' id='par_1_4' title="bbox 261 1869 1734 1953">
     <span class='ocr_line' id='line_1_18' title="bbox 261 1869 1734 1953; baseline 0.002 -25"><span class='ocrx_word' id='word_1_162' title='bbox 261 1923 264 1928; x_wconf 87' lang='lat'>.</span> <span class='ocrx_word' id='word_1_163' title='bbox 367 1873 541 1953; x_wconf 89' lang='lat' dir='ltr'>patheticos</span> <span class='ocrx_word' id='word_1_164' title='bbox 573 1878 606 1933; x_wconf 90' lang='lat' dir='ltr'>et</span> <span class='ocrx_word' id='word_1_165' title='bbox 632 1871 806 1948; x_wconf 88' lang='lat' dir='ltr'>theologos,</span> <span class='ocrx_word' id='word_1_166' title='bbox 841 1880 915 1950; x_wconf 87' lang='lat' dir='ltr'>quos</span> <span class='ocrx_word' id='word_1_167' title='bbox 937 1870 1180 1932; x_wconf 86' lang='lat' dir='ltr'>contradicturos</span> <span class='ocrx_word' id='word_1_168' title='bbox 1204 1869 1346 1931; x_wconf 87' lang='lat' dir='ltr'>metuis.“</span> <span class='ocrx_word' id='word_1_169' title='bbox 1396 1870 1446 1931; x_wconf 83' lang='lat' dir='ltr'>Ad</span> <span class='ocrx_word' id='word_1_170' title='bbox 1475 1870 1635 1931; x_wconf 87' lang='lat' dir='ltr'>Rheticum</span> <span class='ocrx_word' id='word_1_171' title='bbox 1660 1889 1734 1931; x_wconf 88' lang='lat' dir='ltr'>vero</span> 
     </span>
    </p>
   </div>
   <div class='ocr_carea' id='block_1_4' title="bbox 367 1958 1732 2039">
    <p class='ocr_par' dir='ltr' id='par_1_5' title="bbox 367 1958 1732 2039">
     <span class='ocr_line' id='line_1_19' title="bbox 367 1958 1732 2039; baseline -0.001 -17"><span class='ocrx_word' id='word_1_172' title='bbox 367 1961 473 2022; x_wconf 90' lang='lat' dir='ltr'>eodem</span> <span class='ocrx_word' id='word_1_173' title='bbox 488 1959 536 2022; x_wconf 93' lang='lat' dir='ltr'>die</span> <span class='ocrx_word' id='word_1_174' title='bbox 551 1960 595 2021; x_wconf 91' lang='lat' dir='ltr'>sic</span> <span class='ocrx_word' id='word_1_175' title='bbox 610 1959 715 2021; x_wconf 87' lang='lat' dir='ltr'>scribit</span> <span class='ocrx_word' id='word_1_176' title='bbox 730 1958 896 2021; x_wconf 88' lang='lat' dir='ltr'>Osiander:</span> <span class='ocrx_word' id='word_1_177' title='bbox 922 1959 1162 2038; x_wconf 89' lang='lat' dir='ltr'>„Peripathetici</span> <span class='ocrx_word' id='word_1_178' title='bbox 1193 1967 1225 2020; x_wconf 90' lang='lat' dir='ltr'>et</span> <span class='ocrx_word' id='word_1_179' title='bbox 1249 1958 1381 2038; x_wconf 83' lang='lat' dir='ltr'>theologi</span> <span class='ocrx_word' id='word_1_180' title='bbox 1407 1959 1496 2019; x_wconf 84' lang='lat' dir='ltr'>facile</span> <span class='ocrx_word' id='word_1_181' title='bbox 1520 1958 1732 2039; x_wconf 86' lang='lat' dir='ltr'>placabantur,</span> 
     </span>
    </p>
   </div>
   <div class='ocr_carea' id='block_1_5' title="bbox 367 2047 1824 2128">
    <p class='ocr_par' dir='ltr' id='par_1_6' title="bbox 367 2047 1824 2128">
     <span class='ocr_line' id='line_1_20' title="bbox 367 2047 1824 2128; baseline -0.001 -17"><span class='ocrx_word' id='word_1_182' title='bbox 367 2049 394 2111; x_wconf 90' lang='lat' dir='ltr'>si</span> <span class='ocrx_word' id='word_1_183' title='bbox 418 2048 584 2122; x_wconf 88' lang='lat' dir='ltr'>audierint,</span> <span class='ocrx_word' id='word_1_184' title='bbox 619 2047 754 2126; x_wconf 79' lang='lat' dir='ltr'>ejusdem</span> <span class='ocrx_word' id='word_1_185' title='bbox 784 2047 958 2127; x_wconf 87' lang='lat' dir='ltr'>apparentis</span> <span class='ocrx_word' id='word_1_186' title='bbox 981 2056 1080 2109; x_wconf 88' lang='lat' dir='ltr'>motus</span> <span class='ocrx_word' id='word_1_187' title='bbox 1103 2047 1205 2109; x_wconf 88' lang='lat' dir='ltr'>varias</span> <span class='ocrx_word' id='word_1_188' title='bbox 1232 2065 1299 2108; x_wconf 87' lang='lat' dir='ltr'>esse</span> <span class='ocrx_word' id='word_1_189' title='bbox 1330 2064 1419 2126; x_wconf 91' lang='lat' dir='ltr'>posse</span> <span class='ocrx_word' id='word_1_190' title='bbox 1444 2048 1644 2128; x_wconf 86' lang='lat' dir='ltr'>hypotheses,</span> <span class='ocrx_word' id='word_1_191' title='bbox 1678 2065 1734 2108; x_wconf 91' lang='lat' dir='ltr'>nec</span> <span class='ocrx_word' id='word_1_192' title='bbox 1823 2095 1824 2110; x_wconf 48' lang='lat' dir='ltr'>r</span> 
     </span>
    </p>
   </div>
   <div class='ocr_carea' id='block_1_6' title="bbox 303 2135 1735 2746">
    <p class='ocr_par' dir='ltr' id='par_1_7' title="bbox 303 2135 1735 2746">
     <span class='ocr_line' id='line_1_21' title="bbox 370 2135 1735 2216; baseline -0.002 -18"><span class='ocrx_word' id='word_1_193' title='bbox 370 2155 424 2198; x_wconf 90' lang='lat' dir='ltr'>eas</span> <span class='ocrx_word' id='word_1_194' title='bbox 454 2135 554 2198; x_wconf 81' lang='lat' dir='ltr'>afferri</span> <span class='ocrx_word' id='word_1_195' title='bbox 579 2135 656 2214; x_wconf 89' lang='lat' dir='ltr'>quod</span> <span class='ocrx_word' id='word_1_196' title='bbox 682 2143 764 2196; x_wconf 88' lang='lat' dir='ltr'>certo</span> <span class='ocrx_word' id='word_1_197' title='bbox 786 2136 832 2196; x_wconf 88' lang='lat' dir='ltr'>ita</span> <span class='ocrx_word' id='word_1_198' title='bbox 855 2137 932 2208; x_wconf 89' lang='lat' dir='ltr'>sint,</span> <span class='ocrx_word' id='word_1_199' title='bbox 957 2136 1010 2196; x_wconf 88' lang='lat' dir='ltr'>sed</span> <span class='ocrx_word' id='word_1_200' title='bbox 1039 2137 1117 2216; x_wconf 93' lang='lat' dir='ltr'>quod</span> <span class='ocrx_word' id='word_1_201' title='bbox 1141 2135 1287 2197; x_wconf 92' lang='lat' dir='ltr'>calculum</span> <span class='ocrx_word' id='word_1_202' title='bbox 1312 2136 1488 2214; x_wconf 88' lang='lat' dir='ltr'>apparentis</span> <span class='ocrx_word' id='word_1_203' title='bbox 1518 2143 1550 2195; x_wconf 91' lang='lat' dir='ltr'>et</span> <span class='ocrx_word' id='word_1_204' title='bbox 1573 2136 1735 2214; x_wconf 89' lang='lat' dir='ltr'>compositi</span> 
     </span>
     <span class='ocr_line' id='line_1_22' title="bbox 368 2223 1733 2305; baseline -0.002 -18"><span class='ocrx_word' id='word_1_205' title='bbox 368 2231 469 2287; x_wconf 88' lang='lat' dir='ltr'>motus</span> <span class='ocrx_word' id='word_1_206' title='bbox 492 2241 582 2304; x_wconf 88' lang='lat' dir='ltr'>quarn</span> <span class='ocrx_word' id='word_1_207' title='bbox 606 2223 846 2285; x_wconf 85' lang='lat' dir='ltr'>commodissime</span> <span class='ocrx_word' id='word_1_208' title='bbox 870 2224 1025 2304; x_wconf 84' lang='lat' dir='ltr'>gubernet,</span> <span class='ocrx_word' id='word_1_209' title='bbox 1050 2233 1083 2286; x_wconf 89' lang='lat' dir='ltr'>et</span> <span class='ocrx_word' id='word_1_210' title='bbox 1105 2224 1167 2286; x_wconf 87' lang='lat' dir='ltr'>fieri</span> <span class='ocrx_word' id='word_1_211' title='bbox 1190 2241 1289 2304; x_wconf 85' lang='lat' dir='ltr'>posse,</span> <span class='ocrx_word' id='word_1_212' title='bbox 1315 2231 1349 2286; x_wconf 93' lang='lat' dir='ltr'>ut</span> <span class='ocrx_word' id='word_1_213' title='bbox 1363 2225 1441 2286; x_wconf 91' lang='lat' dir='ltr'>alius</span> <span class='ocrx_word' id='word_1_214' title='bbox 1457 2224 1521 2305; x_wconf 91' lang='lat' dir='ltr'>quis</span> <span class='ocrx_word' id='word_1_215' title='bbox 1536 2224 1614 2285; x_wconf 87' lang='lat' dir='ltr'>alias</span> <span class='ocrx_word' id='word_1_216' title='bbox 1633 2224 1733 2305; x_wconf 82' lang='lat' dir='ltr'>hypo-</span> 
     </span>
     <span class='ocr_line' id='line_1_23' title="bbox 368 2310 1734 2392; baseline -0.002 -17"><span class='ocrx_word' id='word_1_217' title='bbox 368 2313 473 2375; x_wconf 89' lang='lat' dir='ltr'>theses</span> <span class='ocrx_word' id='word_1_218' title='bbox 497 2310 665 2391; x_wconf 82' lang='lat' dir='ltr'>excogitet3</span> <span class='ocrx_word' id='word_1_219' title='bbox 690 2319 721 2372; x_wconf 91' lang='lat' dir='ltr'>ct</span> <span class='ocrx_word' id='word_1_220' title='bbox 743 2311 891 2390; x_wconf 79' lang='lat' dir='ltr'>imagines</span> <span class='ocrx_word' id='word_1_221' title='bbox 915 2313 963 2374; x_wconf 93' lang='lat' dir='ltr'>hic</span> <span class='ocrx_word' id='word_1_222' title='bbox 987 2319 1086 2392; x_wconf 86' lang='lat' dir='ltr'>aptas,</span> <span class='ocrx_word' id='word_1_223' title='bbox 1111 2313 1161 2375; x_wconf 91' lang='lat' dir='ltr'>ille</span> <span class='ocrx_word' id='word_1_224' title='bbox 1186 2313 1333 2392; x_wconf 86' lang='lat' dir='ltr'>aptiores,</span> <span class='ocrx_word' id='word_1_225' title='bbox 1359 2312 1486 2374; x_wconf 87' lang='lat' dir='ltr'>eandem</span> <span class='ocrx_word' id='word_1_226' title='bbox 1510 2321 1611 2374; x_wconf 88' lang='lat' dir='ltr'>tamen</span> <span class='ocrx_word' id='word_1_227' title='bbox 1630 2321 1734 2374; x_wconf 86' lang='lat' dir='ltr'>motus</span> 
     </span>
     <span class='ocr_line' id='line_1_24' title="bbox 369 2399 1732 2481; baseline -0.001 -19"><span class='ocrx_word' id='word_1_228' title='bbox 369 2399 581 2481; x_wconf 88' lang='lat' dir='ltr'>apparentiam</span> <span class='ocrx_word' id='word_1_229' title='bbox 610 2405 787 2474; x_wconf 86' lang='lat' dir='ltr'>causantes,</span> <span class='ocrx_word' id='word_1_230' title='bbox 820 2420 854 2461; x_wconf 91' lang='lat' dir='ltr'>ac</span> <span class='ocrx_word' id='word_1_231' title='bbox 878 2419 946 2462; x_wconf 90' lang='lat' dir='ltr'>esse</span> <span class='ocrx_word' id='word_1_232' title='bbox 974 2401 1131 2480; x_wconf 89' lang='lat' dir='ltr'>unicuique</span> <span class='ocrx_word' id='word_1_233' title='bbox 1163 2401 1301 2476; x_wconf 90' lang='lat' dir='ltr'>liberum,</span> <span class='ocrx_word' id='word_1_234' title='bbox 1335 2399 1394 2462; x_wconf 91' lang='lat' dir='ltr'>imo</span> <span class='ocrx_word' id='word_1_235' title='bbox 1417 2401 1672 2481; x_wconf 85' lang='lat' dir='ltr'>gratificaturum,</span> <span class='ocrx_word' id='word_1_236' title='bbox 1707 2402 1732 2462; x_wconf 86' lang='lat' dir='ltr'>si</span> 
     </span>
     <span class='ocr_line' id='line_1_25' title="bbox 370 2487 1734 2569; baseline 0 -19"><span class='ocrx_word' id='word_1_237' title='bbox 370 2487 588 2551; x_wconf 89' lang='lat' dir='ltr'>commodiores</span> <span class='ocrx_word' id='word_1_238' title='bbox 616 2489 784 2567; x_wconf 88' lang='lat' dir='ltr'>excogitet;</span> <span class='ocrx_word' id='word_1_239' title='bbox 815 2489 860 2549; x_wconf 87' lang='lat' dir='ltr'>ita</span> <span class='ocrx_word' id='word_1_240' title='bbox 883 2508 903 2549; x_wconf 89' lang='lat' dir='ltr'>a</span> <span class='ocrx_word' id='word_1_241' title='bbox 924 2489 1095 2551; x_wconf 89' lang='lat' dir='ltr'>vindicandi</span> <span class='ocrx_word' id='word_1_242' title='bbox 1111 2489 1285 2551; x_wconf 73' lang='lat' dir='ltr'>&#39;severitate</span> <span class='ocrx_word' id='word_1_243' title='bbox 1314 2489 1353 2550; x_wconf 91' lang='lat' dir='ltr'>ad</span> <span class='ocrx_word' id='word_1_244' title='bbox 1377 2490 1550 2569; x_wconf 91' lang='lat' dir='ltr'>exquirendi</span> <span class='ocrx_word' id='word_1_245' title='bbox 1573 2489 1734 2551; x_wconf 85' lang='lat' dir='ltr'>illecebras</span> 
     </span>
     <span class='ocr_line' id='line_1_26' title="bbox 368 2577 1734 2663; baseline -0.001 -24"><span class='ocrx_word' id='word_1_246' title='bbox 368 2577 490 2639; x_wconf 88' lang='lat' dir='ltr'>avocati</span> <span class='ocrx_word' id='word_1_247' title='bbox 523 2595 558 2638; x_wconf 87' lang='lat' dir='ltr'>ac</span> <span class='ocrx_word' id='word_1_248' title='bbox 581 2577 737 2656; x_wconf 89' lang='lat' dir='ltr'>provocati</span> <span class='ocrx_word' id='word_1_249' title='bbox 760 2577 887 2658; x_wconf 91' lang='lat' dir='ltr'>primum</span> <span class='ocrx_word' id='word_1_250' title='bbox 910 2577 1082 2657; x_wconf 88' lang='lat' dir='ltr'>aequiores,</span> <span class='ocrx_word' id='word_1_251' title='bbox 1123 2585 1187 2639; x_wconf 88' lang='lat' dir='ltr'>tum</span> <span class='ocrx_word' id='word_1_252' title='bbox 1213 2578 1326 2640; x_wconf 82' lang='lat' dir='ltr'>frustra</span> <span class='ocrx_word' id='word_1_253' title='bbox 1350 2585 1528 2663; x_wconf 81' lang='lat' dir='ltr'>quaerentes</span> <span class='ocrx_word' id='word_1_254' title='bbox 1552 2578 1681 2657; x_wconf 88' lang='lat' dir='ltr'>pedibus</span> <span class='ocrx_word' id='word_1_255' title='bbox 1706 2581 1734 2638; x_wconf 94' lang='lat' dir='ltr'>in</span> 
     </span>
     <span class='ocr_line' id='line_1_27' title="bbox 303 2663 1734 2746; baseline -0.001 -18"><span class='ocrx_word' id='word_1_256' title='bbox 303 2725 307 2734; x_wconf 76' lang='grc'><strong>,</strong></span> <span class='ocrx_word' id='word_1_257' title='bbox 368 2663 500 2734; x_wconf 79' lang='lat' dir='ltr'>aucturis</span> <span class='ocrx_word' id='word_1_258' title='bbox 525 2665 706 2727; x_wconf 90' lang='lat' dir='ltr'>sententiam</span> <span class='ocrx_word' id='word_1_259' title='bbox 729 2664 849 2727; x_wconf 88' lang='lat' dir='ltr'>ibunt.“</span> <span class='ocrx_word' id='word_1_260' title='bbox 894 2665 950 2728; x_wconf 90' lang='lat' dir='ltr'>His</span> <span class='ocrx_word' id='word_1_261' title='bbox 980 2667 1112 2728; x_wconf 88' lang='lat' dir='ltr'>auctoris</span> <span class='ocrx_word' id='word_1_262' title='bbox 1136 2666 1245 2740; x_wconf 87' lang='lat' dir='ltr'>verbis,</span> <span class='ocrx_word' id='word_1_263' title='bbox 1270 2675 1391 2745; x_wconf 89' lang='lat' dir='ltr'>praeter</span> <span class='ocrx_word' id='word_1_264' title='bbox 1414 2675 1480 2727; x_wconf 89' lang='lat' dir='ltr'>eam</span> <span class='ocrx_word' id='word_1_265' title='bbox 1504 2685 1592 2746; x_wconf 88' lang='lat' dir='ltr'>quam</span> <span class='ocrx_word' id='word_1_266' title='bbox 1616 2667 1680 2728; x_wconf 85' lang='lat' dir='ltr'>dixi</span> <span class='ocrx_word' id='word_1_267' title='bbox 1703 2667 1734 2727; x_wconf 92' lang='lat' dir='ltr'>in</span> 
     </span>
    </p>
   </div>
   <div class='ocr_carea' id='block_1_7' title="bbox 265 2753 1735 2835">
    <p class='ocr_par' dir='ltr' id='par_1_8' title="bbox 265 2753 1735 2835">
     <span class='ocr_line' id='line_1_28' title="bbox 265 2753 1735 2835; baseline -0.001 -19"><span class='ocrx_word' id='word_1_268' title='bbox 265 2755 269 2766; x_wconf 80' lang='grc'><em>’</em></span> <span class='ocrx_word' id='word_1_269' title='bbox 366 2753 557 2834; x_wconf 78' lang='lat' dir='ltr'>praefatione</span> <span class='ocrx_word' id='word_1_270' title='bbox 580 2762 755 2832; x_wconf 89' lang='lat' dir='ltr'>usurpatam</span> <span class='ocrx_word' id='word_1_271' title='bbox 779 2754 999 2816; x_wconf 89' lang='lat' dir='ltr'>simulationem</span> <span class='ocrx_word' id='word_1_272' title='bbox 1026 2754 1190 2817; x_wconf 85' lang='lat' dir='ltr'>manifesta</span> <span class='ocrx_word' id='word_1_273' title='bbox 1220 2773 1336 2835; x_wconf 90' lang='lat' dir='ltr'>quoque</span> <span class='ocrx_word' id='word_1_274' title='bbox 1367 2761 1496 2834; x_wconf 88' lang='lat' dir='ltr'>apparet</span> <span class='ocrx_word' id='word_1_275' title='bbox 1523 2756 1735 2834; x_wconf 73' lang='lat' dir='ltr'>aequivocatio</span> 
     </span>
    </p>
   </div>
   <div class='ocr_carea' id='block_1_8' title="bbox 367 2841 1736 3014">
    <p class='ocr_par' dir='ltr' id='par_1_9' title="bbox 367 2841 1736 3014">
     <span class='ocr_line' id='line_1_29' title="bbox 367 2841 1736 2924; baseline 0.004 -24"><span class='ocrx_word' id='word_1_276' title='bbox 367 2843 451 2904; x_wconf 83' lang='lat' dir='ltr'>vocis</span> <span class='ocrx_word' id='word_1_277' title='bbox 484 2841 671 2924; x_wconf 87' lang='lat' dir='ltr'>hypothesis.</span> <span class='ocrx_word' id='word_1_278' title='bbox 720 2841 819 2920; x_wconf 90' lang='lat' dir='ltr'>Supra</span> <span class='ocrx_word' id='word_1_279' title='bbox 842 2860 969 2923; x_wconf 89' lang='lat' dir='ltr'>namque</span> <span class='ocrx_word' id='word_1_280' title='bbox 993 2842 1123 2917; x_wconf 90' lang='lat' dir='ltr'>dictum,</span> <span class='ocrx_word' id='word_1_281' title='bbox 1149 2845 1295 2922; x_wconf 88' lang='lat' dir='ltr'>quasdam</span> <span class='ocrx_word' id='word_1_282' title='bbox 1322 2861 1390 2904; x_wconf 89' lang='lat' dir='ltr'>esse</span> <span class='ocrx_word' id='word_1_283' title='bbox 1415 2844 1501 2922; x_wconf 90' lang='lat' dir='ltr'>quasi</span> <span class='ocrx_word' id='word_1_284' title='bbox 1524 2843 1629 2905; x_wconf 91' lang='lat' dir='ltr'>minuti</span> <span class='ocrx_word' id='word_1_285' title='bbox 1656 2845 1736 2906; x_wconf 88' lang='lat' dir='ltr'>aeris</span> 
     </span>
     <span class='ocr_line' id='line_1_30' title="bbox 367 2929 1735 3014; baseline 0 -22"><span class='ocrx_word' id='word_1_286' title='bbox 367 2932 566 3014; x_wconf 89' lang='lat' dir='ltr'>hypotheses,</span> <span class='ocrx_word' id='word_1_287' title='bbox 591 2931 643 2990; x_wconf 87' lang='lat' dir='ltr'>vix</span> <span class='ocrx_word' id='word_1_288' title='bbox 671 2929 779 3008; x_wconf 90' lang='lat' dir='ltr'>dignas</span> <span class='ocrx_word' id='word_1_289' title='bbox 802 2930 859 2991; x_wconf 91' lang='lat' dir='ltr'>hoc</span> <span class='ocrx_word' id='word_1_290' title='bbox 893 2930 1025 3005; x_wconf 88' lang='lat' dir='ltr'>nomine,</span> <span class='ocrx_word' id='word_1_291' title='bbox 1060 2931 1206 3011; x_wconf 92' lang='lat' dir='ltr'>quasdam</span> <span class='ocrx_word' id='word_1_292' title='bbox 1236 2931 1340 3011; x_wconf 89' lang='lat' dir='ltr'>justas</span> <span class='ocrx_word' id='word_1_293' title='bbox 1364 2938 1394 2992; x_wconf 88' lang='lat' dir='ltr'>et</span> <span class='ocrx_word' id='word_1_294' title='bbox 1416 2950 1486 2992; x_wconf 87' lang='lat' dir='ltr'>vere</span> <span class='ocrx_word' id='word_1_295' title='bbox 1511 2933 1735 2993; x_wconf 88' lang='lat' dir='ltr'>astronomicas</span> 
     </span>
    </p>
   </div>
   <div class='ocr_carea' id='block_1_9' title="bbox 235 3016 1734 3102">
    <p class='ocr_par' dir='ltr' id='par_1_10' title="bbox 235 3016 1734 3102">
     <span class='ocr_line' id='line_1_31' title="bbox 235 3016 1734 3102; baseline 0 -21"><span class='ocrx_word' id='word_1_296' title='bbox 235 3047 239 3061; x_wconf 92' lang='lat'><strong>·</strong></span> <span class='ocrx_word' id='word_1_297' title='bbox 318 3039 321 3046; x_wconf 60' lang='lat'><strong><em>¹</em></strong></span> <span class='ocrx_word' id='word_1_298' title='bbox 367 3019 563 3102; x_wconf 90' lang='lat' dir='ltr'>hypotheses.</span> <span class='ocrx_word' id='word_1_299' title='bbox 608 3019 654 3080; x_wconf 92' lang='lat' dir='ltr'>Ut</span> <span class='ocrx_word' id='word_1_300' title='bbox 676 3036 743 3079; x_wconf 91' lang='lat' dir='ltr'>oum</span> <span class='ocrx_word' id='word_1_301' title='bbox 766 3019 796 3079; x_wconf 92' lang='lat' dir='ltr'>in</span> <span class='ocrx_word' id='word_1_302' title='bbox 821 3019 956 3098; x_wconf 89' lang='lat' dir='ltr'>exemplo</span> <span class='ocrx_word' id='word_1_303' title='bbox 981 3016 1123 3081; x_wconf 89' lang='lat' dir='ltr'>Osiandri</span> <span class='ocrx_word' id='word_1_304' title='bbox 1148 3021 1381 3081; x_wconf 86' lang='lat' dir='ltr'>determinamus</span> <span class='ocrx_word' id='word_1_305' title='bbox 1405 3027 1437 3081; x_wconf 90' lang='lat' dir='ltr'>et</span> <span class='ocrx_word' id='word_1_306' title='bbox 1451 3021 1644 3082; x_wconf 88' lang='lat' dir='ltr'>enunciamus</span> <span class='ocrx_word' id='word_1_307' title='bbox 1659 3039 1734 3100; x_wconf 90' lang='lat' dir='ltr'>por-</span> 
     </span>
    </p>
   </div>
   <div class='ocr_carea' id='block_1_10' title="bbox 363 3106 1738 4782">
    <p class='ocr_par' dir='ltr' id='par_1_11' title="bbox 363 3106 1738 4782">
     <span class='ocr_line' id='line_1_32' title="bbox 365 3106 1734 3187; baseline 0 -19"><span class='ocrx_word' id='word_1_308' title='bbox 365 3108 478 3169; x_wconf 89' lang='lat' dir='ltr'>tionem</span> <span class='ocrx_word' id='word_1_309' title='bbox 501 3107 604 3168; x_wconf 89' lang='lat' dir='ltr'>circuli</span> <span class='ocrx_word' id='word_1_310' title='bbox 627 3106 798 3185; x_wconf 87' lang='lat' dir='ltr'>planetarii,</span> <span class='ocrx_word' id='word_1_311' title='bbox 823 3126 900 3187; x_wconf 90' lang='lat' dir='ltr'>quae</span> <span class='ocrx_word' id='word_1_312' title='bbox 925 3107 1019 3168; x_wconf 89' lang='lat' dir='ltr'>sitin</span> <span class='ocrx_word' id='word_1_313' title='bbox 1048 3127 1105 3169; x_wconf 92' lang='lat' dir='ltr'>uno</span> <span class='ocrx_word' id='word_1_314' title='bbox 1129 3107 1245 3169; x_wconf 83' lang='lat' dir='ltr'>zodiaci</span> <span class='ocrx_word' id='word_1_315' title='bbox 1270 3108 1472 3183; x_wconf 86' lang='lat' dir='ltr'>semicirculo,</span> <span class='ocrx_word' id='word_1_316' title='bbox 1496 3109 1588 3187; x_wconf 85' lang='lat' dir='ltr'>digna</span> <span class='ocrx_word' id='word_1_317' title='bbox 1612 3109 1734 3170; x_wconf 86' lang='lat' dir='ltr'>nomine</span> 
     </span>
     <span class='ocr_line' id='line_1_33' title="bbox 367 3190 1735 3277; baseline 0.001 -21"><span class='ocrx_word' id='word_1_318' title='bbox 367 3190 629 3277; x_wconf 63' lang='lat' dir='ltr'>hypothesium,</span> <span class='ocrx_word' id='word_1_319' title='bbox 659 3213 713 3255; x_wconf 90' lang='lat' dir='ltr'>nec</span> <span class='ocrx_word' id='word_1_320' title='bbox 737 3194 848 3256; x_wconf 88' lang='lat' dir='ltr'>variari</span> <span class='ocrx_word' id='word_1_321' title='bbox 881 3202 935 3256; x_wconf 90' lang='lat' dir='ltr'>aut</span> <span class='ocrx_word' id='word_1_322' title='bbox 958 3195 1076 3256; x_wconf 91' lang='lat' dir='ltr'>omnino</span> <span class='ocrx_word' id='word_1_323' title='bbox 1107 3197 1186 3256; x_wconf 84' lang='lat' dir='ltr'>falsa</span> <span class='ocrx_word' id='word_1_324' title='bbox 1209 3215 1276 3257; x_wconf 89' lang='lat' dir='ltr'>esse</span> <span class='ocrx_word' id='word_1_325' title='bbox 1304 3204 1418 3275; x_wconf 88' lang='lat' dir='ltr'>potest.</span> <span class='ocrx_word' id='word_1_326' title='bbox 1467 3197 1511 3258; x_wconf 82' lang='lat' dir='ltr'>Ar</span> <span class='ocrx_word' id='word_1_327' title='bbox 1534 3216 1601 3260; x_wconf 91' lang='lat' dir='ltr'>cum</span> <span class='ocrx_word' id='word_1_328' title='bbox 1626 3197 1735 3258; x_wconf 86' lang='lat' dir='ltr'>calcu-</span> 
     </span>
     <span class='ocr_line' id='line_1_34' title="bbox 367 3281 1735 3364; baseline 0.001 -19"><span class='ocrx_word' id='word_1_329' title='bbox 367 3284 428 3345; x_wconf 91' lang='lat' dir='ltr'>lum</span> <span class='ocrx_word' id='word_1_330' title='bbox 462 3298 607 3344; x_wconf 86' lang='lat' dir='ltr'>ascensus</span> <span class='ocrx_word' id='word_1_331' title='bbox 640 3289 671 3344; x_wconf 92' lang='lat' dir='ltr'>et</span> <span class='ocrx_word' id='word_1_332' title='bbox 694 3281 857 3344; x_wconf 90' lang='lat' dir='ltr'>descensus</span> <span class='ocrx_word' id='word_1_333' title='bbox 889 3284 1032 3361; x_wconf 89' lang='lat' dir='ltr'>planetae</span> <span class='ocrx_word' id='word_1_334' title='bbox 1065 3284 1095 3344; x_wconf 96' lang='lat' dir='ltr'>in</span> <span class='ocrx_word' id='word_1_335' title='bbox 1126 3283 1188 3346; x_wconf 91' lang='lat' dir='ltr'>illis</span> <span class='ocrx_word' id='word_1_336' title='bbox 1216 3285 1426 3364; x_wconf 87' lang='lat' dir='ltr'>inaequalibus</span> <span class='ocrx_word' id='word_1_337' title='bbox 1455 3285 1644 3364; x_wconf 90' lang='lat' dir='ltr'>portionibus</span> <span class='ocrx_word' id='word_1_338' title='bbox 1677 3305 1735 3346; x_wconf 89' lang='lat' dir='ltr'>ex-</span> 
     </span>
     <span class='ocr_line' id='line_1_35' title="bbox 367 3368 1738 3456; baseline 0.001 -25"><span class='ocrx_word' id='word_1_339' title='bbox 367 3371 525 3444; x_wconf 83' lang='lat' dir='ltr'>struimus,</span> <span class='ocrx_word' id='word_1_340' title='bbox 555 3387 646 3448; x_wconf 86' lang='lat' dir='ltr'>saepe</span> <span class='ocrx_word' id='word_1_341' title='bbox 673 3368 705 3431; x_wconf 94' lang='lat' dir='ltr'>id</span> <span class='ocrx_word' id='word_1_342' title='bbox 727 3371 814 3432; x_wconf 87' lang='lat' dir='ltr'>varia</span> <span class='ocrx_word' id='word_1_343' title='bbox 843 3371 938 3432; x_wconf 88' lang='lat' dir='ltr'>forma</span> <span class='ocrx_word' id='word_1_344' title='bbox 960 3379 1062 3452; x_wconf 84' lang='lat' dir='ltr'>potest</span> <span class='ocrx_word' id='word_1_345' title='bbox 1094 3373 1209 3452; x_wconf 88' lang='lat' dir='ltr'>perfici,</span> <span class='ocrx_word' id='word_1_346' title='bbox 1238 3381 1270 3434; x_wconf 92' lang='lat' dir='ltr'>et</span> <span class='ocrx_word' id='word_1_347' title='bbox 1298 3375 1482 3456; x_wconf 89' lang='lat' dir='ltr'>hypotheses</span> <span class='ocrx_word' id='word_1_348' title='bbox 1507 3373 1626 3454; x_wconf 89' lang='lat' dir='ltr'>quidem</span> <span class='ocrx_word' id='word_1_349' title='bbox 1656 3374 1738 3435; x_wconf 88' lang='lat' dir='ltr'>alias</span> 
     </span>
     <span class='ocr_line' id='line_1_36' title="bbox 367 3457 1737 3542; baseline 0.001 -22"><span class='ocrx_word' id='word_1_350' title='bbox 367 3458 406 3520; x_wconf 90' lang='lat' dir='ltr'>ad</span> <span class='ocrx_word' id='word_1_351' title='bbox 430 3457 617 3520; x_wconf 88' lang='lat' dir='ltr'>efficiendam</span> <span class='ocrx_word' id='word_1_352' title='bbox 640 3457 769 3535; x_wconf 80' lang='lat' dir='ltr'>priorem</span> <span class='ocrx_word' id='word_1_353' title='bbox 796 3459 880 3520; x_wconf 89' lang='lat' dir='ltr'>illam</span> <span class='ocrx_word' id='word_1_354' title='bbox 904 3467 936 3520; x_wconf 93' lang='lat' dir='ltr'>et</span> <span class='ocrx_word' id='word_1_355' title='bbox 959 3461 1193 3524; x_wconf 87' lang='lat' dir='ltr'>astronomicam</span> <span class='ocrx_word' id='word_1_356' title='bbox 1209 3461 1388 3542; x_wconf 86' lang='lat' dir='ltr'>hypothesin</span> <span class='ocrx_word' id='word_1_357' title='bbox 1407 3480 1614 3542; x_wconf 90' lang='lat' dir='ltr'>comparamus</span> <span class='ocrx_word' id='word_1_358' title='bbox 1639 3461 1737 3534; x_wconf 89' lang='lat' dir='ltr'>(alins</span> 
     </span>
     <span class='ocr_line' id='line_1_37' title="bbox 366 3544 1735 3632; baseline 0.002 -24"><span class='ocrx_word' id='word_1_359' title='bbox 366 3545 465 3626; x_wconf 89' lang='lat' dir='ltr'>posito</span> <span class='ocrx_word' id='word_1_360' title='bbox 490 3552 593 3607; x_wconf 87' lang='lat' dir='ltr'>centro</span> <span class='ocrx_word' id='word_1_361' title='bbox 618 3544 719 3607; x_wconf 90' lang='lat' dir='ltr'>circuli</span> <span class='ocrx_word' id='word_1_362' title='bbox 742 3547 905 3626; x_wconf 90' lang='lat' dir='ltr'>planetarii</span> <span class='ocrx_word' id='word_1_363' title='bbox 933 3565 1026 3628; x_wconf 88' lang='lat' dir='ltr'>supra</span> <span class='ocrx_word' id='word_1_364' title='bbox 1049 3557 1183 3612; x_wconf 89' lang='lat' dir='ltr'>centrum</span> <span class='ocrx_word' id='word_1_365' title='bbox 1206 3550 1318 3626; x_wconf 90' lang='lat' dir='ltr'>mundi,</span> <span class='ocrx_word' id='word_1_366' title='bbox 1344 3551 1420 3612; x_wconf 89' lang='lat' dir='ltr'>alius</span> <span class='ocrx_word' id='word_1_367' title='bbox 1445 3549 1577 3632; x_wconf 88' lang='lat' dir='ltr'>epicyolo</span> <span class='ocrx_word' id='word_1_368' title='bbox 1602 3550 1631 3610; x_wconf 92' lang='lat' dir='ltr'>in</span> <span class='ocrx_word' id='word_1_369' title='bbox 1658 3569 1735 3613; x_wconf 87' lang='lat' dir='ltr'>eon-</span> 
     </span>
     <span class='ocr_line' id='line_1_38' title="bbox 366 3633 1732 3716; baseline 0.002 -20"><span class='ocrx_word' id='word_1_370' title='bbox 366 3634 530 3696; x_wconf 88' lang='lat' dir='ltr'>centricum</span> <span class='ocrx_word' id='word_1_371' title='bbox 553 3633 700 3708; x_wconf 87' lang='lat' dir='ltr'>inserto),</span> <span class='ocrx_word' id='word_1_372' title='bbox 725 3636 779 3696; x_wconf 90' lang='lat' dir='ltr'>sed</span> <span class='ocrx_word' id='word_1_373' title='bbox 798 3654 874 3714; x_wconf 91' lang='lat' dir='ltr'>quae</span> <span class='ocrx_word' id='word_1_374' title='bbox 898 3654 957 3698; x_wconf 91' lang='lat' dir='ltr'>non</span> <span class='ocrx_word' id='word_1_375' title='bbox 981 3638 1066 3716; x_wconf 89' lang='lat' dir='ltr'>ipsae</span> <span class='ocrx_word' id='word_1_376' title='bbox 1087 3657 1142 3716; x_wconf 90' lang='lat' dir='ltr'>per</span> <span class='ocrx_word' id='word_1_377' title='bbox 1166 3658 1233 3700; x_wconf 89' lang='lat' dir='ltr'>sese</span> <span class='ocrx_word' id='word_1_378' title='bbox 1258 3640 1493 3712; x_wconf 88' lang='lat' dir='ltr'>astronomicae,</span> <span class='ocrx_word' id='word_1_379' title='bbox 1525 3657 1628 3700; x_wconf 87' lang='lat' dir='ltr'>verum</span> <span class='ocrx_word' id='word_1_380' title='bbox 1653 3657 1732 3716; x_wconf 86' lang='lat' dir='ltr'>geo-</span> 
     </span>
     <span class='ocr_line' id='line_1_39' title="bbox 366 3720 1733 3806; baseline 0.005 -25"><span class='ocrx_word' id='word_1_381' title='bbox 366 3720 511 3783; x_wconf 90' lang='lat' dir='ltr'>metricae</span> <span class='ocrx_word' id='word_1_382' title='bbox 533 3721 636 3799; x_wconf 91' lang='lat' dir='ltr'>potius</span> <span class='ocrx_word' id='word_1_383' title='bbox 660 3721 843 3802; x_wconf 86' lang='lat' dir='ltr'>hypotheses</span> <span class='ocrx_word' id='word_1_384' title='bbox 868 3735 948 3787; x_wconf 88' lang='lat' dir='ltr'>sunt.</span> <span class='ocrx_word' id='word_1_385' title='bbox 996 3727 1045 3788; x_wconf 90' lang='lat' dir='ltr'>lta</span> <span class='ocrx_word' id='word_1_386' title='bbox 1069 3727 1095 3786; x_wconf 89' lang='lat' dir='ltr'>si</span> <span class='ocrx_word' id='word_1_387' title='bbox 1119 3729 1185 3806; x_wconf 90' lang='lat' dir='ltr'>quis</span> <span class='ocrx_word' id='word_1_388' title='bbox 1206 3735 1394 3789; x_wconf 88' lang='lat' dir='ltr'>astronomus</span> <span class='ocrx_word' id='word_1_389' title='bbox 1410 3728 1502 3800; x_wconf 87' lang='lat' dir='ltr'>dicat,</span> <span class='ocrx_word' id='word_1_390' title='bbox 1526 3727 1607 3789; x_wconf 91' lang='lat' dir='ltr'>viam</span> <span class='ocrx_word' id='word_1_391' title='bbox 1623 3728 1733 3789; x_wconf 89' lang='lat' dir='ltr'>Lunae</span> 
     </span>
     <span class='ocr_line' id='line_1_40' title="bbox 366 3809 1733 3895; baseline 0.004 -23"><span class='ocrx_word' id='word_1_392' title='bbox 366 3809 485 3872; x_wconf 84' lang='lat' dir='ltr'>evalem</span> <span class='ocrx_word' id='word_1_393' title='bbox 509 3809 675 3887; x_wconf 80' lang='lat' dir='ltr'>exprimere</span> <span class='ocrx_word' id='word_1_394' title='bbox 700 3811 836 3887; x_wconf 85' lang='lat' dir='ltr'>formam,</span> <span class='ocrx_word' id='word_1_395' title='bbox 860 3813 1038 3893; x_wconf 88' lang='lat' dir='ltr'>hypothesis</span> <span class='ocrx_word' id='word_1_396' title='bbox 1063 3823 1111 3876; x_wconf 89' lang='lat' dir='ltr'>est</span> <span class='ocrx_word' id='word_1_397' title='bbox 1126 3815 1344 3889; x_wconf 89' lang='lat' dir='ltr'>astronomica;</span> <span class='ocrx_word' id='word_1_398' title='bbox 1369 3815 1596 3890; x_wconf 80' lang='lat' dir='ltr'>sumostendit,</span> <span class='ocrx_word' id='word_1_399' title='bbox 1621 3817 1733 3895; x_wconf 91' lang='lat' dir='ltr'>quihus</span> 
     </span>
     <span class='ocr_line' id='line_1_41' title="bbox 366 3897 1732 3985; baseline 0.006 -27"><span class='ocrx_word' id='word_1_400' title='bbox 366 3897 485 3958; x_wconf 90' lang='lat' dir='ltr'>circulis</span> <span class='ocrx_word' id='word_1_401' title='bbox 513 3897 682 3977; x_wconf 88' lang='lat' dir='ltr'>hujusmodi</span> <span class='ocrx_word' id='word_1_402' title='bbox 715 3900 811 3961; x_wconf 89' lang='lat' dir='ltr'>ovalis</span> <span class='ocrx_word' id='word_1_403' title='bbox 841 3901 938 3980; x_wconf 88' lang='lat' dir='ltr'>figura</span> <span class='ocrx_word' id='word_1_404' title='bbox 960 3902 1065 3964; x_wconf 88' lang='lat' dir='ltr'>confici</span> <span class='ocrx_word' id='word_1_405' title='bbox 1091 3905 1202 3984; x_wconf 90' lang='lat' dir='ltr'>possit,</span> <span class='ocrx_word' id='word_1_406' title='bbox 1237 3904 1455 3985; x_wconf 88' lang='lat' dir='ltr'>hypothesibus</span> <span class='ocrx_word' id='word_1_407' title='bbox 1484 3905 1578 3966; x_wconf 90' lang='lat' dir='ltr'>utitur</span> <span class='ocrx_word' id='word_1_408' title='bbox 1603 3923 1732 3984; x_wconf 83' lang='lat' dir='ltr'>geome-</span> 
     </span>
     <span class='ocr_line' id='line_1_42' title="bbox 365 3985 1731 4074; baseline 0.005 -28"><span class='ocrx_word' id='word_1_409' title='bbox 365 3985 460 4047; x_wconf 86' lang='lat' dir='ltr'>tricis.</span> <span class='ocrx_word' id='word_1_410' title='bbox 506 3985 549 4048; x_wconf 83' lang='lat' dir='ltr'>Et</span> <span class='ocrx_word' id='word_1_411' title='bbox 562 3985 764 4064; x_wconf 89' lang='lat' dir='ltr'>Ptolemaeus,</span> <span class='ocrx_word' id='word_1_412' title='bbox 790 4008 856 4050; x_wconf 91' lang='lat' dir='ltr'>cum</span> <span class='ocrx_word' id='word_1_413' title='bbox 880 3991 995 4052; x_wconf 87' lang='lat' dir='ltr'>diceret</span> <span class='ocrx_word' id='word_1_414' title='bbox 1017 3992 1208 4070; x_wconf 89' lang='lat' dir='ltr'>planetarum</span> <span class='ocrx_word' id='word_1_415' title='bbox 1222 4001 1320 4054; x_wconf 89' lang='lat' dir='ltr'>motus</span> <span class='ocrx_word' id='word_1_416' title='bbox 1344 3993 1373 4054; x_wconf 91' lang='lat' dir='ltr'>in</span> <span class='ocrx_word' id='word_1_417' title='bbox 1390 4011 1524 4074; x_wconf 87' lang='lat' dir='ltr'>apogaeo</span> <span class='ocrx_word' id='word_1_418' title='bbox 1549 3993 1731 4067; x_wconf 86' lang='lat' dir='ltr'>lentescere,</span> 
     </span>
     <span class='ocr_line' id='line_1_43' title="bbox 366 4073 1732 4161; baseline 0.008 -26"><span class='ocrx_word' id='word_1_419' title='bbox 366 4073 560 4153; x_wconf 89' lang='lat' dir='ltr'>inperigaeo</span> <span class='ocrx_word' id='word_1_420' title='bbox 590 4077 770 4149; x_wconf 89' lang='lat' dir='ltr'>accelerari,</span> <span class='ocrx_word' id='word_1_421' title='bbox 803 4078 984 4158; x_wconf 89' lang='lat' dir='ltr'>hypothesin</span> <span class='ocrx_word' id='word_1_422' title='bbox 1016 4080 1090 4142; x_wconf 84' lang='lat' dir='ltr'>iecit</span> <span class='ocrx_word' id='word_1_423' title='bbox 1113 4080 1361 4152; x_wconf 89' lang='lat' dir='ltr'>astronomicam,</span> <span class='ocrx_word' id='word_1_424' title='bbox 1395 4101 1462 4144; x_wconf 93' lang='lat' dir='ltr'>cum</span> <span class='ocrx_word' id='word_1_425' title='bbox 1485 4101 1556 4143; x_wconf 89' lang='lat' dir='ltr'>vero</span> <span class='ocrx_word' id='word_1_426' title='bbox 1585 4090 1732 4161; x_wconf 92' lang='lat' dir='ltr'>punctum</span> 
     </span>
     <span class='ocr_line' id='line_1_44' title="bbox 365 4162 1733 4246; baseline 0.009 -24"><span class='ocrx_word' id='word_1_427' title='bbox 365 4163 561 4242; x_wconf 86' lang='lat' dir='ltr'>aequalitatis</span> <span class='ocrx_word' id='word_1_428' title='bbox 590 4162 767 4239; x_wconf 91' lang='lat' dir='ltr'>introducit,</span> <span class='ocrx_word' id='word_1_429' title='bbox 801 4165 830 4226; x_wconf 94' lang='lat' dir='ltr'>id</span> <span class='ocrx_word' id='word_1_430' title='bbox 854 4174 888 4227; x_wconf 93' lang='lat' dir='ltr'>ut</span> <span class='ocrx_word' id='word_1_431' title='bbox 910 4175 1066 4246; x_wconf 81' lang='lat' dir='ltr'>geometra</span> <span class='ocrx_word' id='word_1_432' title='bbox 1095 4169 1183 4241; x_wconf 84' lang='lat' dir='ltr'>facit,</span> <span class='ocrx_word' id='word_1_433' title='bbox 1218 4170 1325 4231; x_wconf 89' lang='lat' dir='ltr'>calculi</span> <span class='ocrx_word' id='word_1_434' title='bbox 1350 4190 1463 4245; x_wconf 89' lang='lat' dir='ltr'>causa,</span> <span class='ocrx_word' id='word_1_435' title='bbox 1498 4178 1530 4231; x_wconf 92' lang='lat' dir='ltr'>ut</span> <span class='ocrx_word' id='word_1_436' title='bbox 1558 4171 1638 4232; x_wconf 90' lang='lat' dir='ltr'>ratio</span> <span class='ocrx_word' id='word_1_437' title='bbox 1663 4172 1733 4234; x_wconf 89' lang='lat' dir='ltr'>iniri</span> 
     </span>
     <span class='ocr_line' id='line_1_45' title="bbox 364 4251 1730 4339; baseline 0.009 -29"><span class='ocrx_word' id='word_1_438' title='bbox 364 4251 477 4330; x_wconf 88' lang='lat' dir='ltr'>possit,</span> <span class='ocrx_word' id='word_1_439' title='bbox 511 4258 654 4330; x_wconf 87' lang='lat' dir='ltr'>quantum</span> <span class='ocrx_word' id='word_1_440' title='bbox 688 4253 839 4314; x_wconf 89' lang='lat' dir='ltr'>lentescat</span> <span class='ocrx_word' id='word_1_441' title='bbox 870 4254 920 4315; x_wconf 89' lang='lat' dir='ltr'>ille</span> <span class='ocrx_word' id='word_1_442' title='bbox 950 4256 1091 4335; x_wconf 90' lang='lat' dir='ltr'>planetae</span> <span class='ocrx_word' id='word_1_443' title='bbox 1124 4268 1223 4319; x_wconf 90' lang='lat' dir='ltr'>motus</span> <span class='ocrx_word' id='word_1_444' title='bbox 1253 4259 1359 4338; x_wconf 91' lang='lat' dir='ltr'>quovis</span> <span class='ocrx_word' id='word_1_445' title='bbox 1391 4267 1543 4320; x_wconf 90' lang='lat' dir='ltr'>momento</span> <span class='ocrx_word' id='word_1_446' title='bbox 1572 4261 1730 4339; x_wconf 88' lang='lat' dir='ltr'>temporis.</span> 
     </span>
     <span class='ocr_line' id='line_1_46' title="bbox 363 4335 1733 4428; baseline 0.006 -27"><span class='ocrx_word' id='word_1_447' title='bbox 363 4335 450 4401; x_wconf 84' lang='lat' dir='ltr'>Hanc</span> <span class='ocrx_word' id='word_1_448' title='bbox 483 4339 694 4420; x_wconf 91' lang='lat' dir='ltr'>hypothesium</span> <span class='ocrx_word' id='word_1_449' title='bbox 723 4340 932 4404; x_wconf 81' lang='lat' dir='ltr'>diversitatem</span> <span class='ocrx_word' id='word_1_450' title='bbox 965 4363 1052 4405; x_wconf 91' lang='lat' dir='ltr'>nemo</span> <span class='ocrx_word' id='word_1_451' title='bbox 1082 4346 1292 4408; x_wconf 89' lang='lat' dir='ltr'>consideratus</span> <span class='ocrx_word' id='word_1_452' title='bbox 1325 4356 1374 4408; x_wconf 91' lang='lat' dir='ltr'>est</span> <span class='ocrx_word' id='word_1_453' title='bbox 1407 4347 1458 4428; x_wconf 93' lang='lat' dir='ltr'>qni</span> <span class='ocrx_word' id='word_1_454' title='bbox 1489 4365 1546 4408; x_wconf 91' lang='lat' dir='ltr'>non</span> <span class='ocrx_word' id='word_1_455' title='bbox 1583 4357 1733 4426; x_wconf 84' lang='lat' dir='ltr'>agnoscat</span> 
     </span>
     <span class='ocr_line' id='line_1_47' title="bbox 364 4427 1732 4515; baseline 0.006 -25"><span class='ocrx_word' id='word_1_456' title='bbox 364 4427 560 4507; x_wconf 85' lang='lat' dir='ltr'>manibusque</span> <span class='ocrx_word' id='word_1_457' title='bbox 583 4427 699 4506; x_wconf 91' lang='lat' dir='ltr'>palpet.</span> <span class='ocrx_word' id='word_1_458' title='bbox 745 4429 791 4490; x_wconf 88' lang='lat' dir='ltr'>At</span> <span class='ocrx_word' id='word_1_459' title='bbox 813 4447 885 4490; x_wconf 88' lang='lat' dir='ltr'>vero</span> <span class='ocrx_word' id='word_1_460' title='bbox 910 4429 1062 4494; x_wconf 87' lang='lat' dir='ltr'>Osiauder</span> <span class='ocrx_word' id='word_1_461' title='bbox 1086 4433 1285 4514; x_wconf 89' lang='lat' dir='ltr'>Copernicum</span> <span class='ocrx_word' id='word_1_462' title='bbox 1310 4435 1357 4496; x_wconf 92' lang='lat' dir='ltr'>vel</span> <span class='ocrx_word' id='word_1_463' title='bbox 1382 4435 1484 4514; x_wconf 90' lang='lat' dir='ltr'>potius</span> <span class='ocrx_word' id='word_1_464' title='bbox 1508 4437 1574 4515; x_wconf 88' lang='lat' dir='ltr'>ejus</span> <span class='ocrx_word' id='word_1_465' title='bbox 1599 4436 1732 4498; x_wconf 86' lang='lat' dir='ltr'>lec-tores</span> 
     </span>
     <span class='ocr_line' id='line_1_48' title="bbox 365 4513 1731 4605; baseline 0.007 -28"><span class='ocrx_word' id='word_1_466' title='bbox 365 4515 612 4596; x_wconf 84' lang='lat' dir='ltr'>aequivocatione</span> <span class='ocrx_word' id='word_1_467' title='bbox 643 4513 813 4578; x_wconf 88' lang='lat' dir='ltr'>ludificatus</span> <span class='ocrx_word' id='word_1_468' title='bbox 837 4525 900 4594; x_wconf 89' lang='lat' dir='ltr'>est,</span> <span class='ocrx_word' id='word_1_469' title='bbox 935 4535 987 4596; x_wconf 81' lang='lat' dir='ltr'>ea,</span> <span class='ocrx_word' id='word_1_470' title='bbox 1022 4541 1098 4601; x_wconf 87' lang='lat' dir='ltr'>quae</span> <span class='ocrx_word' id='word_1_471' title='bbox 1131 4525 1161 4584; x_wconf 93' lang='lat' dir='ltr'>in</span> <span class='ocrx_word' id='word_1_472' title='bbox 1192 4523 1384 4603; x_wconf 84' lang='lat' dir='ltr'>geometricis</span> <span class='ocrx_word' id='word_1_473' title='bbox 1413 4523 1634 4605; x_wconf 89' lang='lat' dir='ltr'>hypothesibus</span> <span class='ocrx_word' id='word_1_474' title='bbox 1658 4545 1731 4586; x_wconf 88' lang='lat' dir='ltr'>vera</span> 
     </span>
     <span class='ocr_line' id='line_1_49' title="bbox 364 4604 1692 4692; baseline 0.008 -26"><span class='ocrx_word' id='word_1_475' title='bbox 364 4611 443 4680; x_wconf 83' lang='lat' dir='ltr'>sunt,</span> <span class='ocrx_word' id='word_1_476' title='bbox 469 4604 507 4665; x_wconf 89' lang='lat' dir='ltr'>ad</span> <span class='ocrx_word' id='word_1_477' title='bbox 532 4605 750 4665; x_wconf 73' lang='lat' dir='ltr'>astronomicas</span> <span class='ocrx_word' id='word_1_478' title='bbox 773 4607 970 4682; x_wconf 86' lang='lat' dir='ltr'>transferens,</span> <span class='ocrx_word' id='word_1_479' title='bbox 996 4629 1062 4672; x_wconf 91' lang='lat' dir='ltr'>cum</span> <span class='ocrx_word' id='word_1_480' title='bbox 1087 4611 1295 4674; x_wconf 87' lang='lat' dir='ltr'>diversissima</span> <span class='ocrx_word' id='word_1_481' title='bbox 1318 4612 1360 4673; x_wconf 91' lang='lat' dir='ltr'>sit</span> <span class='ocrx_word' id='word_1_482' title='bbox 1381 4621 1576 4692; x_wconf 87' lang='lat' dir='ltr'>utrammque</span> <span class='ocrx_word' id='word_1_483' title='bbox 1602 4613 1692 4676; x_wconf 89' lang='lat' dir='ltr'>ratio.</span> 
     </span>
     <span class='ocr_line' id='line_1_50' title="bbox 454 4691 1731 4782; baseline 0.004 -27"><span class='ocrx_word' id='word_1_484' title='bbox 454 4691 591 4766; x_wconf 88' lang='lat' dir='ltr'>Summa,</span> <span class='ocrx_word' id='word_1_485' title='bbox 627 4693 686 4753; x_wconf 86' lang='lat' dir='ltr'>tria</span> <span class='ocrx_word' id='word_1_486' title='bbox 710 4700 780 4754; x_wconf 89' lang='lat' dir='ltr'>sunt</span> <span class='ocrx_word' id='word_1_487' title='bbox 802 4693 832 4754; x_wconf 88' lang='lat' dir='ltr'>in</span> <span class='ocrx_word' id='word_1_488' title='bbox 853 4697 1055 4759; x_wconf 86' lang='lat' dir='ltr'>astronomia:</span> <span class='ocrx_word' id='word_1_489' title='bbox 1090 4700 1273 4781; x_wconf 88' lang='lat' dir='ltr'>hypotheses</span> <span class='ocrx_word' id='word_1_490' title='bbox 1297 4702 1512 4780; x_wconf 87' lang='lat' dir='ltr'>geometricae,</span> <span class='ocrx_word' id='word_1_491' title='bbox 1544 4701 1731 4782; x_wconf 87' lang='lat' dir='ltr'>hypotheses</span> 
     </span>
    </p>
   </div>
   <div class='ocr_carea' id='block_1_11' title="bbox 366 4780 1729 4873">
    <p class='ocr_par' dir='ltr' id='par_1_12' title="bbox 366 4780 1729 4873">
     <span class='ocr_line' id='line_1_51' title="bbox 366 4780 1729 4873; baseline 0.006 -29"><span class='ocrx_word' id='word_1_492' title='bbox 366 4781 584 4845; x_wconf 86' lang='lat' dir='ltr'>astronomicae</span> <span class='ocrx_word' id='word_1_493' title='bbox 610 4789 641 4842; x_wconf 94' lang='lat' dir='ltr'>et</span> <span class='ocrx_word' id='word_1_494' title='bbox 665 4780 722 4864; x_wconf 80' lang='lat' dir='ltr'>ipsi</span> <span class='ocrx_word' id='word_1_495' title='bbox 747 4791 930 4863; x_wconf 87' lang='lat' dir='ltr'>apparentes</span> <span class='ocrx_word' id='word_1_496' title='bbox 953 4787 1109 4848; x_wconf 81' lang='lat' dir='ltr'>stellarum</span> <span class='ocrx_word' id='word_1_497' title='bbox 1133 4795 1248 4862; x_wconf 85' lang='lat' dir='ltr'>motus;</span> <span class='ocrx_word' id='word_1_498' title='bbox 1271 4795 1433 4873; x_wconf 87' lang='lat' dir='ltr'>propterea</span> <span class='ocrx_word' id='word_1_499' title='bbox 1457 4798 1488 4851; x_wconf 90' lang='lat' dir='ltr'>et</span> <span class='ocrx_word' id='word_1_500' title='bbox 1502 4790 1561 4853; x_wconf 89' lang='lat' dir='ltr'>duo</span> <span class='ocrx_word' id='word_1_501' title='bbox 1586 4791 1729 4854; x_wconf 82' lang='lat' dir='ltr'>distincta</span> 
     </span>
    </p>
   </div>
   <div class='ocr_carea' id='block_1_12' title="bbox 0 0 1854 5516">
    <p class='ocr_par' dir='ltr' id='par_1_13' title="bbox 0 0 1854 5516">
     <span class='ocr_line' id='line_1_52' title="bbox 0 0 1854 5516; baseline 0 1"><span class='ocrx_word' id='word_1_502' title='bbox 0 0 1854 5516; x_wconf 95' lang='lat' dir='ltr'> </span> 
     </span>
    </p>
   </div>
  </div>
 </body>
</html>
