3542 5528
476 1471 1008 1620 processuum

170 1867 274 2007 Quem
305 1917 339 1980 in
375 1917 550 2000 colligendis
580 1919 704 2002 Kepleri
736 1921 875 2002 operibus
908 1922 1035 2003 primum
1068 1921 1097 1985 in
1131 1923 1228 1986 lucem
1259 1919 1432 1987 vocavimus
1473 1991 1481 2006 Ι

97 2020 222 2099 libellum,
240 2031 298 2086 est
320 2025 375 2088 ille
400 2026 517 2108 quidem
539 2027 686 2108 ajuvene
709 2028 907 2110 conscriptus,
930 2030 1090 2112 multisque
1114 2029 1188 2091 locis
1211 2027 1299 2109 signa
1320 2028 1433 2110 ingenii

96 2129 210 2192 nondum
230 2131 424 2195 corroborati
446 2133 558 2196 refert:
589 2142 623 2196 at
645 2136 750 2198 eodem
773 2143 805 2198 et
826 2123 923 2212 illiu's,
952 2155 1009 2219 quo
1033 2137 1219 2217 conscriptus
1243 2144 1304 2213 est,
1328 2135 1432 2212 seculi,
1560 2152 1564 2161 “

96 2243 122 2298 et
141 2237 267 2301 auctoris
290 2239 388 2320 ipsius
407 2239 518 2320 ingenii
535 2240 674 2323 vitaeque
688 2242 843 2309 acerrimis
861 2242 1104 2324 gravissimisque
1123 2242 1231 2306 studiis
1250 2243 1433 2306 exercitatae

96 2349 123 2402 et
140 2345 315 2408 nobilitatae
334 2346 523 2410 verissimam
540 2348 699 2430 imaginem
717 2350 865 2413 intuemur
879 2369 1062 2430 expressam,
1087 2350 1176 2432 quid?
1199 2351 1303 2414 eodem
1321 2350 1432 2426 libello,

97 2454 225 2532 tanquam
248 2473 269 2514 a
292 2451 392 2530 sonte,
415 2453 583 2535 posteriora
606 2475 698 2537 opere
720 2455 765 2520 ita
787 2464 858 2519 sunt
879 2457 1029 2532 derivata,
1054 2465 1101 2528 ut,
1130 2475 1229 2538 aquo
1252 2455 1434 2520 edendorum

97 2553 206 2635 llepleri
227 2577 354 2639 operum
378 2560 512 2622 ordinem
540 2562 738 2642 auspicemur,
769 2563 817 2625 hic
848 2563 912 2643 ipse
941 2562 1059 2630 libellus
1086 2563 1225 2627 videatur
1247 2563 1432 2646 aptissimus.

97 2659 278 2745 Quantopere
302 2667 384 2728 enim
406 2685 491 2730 mens
513 2667 643 2732 hnmana
665 2651 926 2745 cdntenderit'ut,
952 2669 1058 2751 quibus
1075 2670 1242 2732 constricta
1264 2669 1434 2743 tenebatur,

96 2769 203 2834 meula
224 2773 390 2854 frangeret,
415 2793 519 2839 recens
541 2783 630 2855 parta
652 2782 786 2840 tueretur
808 2784 840 2839 et
862 2784 1011 2851 servaret,
1032 2775 1124 2856 jactis
1148 2775 1350 2838 fundamentis
1373 2774 1434 2837 alia

97 2885 318 2956 superstrueret,
342 2863 417 2961 quot
429 2881 606 2965 quantisque
620 2901 691 2945 vero
705 2878 772 2947 cum
791 2883 1015 2949 difficultatibus
1037 2883 1131 2945 menti
1154 2882 1193 2945 ad
1216 2881 1341 2944 meliora
1362 2888 1433 2943 ten-

97 2982 170 3046 denti
192 2985 284 3048 luerit
307 2986 552 3064 conflictandum,
582 3008 670 3070 quum
692 2989 784 3052 seculi
808 2989 917 3054 decimi
938 2990 1017 3054 sexti
1039 2988 1212 3052 memoriam
1233 2974 1434 3052 recolentibus

98 3099 242 3170 appareat,
265 3101 331 3156 tum
354 3113 393 3156 ex
415 3095 540 3176 singulis
559 3095 647 3176 hujus
666 3095 760 3160 libelli
773 3097 902 3178 plagulis
922 3098 1030 3160 elucet
1065 3094 1285 3159 Dominabatur
1299 3095 1361 3158 fere
1375 3113 1435 3157 una
1503 3068 1508 3078 ¹
1571 3165 1575 3176 ¹

98 3196 251 3264 inacholis
278 3201 471 3282 philosophia
492 3201 706 3278 Aristotelica‚
734 3211 931 3284 perangusto,
960 3201 992 3266 in
1019 3221 1105 3284 quem
1132 3209 1337 3279 excurrerent,
1366 3199 1434 3264 aliis

97 3323 191 3387 campo
214 3325 379 3384 concesso;
409 3316 530 3391 praeter
551 3328 664 3396 paucos
686 3309 781 3387 viros,
811 3309 860 3390 qui
882 3330 936 3373 suo
959 3309 1144 3374 confiderent
1164 3307 1298 3390 ingenio,
1329 3307 1436 3392 reliqui

97 3430 189 3477 omnes
211 3415 304 3479 alieni
328 3425 416 3480 erant
437 3415 565 3480 arbitrii.
602 3417 636 3480 In
660 3418 883 3494 mathematica,
906 3416 964 3480 nisi
987 3417 1025 3479 ab
1047 3415 1172 3479 Euclide
1197 3422 1229 3478 et
1240 3415 1433 3493 Archimede,

97 3518 163 3582 nihil
175 3521 360 3604 suppetebat
373 3521 493 3598 auxilii;
512 3523 684 3604 algebraica
701 3525 779 3588 ratio
792 3543 899 3605 parum
913 3524 1010 3587 adhuc
1030 3525 1113 3587 culta
1127 3542 1195 3587 raro
1209 3521 1240 3585 in
1254 3523 1437 3604 geometriae

97 3644 175 3690 nsum
187 3628 438 3707 transferebatur,
462 3629 642 3710 logarithmi‚
666 3649 723 3711 quo
739 3648 798 3693 non
812 3629 917 3692 melius
932 3629 1084 3692 inventum
1103 3628 1208 3690 estad
1229 3627 1437 3690 subducendos

98 3735 221 3798 calculos
235 3734 387 3811 auxilium,
412 3724 585 3798 nondum'in
599 3745 716 3816 promtu
733 3745 835 3811 erant3
859 3735 1041 3817 geometrica
1058 3734 1175 3797 ratione
1194 3753 1283 3814 aegre
1308 3753 1436 3816 quaere-

97 3839 213 3919 bantur,
245 3861 322 3924 quae
345 3840 450 3906 lustris
473 3841 587 3922 aliquot
606 3849 677 3927 post
699 3843 749 3906 via
772 3841 993 3922 compendiaria
1015 3841 1108 3904 oculis
1131 3847 1164 3904 et
1188 3840 1325 3903 manibus
1347 3848 1436 3902 tene-

38 3981 39 3988 *
98 3945 209 4012 benur.
261 3947 296 4010 In
324 3947 508 4010 astronomia
534 3967 608 4011 unus
635 3948 813 4012 laudabatur
839 3948 1047 4023 Ptolemaeus,
1079 3967 1134 4010 nec
1166 3946 1224 4010 nisi
1256 3947 1343 4028 pauci
1371 3967 1438 4011 cum

53 4077 61 4096 ·
98 4051 261 4136 Copernico
275 4055 375 4117 lacere
388 4055 548 4118 audebant
585 4054 780 4136 Astrologiae
795 4061 895 4117 autem
912 4054 942 4117 in
962 4053 1139 4118 servitutem
1159 4053 1206 4116 ita
1229 4061 1349 4118 asserta
1371 4059 1439 4117 erat

99 4159 291 4234 mtronomia,
317 4167 365 4239 ut,
393 4160 500 4244 quibus
521 4162 600 4225 banc
621 4161 747 4228 docendi
769 4180 872 4224 munus
899 4161 1017 4244 publice
1043 4159 1218 4223 mandatum
1246 4155 1325 4237 irat,
1355 4160 1438 4224 illam

98 4269 267 4348 impugnare
288 4269 375 4332 netas
399 4277 490 4333 esset

182 4373 300 4446 Qutbus
323 4374 361 4438 de
383 4375 482 4439 causis
504 4374 730 4456 indiscipliuie,
754 4374 985 4457 quasdiximus,
1009 4371 1124 4452 siquid
1147 4374 1216 4436 novi
1240 4378 1324 4436 esset
1346 4389 1436 4432 exco-
1498 4343 1504 4349 ⁹
1592 4391 1595 4398 ·

100 4481 233 4560 gite-tum
258 4481 288 4545 id
309 4483 341 4545 in
363 4501 449 4545 suam
467 4501 531 4546 rem
544 4491 661 4545 vertere
676 4491 708 4543 et
721 4499 839 4560 augere,
864 4480 890 4544 si
913 4480 985 4562 qnid
1006 4485 1090 4541 esset
1111 4475 1262 4550 vitiosum,
1285 4477 1316 4538 id
1335 4491 1436 4536 emen·

100 4587 175 4665 darc,
200 4587 406 4652 difficillimum
428 4589 520 4652 inisse
538 4589 639 4652 seculo
652 4587 732 4650 XVI
748 4587 876 4669 ingeniis
895 4587 935 4649 ad
957 4586 1082 4649 meliora
1103 4583 1276 4658 nitentibus,
1300 4583 1436 4660 apparet.
1510 4581 1517 4590 '

101 4691 159 4758 Sed
178 4695 275 4758 habet
295 4715 380 4758 mens
402 4703 507 4760 nostra
524 4703 632 4759 natma
650 4693 773 4757 sublinlo
788 4694 927 4777 quiddam
942 4701 974 4756 et
994 4699 1134 4764 erectum,
1157 4696 1192 4751 ut
1212 4681 1437 4750 difficultatibus

101 4799 226 4882 objectis
248 4819 305 4865 non
327 4801 490 4884 affligatur,
513 4802 568 4865 sed
589 4809 693 4865 contre
715 4799 829 4864 nitendi
852 4801 1009 4864 alacritate
1027 4795 1212 4868 incendatur,
1235 4799 1269 4854 ut
1290 4785 1440 4850 destituta

167 4903 368 4956 uua-au
1214 4895 1226 4944 ι
