3674 5528
711 263 743 314 a
760 265 833 314 aas
847 264 1012 330 menopes.
1479 267 1550 334 343·

151 420 195 482 in
219 417 306 498 atrii,
345 423 426 497 >leit
449 429 481 486 et
502 419 572 500 Ab
595 422 636 497 ll.
682 423 777 498 Puto,
812 425 890 503 quod
918 425 941 500 ρ
968 431 1133 504 occupatur
1160 425 1189 490 iu
1214 426 1255 502 Ω,
1283 427 1352 489 hinc
1380 426 1545 507 significari

164 509 404 573 multitudinem
430 512 621 574 consiliorum
650 521 682 572 et
704 512 951 590 imaginationum
980 521 1011 574 et
1034 513 1188 576 mollitiem
1218 533 1330 578 earum.
1377 516 1543 580 Namdii-

169 599 312 662 lauderis
344 599 377 660 in
410 599 629 680 cogitationes:
660 602 757 674 beue;
791 601 950 688 dnmmodo
980 610 1011 661 et
1035 601 1234 665 discerneres.
1281 603 1330 665 An
1359 604 1416 666 hoc
1445 606 1543 683 magis

171 707 210 748 ex
235 691 315 758 Δό
329 689 359 760 3)
387 689 603 776 deducendum,
627 689 676 768 qui
693 688 766 750 milri
784 690 1071 762 communistecum,
1096 697 1184 753 utet
1207 691 1380 754 multitudo.
1420 693 1461 756 Ut
1486 693 1543 754 tibi

174 775 336 838 absolvam
356 795 456 838 meum
475 777 623 857 dirigendi
646 779 780 851 modurn,
806 779 850 840 sic
863 796 975 858 pergo:
999 787 1143 860 quantum
1159 777 1213 842 Sol
1235 780 1271 841 iit
1293 780 1399 842 diebus
1413 778 1457 844 40
1473 783 1542 860 (pro

176 864 267 930 aunis
290 861 364 940 40),
385 867 561 928 tantundem
586 874 617 927 ot
631 866 749 930 Lunam
763 885 916 946 promove.
954 867 1033 928 Nam
1050 867 1132 930 solus
1147 867 1259 929 Terrae
1274 875 1372 930 motus
1388 864 1542 950 significa-

178 967 261 1016 tores
286 953 409 1036 dirigit3
439 963 472 1016 at
495 954 519 1017 si
541 955 627 1016 Luna
649 975 682 1016 se
714 955 781 1034 ipsa
803 975 862 1018 non
886 955 1067 1030 circumiret,
1102 974 1220 1036 semper
1247 956 1403 1020 incudem
1427 979 1446 1022 a
1469 957 1543 1024 Sole

178 1043 328 1104 distantia
348 1050 492 1117 maneret,
517 1043 734 1124 vehereturqne
758 1043 786 1105 in
811 1043 892 1106 Solis
916 1043 1013 1123 ipsius
1036 1045 1193 1106 celeritate
1208 1063 1262 1124 per
1277 1046 1448 1120 zodiacum,
1472 1045 1545 1125 qvia

179 1151 297 1193 annuus
312 1131 426 1194 Terrae
450 1139 548 1192 motus
573 1132 737 1194 communis
762 1140 811 1194 est
834 1132 898 1195 orbi
914 1133 1017 1194 Lunae
1041 1151 1107 1194 cum
1123 1133 1226 1193 Terra.
1273 1134 1333 1195 Pro
1347 1134 1543 1196 Ascendeute

183 1229 216 1281 et
239 1219 343 1281 Medic
360 1218 446 1282 Coeli
470 1219 529 1280 sic:
564 1220 603 1281 ad
627 1221 833 1282 ascensionem
857 1229 971 1281 rectam
997 1219 1079 1282 Solis
1104 1220 1151 1282 dic
1177 1219 1219 1282 40
1235 1223 1304 1300 (pro
1329 1222 1415 1283 annis
1440 1219 1499 1295 40)
1524 1242 1543 1283 a

180 1309 344 1370 nativitate
369 1309 446 1370 addc
471 1309 560 1370 horas
584 1308 751 1384 natalitias,
777 1319 810 1372 ut
829 1309 894 1388 jaro
919 1309 1008 1370 horas
1028 1305 1066 1372 5:
1092 1309 1185 1372 habes
1205 1308 1234 1370 in
1259 1310 1363 1372 tabula
1388 1311 1551 1382 donorum,

181 1394 283 1460 MC.
309 1406 340 1458 et
362 1397 451 1470 Asc,
478 1397 516 1459 ad
540 1417 616 1478 qnae
639 1397 812 1460 natalitium
836 1399 878 1458 M.
904 1395 940 1459 C.
966 1406 998 1458 et
1021 1397 1200 1460 Ascendeus
1223 1407 1435 1476 pervenerunt.

252 1484 449 1536 Fabricius:
467 1484 555 1545 Grcdo,
575 1499 714 1549 corpora
731 1492 932 1536 cometarum
950 1491 977 1534 et
994 1499 1112 1536 novarum
1125 1485 1251 1536 stellarum
1269 1488 1302 1538 ab
1320 1488 1390 1538 initio
1410 1487 1496 1538 mundi
1514 1487 1542 1536 irs

180 1555 285 1606 saman
303 1557 424 1610 em'stere.
451 1555 496 1606 sed
514 1558 607 1620 absone
625 1556 726 1613 lumine,
744 1557 792 1606 uisi
810 1562 933 1620 quatenus
957 1557 1068 1618 speciata
1091 1570 1135 1620 per
1154 1563 1242 1610 rencs,
1259 1558 1419 1621 planetarum
1435 1559 1541 1622 positus.

179 1626 220 1676 rel
237 1627 381 1676 immediate
400 1641 417 1676 a
434 1626 489 1677 Dec
509 1628 541 1677 ad
559 1628 748 1693 sigiriiicandsm
766 1642 819 1678 rem
837 1627 945 1691 aliquam
963 1627 1143 1678 illuminantur.

271 1698 479 1776 Keplerus:
503 1696 590 1768 Quae
613 1707 647 1761 tn
672 1699 708 1758 de
732 1698 907 1778 corporibus
932 1698 1086 1759 cometicis
1107 1717 1223 1771 censes,
1248 1700 1328 1761 hand
1351 1701 1442 1762 facile
1466 1717 1541 1778 poe-

179 1793 252 1848 sunt
275 1785 401 1848 selutari
423 1783 575 1868 ι’πιχιως,
608 1785 691 1848 dicta
721 1805 849 1866 namque
880 1795 950 1848 sunt
973 1785 1118 1868 ἀτιχιως,
1153 1787 1191 1848 ab
1223 1806 1272 1860 eo,
1311 1787 1360 1868 qui
1383 1809 1434 1865 τρι
1455 1792 1543 1848 decvs

179 1877 331 1952 potans.
377 1875 444 1937 Huc
464 1876 560 1938 solum
583 1875 682 1938 dicere
705 1895 844 1956 possum:
881 1875 907 1936 si
936 1893 1063 1954 corpora
1084 1884 1188 1936 essent
1216 1895 1310 1956 aeque
1340 1897 1446 1938 crassa
1469 1884 1541 1938 aute

179 1973 212 2024 et
236 1963 266 2024 iu
291 1963 416 2036 unione,
441 1963 682 2026 illuminarentur
705 1985 724 2026 a
747 1962 829 2026 Sole.
878 1962 1044 2042 Oporteret
1068 1963 1168 2044 itaque
1193 1963 1310 2032 dicere,
1341 1984 1400 2025 noo
1424 1972 1542 2026 tanturm

180 2050 352 2126 illuminari,
377 2058 412 2112 nt
435 2052 604 2128 videantur,
630 2053 683 2114 sed
708 2053 802 2114 etiam
817 2051 966 2114 subtiliari
985 2060 1103 2130 postea,
1130 2071 1167 2113 ne
1183 2051 1358 2127 videantnr;
1381 2053 1540 2115 illustran-

179 2148 230 2202 tur
253 2139 334 2200 enim
357 2159 376 2199 a
399 2137 481 2201 Sole.

251 2227 439 2278 Fabricius:
468 2226 571 2288 Quanta
594 2233 632 2278 est
650 2227 760 2276 maxima
779 2225 885 2277 latitudo
903 2223 1054 2276 Mercurii
1079 2240 1095 2277 a
1112 2225 1230 2289 'lychnus
1248 2227 1379 2278 observata
1406 2235 1433 2278 et
1450 2241 1497 2292 quc
1516 2227 1542 2278 in

178 2295 254 2346 icco?
292 2296 343 2348 cur
362 2297 472 2348 cicero
490 2299 559 2349 illum
576 2303 691 2348 sanctam
709 2297 808 2348 sullam
825 2295 917 2348 vocati

269 2369 473 2446 Keplerus:
510 2370 556 2431 De
589 2369 644 2431 illa
677 2369 808 2430 scribere
842 2367 883 2428 nil
915 2385 1055 2448 posenm3
1090 2367 1175 2427 lirnes
1199 2369 1318 2448 quidem
1348 2370 1456 2431 boreus
1488 2387 1543 2446 per

180 2457 292 2518 lineam
316 2475 354 2518 ex
378 2455 449 2519 Sole
474 2459 602 2537 ejectam
625 2456 744 2518 videtur
761 2457 791 2518 iu
817 2455 943 2518 confinio
968 2470 1000 2522 tr
1025 2464 1056 2517 et
1075 2459 1114 2530 il,
1143 2457 1221 2518 unde
1246 2457 1300 2518 lat.
1328 2457 1461 2519 maxima
1484 2457 1541 2518 bo-

179 2545 272 2608 realis
296 2545 328 2608 in
352 2545 408 2606 line
431 2551 481 2624 ᾗ,
506 2547 642 2608 austrina
664 2546 694 2607 in
717 2545 774 2606 line
800 2560 831 2611 ea
857 2543 1084 2624 apparentibus

270 2632 333 2698 Cur
356 2635 490 2696 sanctior
512 2633 654 2698 Mercurii
678 2633 778 2708 stella,
804 2653 893 2714 quam
916 2631 1015 2708 Jovia,
1041 2632 1154 2694 nescio.
1201 2631 1273 2693 Vox
1296 2639 1405 2694 sancta
1429 2631 1458 2694 in
1483 2630 1539 2694 Ci-

177 2741 286 2784 cerone
312 2722 391 2784 solet
415 2722 524 2802 opponi
548 2721 710 2804 rapacitati
735 2730 767 2782 et
790 2721 958 2800 sacrilegiis
988 2728 1019 2782 et
1047 2719 1340 2800 depeculationibus,
1376 2728 1408 2782 et
1430 2719 1459 2782 in
1484 2739 1541 2800 ge-

179 2827 249 2871 nere
281 2811 518 2894 appetitionibus
552 2813 733 2885 alieoornm,
758 2811 849 2871 etiam
882 2809 1050 2888 conjugum.
1096 2811 1145 2869 Au
1180 2809 1272 2888 igitur
1304 2816 1428 2883 sancta,
1462 2809 1540 2887 quod

178 2899 357 2979 parcissime
381 2907 527 2980 evagetur
551 2898 691 2962 a·Sole?
1538 2976 1545 2982 .

250 2987 441 3037 Fabricius:
468 2987 509 3038 De
535 2993 604 3038 statu
622 2984 905 3050 Tychoniauorum
930 2986 983 3049 jam
1009 2983 1101 3032 dudum
1127 2981 1186 3032 nihil
1210 2983 1304 3041 habeo,
1334 2995 1381 3032 nec
1407 2982 1482 3031 etiam
1510 2981 1542 3030 de

178 3055 279 3108 Joaune
298 3053 427 3119 (Eritsen)
446 3065 537 3109 norun.
577 3057 655 3108 Credo
671 3055 781 3106 Martem
798 3053 857 3103 mihi
876 3069 919 3103 vos
938 3069 1022 3104 omnes
1041 3053 1143 3103 iniectos
1156 3053 1271 3110 reddare;
1291 3054 1407 3102 itesam
1427 3057 1542 3116 apparet,

195 3129 239 3178 uia
257 3129 292 3178 nil
312 3129 426 3178 scribitis.

180 3143 194 3192 q
267 3199 470 3280 Keplerus:
503 3197 663 3262 Silentium
692 3204 827 3258 nostrum
853 3193 1010 3257 directioni
1035 3193 1116 3256 Solis
1145 3193 1182 3256 ad
1212 3211 1321 3274 corpus
1346 3192 1456 3254 Martie
1481 3191 1539 3254 tri-

179 3287 255 3362 buis,
281 3289 370 3368 quaai
393 3289 419 3350 is
443 3307 497 3350 nos
520 3287 577 3352 tibi
599 3287 708 3350 reddat
730 3285 875 3348 infensos.
922 3283 989 3345 Hoc
1013 3303 1085 3363 ergo
1105 3283 1152 3346 vel
1177 3283 1242 3347 solo
1267 3301 1425 3360 agnosces,
1455 3289 1486 3342 te
1509 3281 1539 3342 in

178 3395 279 3438 errore
303 3376 418 3438 versari
443 3379 525 3440 circa
547 3375 740 3438 directionem
766 3374 860 3444 hauc,
884 3371 964 3452 qnod
988 3373 1097 3434 falsum
1119 3383 1178 3434 est.
1225 3371 1281 3433 Tui
1305 3370 1383 3432 enim
1406 3368 1539 3448 qnotidie

179 3465 241 3525 iere
266 3465 450 3526 mentionem
473 3465 610 3527 facimus.
656 3464 703 3526 De
728 3469 811 3523 statu
833 3459 1069 3542 'lyclronicornm
1093 3468 1234 3522 constare
1257 3458 1329 3520 mihi
1353 3475 1411 3519 nco
1425 3465 1538 3537 potest,

178 3553 248 3632 quia
277 3572 324 3614 me
349 3553 553 3633 Tengnaglius
577 3563 756 3614 summovet.
787 3557 884 3623 (Pergit
899 3561 953 3620 jam
965 3558 1089 3622 Keplerus
1107 3573 1239 3609 recensum
1258 3569 1347 3606 causas
1360 3555 1539 3606 &arsionum

175 3642 385 3776 buxeam?
402 3641 527 3704 syciona
545 3640 679 3698 haeredes,
703 3640 850 3703 praesertim
870 3637 1082 3704 Tengnagelium,
1102 3638 1226 3701 habenis
1251 3651 1386 3702 generum,
1413 3635 1461 3685 alic
1486 3634 1540 3684 loco

248 3801 433 3851 Fabricius:
458 3799 553 3850 Latent
570 3798 724 3848 Basileae
742 3797 775 3848 ad
795 3797 873 3847 civem
891 3796 947 3847 iac.
968 3794 1098 3846 Curionem
1118 3793 1188 3844 t-5
1207 3795 1382 3860 quaterniones
1405 3793 1441 3842 sei
1459 3799 1538 3843 astro-

175 3870 273 3937 logicae
291 3871 371 3922 mirae
388 3869 542 3935 plenissimi,
571 3873 641 3933 cuins
661 3870 737 3920 trater
764 3868 824 3918 milri
850 3867 982 3925 deditas,
1008 3869 1028 3916 si
1047 3868 1119 3918 modo
1137 3867 1282 3918 tabellarius
1303 3871 1370 3915 esset
1388 3863 1538 3916 commodus.

168 3941 241 3992 *ison
258 3942 308 3992 iltis
325 3943 426 4002 ἰιιιιιιιι,
451 3941 513 3994 aelli
531 3943 592 3992 viss.
630 3941 730 4002 Quassc
749 3939 809 3990 mihi
829 3940 891 3990 certi
910 3937 968 4002 qnid
986 3938 1123 4001 perscribas
1143 3938 1173 3988 de
1192 3937 1329 3988 tabellariis
1346 3937 1412 3986 iuter
1430 3934 1539 4000 Prsgam

177 4021 203 4064 et
220 4013 361 4064 Basileam.

264 4102 473 4183 Keplerus:
497 4099 651 4162 Basileam
675 4097 743 4160 hinc
766 4098 839 4159 nulli
864 4104 1025 4158 excurrunt
1040 4093 1203 4168 tabellarii,
1230 4093 1301 4174 quia
1323 4111 1383 4156 nou
1404 4099 1538 4173 estpro-

177 4193 275 4256 vincia
298 4190 428 4272 imperii.
1200 4201 1204 4208 ·

245 4297 435 4349 Fabricius:
462 4294 558 4358 Accepi
576 4295 693 4358 scriptum
714 4287 898 4354 (horoscopum)
921 4297 990 4338 tunm
1009 4288 1041 4339 de
1060 4286 1268 4338 cancellario
1290 4292 1374 4336 nostro
1399 4287 1460 4336 satis
1477 4285 1538 4334 libe·

177 4387 241 4432 rum;
261 4373 369 4421 mustus
390 4366 535 4422 cuderem,
554 4371 588 4425 et,
608 4371 637 4414 ιιι
654 4365 680 4413 iu
699 4362 819 4418 omnibus,
838 4361 1007 4425 perspicacem
1025 4360 1120 4424 ingenii
1137 4357 1192 4406 viru.
1230 4357 1269 4406 Tu
1286 4357 1358 4421 plura
1370 4358 1446 4414 vides.
1464 4369 1539 4420 quam

179 4457 223 4510 ego
240 4459 271 4494 ex
290 4439 443 4506 qucfidisrra
472 4437 548 4500 ipsius
567 4435 755 4486 couversatione
773 4433 875 4482 odorare
899 4431 975 4495 potui.
1012 4431 1107 4480 Locum
1125 4428 1150 4490 d
1170 4429 1196 4477 in
1215 4425 1250 4476 ²⁰
1269 4423 1291 4484 ὅ
1309 4429 1390 4491 ponis,
1419 4441 1474 4476 cum
1492 4425 1537 4505 lat
1596 4471 1601 4482 „

175 4522 233 4580 sept
252 4511 290 4577 (i)
309 4519 401 4562 manen
420 4507 500 4556 nodus
519 4507 624 4558 evehens
643 4507 669 4556 in
690 4501 741 4556 17⁰
760 4501 783 4559 ὅ
801 4504 843 4559 ιιι,
880 4504 920 4551 An
939 4517 969 4551 ax
987 4503 1110 4564 proposito
1128 4500 1225 4550 iactum
1244 4498 1281 4548 rel
1301 4513 1388 4557 errore,
1408 4510 1457 4544 nou
1469 4509 1536 4550 scro;

172 4594 228 4652 puto
245 4593 272 4637 te
290 4586 359 4636 torte
380 4595 413 4630 ex
432 4577 561 4641 copemici
579 4577 670 4628 tabuln
689 4577 770 4627 locum
789 4573 926 4638 collegisse.
965 4571 992 4622 Si
1012 4585 1078 4620 anuo
1098 4571 1190 4622 aetatis
1208 4567 1251 4618 22.
1270 4567 1430 4619 discedemus
1448 4577 1536 4614 ascesa

169 4659 247 4712 cmm
266 4657 302 4710 ad
321 4653 413 4706 Sdem
432 4649 542 4700 morbum
561 4647 652 4704 attulit,
673 4646 730 4712 quid
750 4645 811 4694 lacit
832 4641 863 4704 Θ
884 4643 917 4694 ad
936 4642 960 4703 0'
981 4649 1008 4693 et
1026 4642 1041 4704 it
1057 4645 1131 4705 Juxta
1150 4635 1328 4705 aequatorem‘?

252 4744 472 4826 Keplerus:
498 4739 530 4798 ln
545 4737 583 4800 D.
600 4734 749 4798 Francii
772 4731 877 4813 genesi
901 4733 977 4793 bene
1002 4729 1096 4792 habet
1119 4730 1202 4790 locus
1225 4734 1260 4796 d.
1306 4723 1385 4786 Nam
1406 4717 1465 4782 etsi
1488 4726 1537 4780 est
