3628 5518
315 267 381 334 258
863 265 986 332 apologia
1003 265 1125 329 nyehmu

316 435 349 490 et
370 428 494 490 Lunae:
519 426 605 507 qnasi
628 443 686 487 non
711 443 805 505 aeque
830 425 867 488 de
891 433 930 499 cl,
962 425 1001 499 9,
1034 426 1115 502 lieo
1139 425 1175 486 de
1200 421 1241 501 Θ
1265 425 1346 494 οι)
1372 423 1419 484 vel
1442 421 1572 484 Eudoxo
1594 419 1680 500 prius

317 516 509 579 constitisset
531 514 569 574 de
593 513 779 592 digressione
812 515 919 576 horum
942 513 1168 575 evidentissima
1191 513 1229 574 ab
1244 520 1424 594 aequatore:
1454 519 1486 572 et
1505 510 1594 590 qnasi
1618 528 1679 570 non

313 604 437 668 zodiaco
461 603 572 665 circulo
595 602 731 682 singulos
754 621 808 682 pro
832 601 959 682 singulis
982 602 1114 682 planetis
1131 601 1277 664 Eudoxus
1300 599 1518 672 subordinarit,
1544 599 1595 678 qni
1621 598 1678 658 de-

315 691 485 755 clinationis
508 691 589 754 illius
613 693 793 754 varietatem
818 692 986 765 efficerent;
1012 699 1064 752 aut
1088 691 1174 771 quasi
1198 708 1294 770 neque
1309 687 1457 768 Calippns
1481 687 1678 750 animadver-

315 782 400 856 terit,
434 777 454 857 ij
484 789 515 842 et
543 781 691 860 llaeque
722 790 812 862 atque
841 789 960 842 ceteros
989 777 1008 842 5
1034 779 1162 841 diversis
1193 779 1379 859 temporibus
1406 777 1611 858 inaequaliter
1639 775 1678 836 ab

314 879 477 950 aequatore
505 870 630 931 distare.
678 871 785 950 Itaque
813 889 879 932 cnm
912 867 986 931 nihil
1009 886 1064 948 pro
1087 887 1121 930 se
1144 868 1362 930 Fracaetorens
1389 867 1518 942 habeat,
1553 871 1680 944 preater

314 977 452 1020 numeros
481 967 637 1020 secuturos
672 977 782 1038 eosque
810 958 893 1019 varie
918 957 947 1018 in
967 955 1188 1037 exemplaribus
1211 956 1408 1036 depravatos,
1442 956 1499 1034 hoc
1528 955 1679 1016 incensa

314 1067 434 1112 manere
458 1047 606 1120 existimo,
632 1047 707 1108 duos
729 1047 938 1109 tantummodo
953 1045 1018 1110 Soli
1042 1053 1074 1107 et
1087 1045 1192 1108 Lunae
1216 1046 1305 1108 orbes
1329 1065 1348 1106 a
1372 1043 1501 1124 Calippo
1526 1043 1675 1123 adjectos,

313 1155 371 1198 non
404 1143 545 1216 quatuor,
579 1135 608 1197 lu
634 1154 662 1198 e.
693 1136 798 1215 cuique
829 1154 933 1210 unum3
968 1135 1103 1197 additum
1126 1153 1196 1196 vcro
1230 1135 1356 1213 singulis
1384 1151 1424 1195 ex
1451 1133 1581 1213 quinque
1618 1149 1679 1194 non

313 1224 522 1286 declinationis
552 1232 606 1286 aut
628 1225 811 1299 latitudinis,
840 1225 896 1286 sed
924 1223 1160 1286 ecoentricitatis
1188 1223 1361 1285 efficiendae
1386 1242 1488 1284 causa.
1539 1221 1678 1283 Videant

313 1313 395 1389 aliis
413 1333 452 1374 au
477 1313 544 1375 sola
565 1331 755 1375 numerorum
773 1313 935 1376 concordia
956 1311 1102 1386 sufficiat,
1134 1320 1168 1374 ut
1184 1321 1372 1386 statuamus,
1401 1310 1556 1390 cognitam
1580 1309 1677 1372 luisse

312 1401 441 1481 Calippo
471 1402 620 1482 geminam
644 1402 673 1462 in
697 1403 785 1464 Luna
818 1401 1080 1482 inaequalitatem,
1098 1401 1153 1482 ad
1177 1400 1262 1480 cujus
1285 1410 1417 1464 motuum
1446 1399 1676 1462 similitudinem

313 1491 405 1552 etiam
436 1489 517 1553 Solis
555 1491 802 1570 inaequalitatem
834 1491 983 1570 geminam
1018 1489 1133 1552 lecerit.
1185 1491 1311 1550 Manent
1342 1487 1434 1568 igitur
1466 1488 1522 1550 hac
1555 1489 1676 1550 ratione

309 1577 385 1658 bet
406 1579 437 1653 ll
460 1579 549 1640 orbes
572 1579 726 1660 qnatemi,
761 1587 799 1652 ὁ,
825 1583 860 1658 p,
891 1578 1063 1652 Queniunt
1085 1579 1174 1640 orbes
1198 1579 1291 1658 quini,
1322 1574 1362 1654 Θ
1384 1579 1463 1648 οι)
1495 1575 1605 1638 infimis
1629 1575 1653 1650 (¹

311 1667 511 1730 Aristotelioo
535 1669 730 1748 sphaerarum
748 1668 868 1741 ordine)
898 1667 1004 1729 itidem
1022 1667 1170 1747 quaterni.
1210 1667 1289 1728 Hinc
1318 1668 1369 1729 lux
1391 1665 1517 1728 affertur
1545 1665 1676 1727 obscuro

308 1756 486 1819 Aristotelis
510 1757 576 1818 looo
605 1756 656 1818 lib.
682 1758 723 1818 ll.
753 1757 789 1818 de
818 1757 902 1819 coelo
930 1775 998 1836 cap.
1026 1753 1076 1818 12.
1123 1755 1179 1818 Ait
1202 1755 1243 1816 ibi
1267 1755 1467 1817 Aristoteles:
1501 1754 1574 1834 „qni
1603 1755 1675 1835 pla·

311 1853 400 1906 netae
423 1845 553 1906 medium
578 1853 715 1913 teneant,
748 1866 802 1908 eos
824 1845 958 1924 pluribus
987 1845 1118 1906 motibus
1142 1843 1247 1906 cieri.“
1293 1843 1410 1922 Nempe
1434 1843 1482 1905 hic
1506 1851 1545 1918 d,
1571 1845 1610 1920 ξ,
1637 1843 1676 1918 ῼ,

309 1933 400 1996 medii
424 1934 584 1996 secundum
609 1933 824 2008 Aristotelem,
849 1932 948 2012 quinis
972 1933 1102 1996 motibus
1126 1932 1252 2006 cientur,
1276 1929 1297 2008 ᾖ
1321 1942 1353 1995 et
1374 1931 1405 2007 ll
1428 1931 1550 2006 summi,
1576 1928 1618 2008 Θ
1644 1941 1677 1993 et

309 2024 336 2094 ])
367 2022 431 2096 imi,
462 2023 617 2103 quaternis
646 2031 775 2084 tantum.
821 2020 889 2093 Quo
919 2025 967 2084 vel
995 2023 1060 2084 solo
1090 2023 1155 2082 loco
1185 2029 1293 2082 nostra
1319 2019 1531 2099 interpretatio
1565 2028 1677 2082 contra

309 2113 540 2173 Fracaatoreurn
564 2112 703 2174 munitur.
749 2112 904 2172 Hactenus
929 2128 1001 2190 ergo
1025 2129 1114 2172 unam
1136 2117 1255 2188 partem
1278 2109 1425 2190 propositi
1444 2111 1492 2172 sui
1515 2110 1677 2189 expedivit

309 2198 508 2271 Aristoteles,
539 2199 608 2262 dum
632 2219 725 2279 supra
747 2200 805 2262 sibi
829 2198 985 2278 proposuit
1013 2198 1278 2278 „interroga-udos,
1308 2199 1358 2278 qni
1385 2199 1461 2261 baec
1485 2197 1676 2278 inquirunt.“

309 2287 381 2348 Jam
404 2287 538 2366 seqnitur
562 2287 662 2350 altera
683 2307 773 2367 pars3
805 2287 927 2351 dicebat
950 2306 1077 2367 namque
1100 2287 1232 2366 „partim
1261 2287 1318 2349 sibi
1343 2285 1545 2367 quaerendum
1569 2287 1674 2349 esse.“

308 2377 414 2454 ltaque
439 2375 525 2436 addit
548 2376 592 2448 (iu
617 2377 752 2456 Metaph.
777 2377 835 2438 loc.
859 2375 943 2449 cit.):
974 2378 1023 2450 „si
1047 2387 1147 2438 autern
1172 2394 1275 2438 omnes
1299 2375 1386 2438 simul
1413 2375 1533 2456 positae
1558 2375 1675 2438 debent

310 2463 528 2544 apparentibus
552 2465 741 2538 satisfacere,
768 2483 891 2526 necesse
915 2473 964 2526 est
988 2463 1149 2528 secuudum
1174 2483 1410 2545 unumquemque
1430 2465 1589 2544 planetam
1605 2484 1673 2526 esse

310 2552 388 2614 alias
412 2552 560 2632 sphaeras
584 2553 644 2615 nni
662 2555 936 2633 pauciores,‚qnae
960 2555 1120 2616 revolvant
1144 2553 1237 2614 etad
1261 2554 1341 2614 idem
1364 2553 1530 2615 restituant
1554 2571 1675 2634 semper

310 2641 438 2722 primam
462 2642 622 2721 sphaeram
645 2643 755 2704 stellae
780 2643 858 2704 infra
882 2642 1055 2705 ordinatae:
1084 2642 1141 2704 hoc
1165 2641 1242 2702 enim
1266 2651 1357 2721 pacto
1382 2643 1479 2704 solum
1503 2640 1673 2722 continget,

309 2731 501 2810 planetarum
524 2739 623 2792 motus
647 2738 806 2811 praestare
830 2731 943 2805 omnia,
974 2749 1050 2810 quae
1074 2731 1257 2811 apparent.“
1301 2731 1359 2792 Hic
1383 2750 1430 2794 me
1454 2729 1600 2792 aliorsum
1625 2731 1673 2792 in-

309 2819 472 2882 clinantem
502 2821 721 2881 Fracastoreue
754 2819 783 2880 in
812 2821 893 2880 viam
926 2819 1060 2881 reduxit:
1092 2819 1228 2899 quamvis
1260 2819 1289 2881 in
1322 2819 1500 2898 quibusdam
1531 2819 1572 2881 ab
1607 2820 1673 2900 ipso

309 2907 472 2970 etiamnum
495 2907 684 2981 dissentiam,
710 2927 834 2988 qnorum
858 2908 913 2969 hoc
937 2908 1064 2986 primum
1087 2916 1146 2980 est,
1169 2908 1248 2988 quod
1272 2926 1348 2987 quae
1374 2908 1421 2970 hic
1446 2908 1485 2970 ab
1499 2908 1673 2970 Aristotele

308 2999 374 3076 ipso
399 2999 616 3059 subnectuntur
644 2997 853 3077 philosophica
875 2996 983 3076 magis,
1008 3016 1096 3076 qnam
1111 2996 1323 3071 astronomica,
1349 2992 1413 3076 ipse
1432 2996 1525 3058 etiam
1542 2994 1673 3077 Galippo

309 3085 427 3160 tribuit,
464 3087 542 3165 quod
576 3086 798 3147 inconsiderate
827 3083 950 3148 factum.
998 3087 1103 3166 ltaque
1132 3085 1276 3147 Eudoxus
1295 3094 1340 3146 et
1364 3083 1512 3166 Calippus
1542 3087 1674 3148 totidem

310 3175 464 3254 ponebant
496 3175 525 3236 in
554 3175 680 3256 singulis
712 3176 902 3254 planetarum
931 3174 1068 3253 sphaeris
1097 3175 1200 3250 orbes,
1234 3183 1307 3255 quot
1335 3181 1467 3236 motuum
1499 3175 1671 3256 varietates

310 3261 610 3342 deprehendebantur
633 3263 663 3324 in
688 3263 788 3324 stella.
835 3263 1021 3325 Aristoteles
1050 3263 1246 3342 philosophus
1275 3263 1370 3326 utitur
1393 3264 1547 3326 axiomata
1569 3263 1673 3346 philo-

310 3351 448 3429 sophico,
482 3351 643 3430 superioris
674 3362 789 3414 ructum
820 3351 968 3431 sphaerae
997 3350 1209 3414 communicari
1240 3369 1307 3413 cum
1336 3351 1545 3426 inferioribus,
1583 3353 1672 3433 idque

309 3445 399 3518 raptu
422 3441 564 3518 quodam,
594 3449 628 3501 ut
650 3449 838 3520 quotcunque
861 3440 993 3503 motibus
1022 3440 1152 3502 cieretnr
1175 3439 1277 3519 aliqua
1300 3440 1453 3521 superior,
1486 3441 1617 3504 totidem
1640 3449 1673 3502 et

309 3546 413 3590 omnes
437 3528 523 3602 illas,
553 3549 629 3609 quae
653 3528 733 3590 infra
755 3530 833 3590 hanc
858 3528 932 3600 sint,
964 3529 1055 3604 cieri,
1085 3529 1142 3590 nisi
1166 3529 1335 3590 renitantur
1362 3529 1483 3610 proprio
1517 3539 1551 3592 et
1579 3531 1672 3592 insito

310 3617 439 3696 quedam
463 3627 561 3678 motus
585 3617 741 3696 principio.
789 3619 894 3698 ltaque
919 3617 988 3697 quia
1011 3617 1142 3696 exempli
1165 3617 1267 3696 gratia
1290 3618 1368 3680 imus
1382 3614 1403 3696 li
1419 3617 1499 3686 orbis
1523 3620 1613 3682 anub
1629 3615 1672 3681 30

309 3705 453 3777 circumit,
478 3716 619 3784 rapturus
643 3717 692 3768 est
714 3707 842 3785 primum
864 3705 960 3780 Jovis,
985 3716 1018 3768 ut
1038 3707 1062 3767 is
1077 3707 1203 3768 lixarum
1222 3714 1334 3768 motum
1349 3717 1481 3787 nequeat
1494 3708 1671 3770 observare.

311 3791 503 3872 Quapropter
533 3801 653 3872 oportet
681 3795 783 3856 orbem
811 3795 936 3874 primum
960 3795 989 3868 'll
1018 3795 1046 3855 in
1071 3795 1253 3856 contrarium
1275 3796 1415 3870 tendere,
1447 3803 1482 3858 ut
1512 3798 1603 3860 annis
1627 3793 1671 3859 30

308 3880 401 3941 semel
424 3881 514 3942 imum
534 3881 657 3943 Saturni
681 3882 710 3943 in
734 3883 904 3963 oppositum
928 3894 1085 3963 percurrat
1108 3883 1207 3946 etsie
1231 3884 1336 3945 eodem
1360 3885 1426 3946 loco
1446 3895 1582 3948 maneat.
1625 3885 1671 3946 At

311 3969 365 4028 hoc
389 3969 500 4047 primus
524 3969 553 4043 'll
576 3980 733 4048 praestare
758 3973 869 4052 nequit,
895 3972 987 4034 habet
1011 3972 1089 4034 enirn
1108 3972 1189 4034 aliud
1205 3973 1345 4046 officium,
1368 3981 1403 4035 nt
1421 3983 1569 4054 sequatur
1583 3975 1670 4046 linas,

312 4065 343 4117 et
366 4056 490 4118 Terram
519 4059 682 4120 circumeat
711 4059 792 4122 horis
816 4056 868 4122 tt.
917 4061 1022 4140 ltaque
1051 4063 1287 4122 restituente
1315 4055 1467 4142 hic'opns
1492 4070 1557 4139 est,
1592 4081 1670 4144 quae

309 4145 374 4204 loco
393 4145 507 4222 primae
521 4147 640 4218 Joviae,
663 4147 694 4208 id
718 4149 796 4227 quod
820 4150 1024 4212 necessarium
1040 4169 1107 4212 esee
1121 4149 1261 4224 diximus,
1286 4150 1409 4212 effioiat.
1456 4151 1552 4214 Porro
1568 4163 1671 4215 antem

308 4233 365 4294 lrac
392 4233 572 4296 restituente
601 4239 640 4298 ab
664 4236 749 4297 unico
767 4245 855 4298 ‘motu
884 4238 960 4298 imae
985 4237 1147 4300 Saturniae
1176 4237 1335 4311 liberatur,
1371 4239 1481 4302 ceteris
1505 4240 1671 4304 Saturniae

309 4321 456 4400 sphaerae
485 4322 649 4386 etiamnum
675 4323 815 4386 obnoxia.
863 4324 1055 4407 Quapropter
1087 4327 1215 4390 totidem
1247 4327 1480 4390 restituentibus
1510 4348 1587 4410 opus
1613 4330 1672 4392 erit

307 4409 442 4488 proxime
466 4409 544 4472 infra
567 4412 705 4492 sequenti
729 4413 799 4474 Jovi
822 4414 945 4494 ejusque
969 4415 1064 4494 primo
1083 4415 1162 4489 orbi,
1187 4425 1261 4496 quot
1283 4418 1403 4478 omnino
1427 4417 1553 4484 orbibus
1576 4436 1669 4498 snpe-

308 4497 369 4560 rior
390 4493 411 4575 lj
436 4499 545 4560 lertm:
577 4501 638 4562 ond
660 4501 767 4563 minus.
813 4502 902 4563 Nam.
917 4503 967 4565 ubi
994 4503 1093 4582 prima
1114 4504 1202 4566 Jovis
1231 4522 1286 4583 per
1309 4506 1507 4568 restituentes
1537 4507 1672 4572 liberata

309 4585 399 4648 fuerit
428 4587 466 4648 ab
491 4585 559 4650 aliis
577 4588 707 4652 Saturni
731 4590 875 4663 motibus,
906 4590 1036 4654 obnoxia
1061 4600 1172 4670 tanuen,
1192 4593 1290 4656 adbuc
1312 4593 1426 4672 primae
1449 4591 1485 4670 ὅ,
1507 4615 1571 4658 non
1595 4615 1670 4677 opus

308 4683 358 4734 est
379 4675 463 4738 illam
486 4677 577 4738 etiarn
606 4677 644 4738 ab
667 4677 756 4755 hnjm
779 4687 862 4740 motu
890 4678 1026 4741 liberari:
1057 4699 1124 4743 oum
1146 4681 1301 4761 utriusque
1329 4683 1410 4746 idenr
1440 4691 1544 4748 motus
1572 4686 1616 4748 sit
1638 4693 1670 4748 et

308 4763 473 4826 communie
498 4765 645 4842 sphaerae
668 4766 803 4828 trorum
850 4765 1110 4838 Quemadmodum
1136 4769 1230 4851 iqitm
1251 4770 1350 4852 prima
1372 4767 1393 4855 b
1416 4779 1531 4837 motum
1555 4775 1671 4840 nullum
