3586 5518
686 287 805 354 cunr.
1377 291 1438 358 115

108 453 174 514 eltuto
196 451 321 532 iusuper
337 449 481 524 mutabili,
493 448 521 524 ¹²)
545 447 703 528 tripliciter
722 449 807 512 nobis
821 447 1055 512 considerandus
1075 458 1132 513 cst.
1149 447 1171 524 ι)
1209 449 1299 513 Initio
1321 460 1439 514 remota

108 538 364 613 eccenlricitate¹¹);
388 540 468 604 orbis
486 539 578 618 igitur
599 537 646 600 hic
665 546 822 620 motusque
843 537 953 598 Terrae
969 538 1023 600 luas
1039 539 1266 602 commoditates
1280 550 1437 620 praestat:

107 630 159 711 quod
182 649 241 692 nou
265 629 434 708 indigemus
458 628 554 692 tribus
582 626 758 689 ecceutricis
786 626 814 687 iu
844 625 964 688 usitatis
995 627 1224 706 hypothesibus,
1256 629 1320 708 scil.
1347 628 1437 706 Solis,

108 718 211 780 lenens
235 727 269 780 et
290 716 444 780 Mercurii.
479 717 559 780 Nam
582 735 636 800 pro
661 734 706 786 eo,
731 715 808 796 quod
830 715 923 776 Terra
946 714 1027 778 circa
1049 717 1104 778 hos
1128 727 1190 780 tres
1213 718 1354 797 planetas
1378 720 1438 782 cir-

107 807 287 882 uurebitnr,
321 807 480 868 terricolae
509 804 684 868 existimant
712 813 776 866 tres
804 803 872 866 illos
901 805 981 866 circa
1004 825 1036 864 se
1061 805 1225 868 immobiles
1250 807 1438 870 circumvehi.

108 895 140 958 Sic
160 916 199 958 ex
220 915 280 960 unu
304 903 388 958 motu
412 903 474 958 tres
499 893 622 956 iaciunt.
670 891 757 964 Quod
787 894 811 954 si
840 893 942 972 plures
970 903 1073 956 esseut
1102 895 1209 958 stellae
1234 895 1315 958 iutra
1338 897 1439 960 orbern

106 987 208 1059 Terras,
240 985 377 1064 pluribus
406 985 495 1046 etiam
520 984 597 1045 hunc
620 991 730 1046 motum
759 981 955 1044 ascriberent.
1003 980 1124 1046 Cadunt
1157 985 1247 1046 etiam
1280 986 1336 1048 hoc
1368 988 1439 1048 orbe

106 1075 184 1154 posito
206 1083 271 1138 tres
289 1073 392 1152 magni
408 1073 542 1156 epicycli,
568 1072 700 1146 Saturni,
725 1072 821 1144 Joris,
847 1080 879 1133 et
893 1071 1011 1146 Martis,
1036 1092 1101 1133 curu
1117 1093 1217 1137 eorum
1231 1076 1369 1136 motibus.
1406 1075 1438 1138 ld

107 1163 232 1244 quomodo
247 1162 380 1237 accidat,
404 1161 433 1224 iu
449 1162 598 1242 adjunctis
612 1160 765 1240 parallelis
780 1160 983 1222 schematibus
1008 1161 1099 1224 videri
1123 1171 1225 1242 potest
1248 1163 1304 1236 (lll
1321 1175 1352 1226 et
1376 1162 1438 1238 li),

107 1271 202 1314 rursum
225 1251 314 1325 euim,
339 1251 411 1330 quia
433 1250 528 1314 Terra
551 1250 579 1311 iu
603 1259 765 1330 conspectu
790 1248 915 1312 Saturni
939 1251 1039 1331 (quasi
1064 1252 1253 1332 quiescentis,
1281 1254 1349 1333 quia
1371 1261 1437 1314 tar-

106 1341 152 1402 dior
174 1342 234 1414 est)
257 1341 287 1402 in
312 1341 385 1402 orbe
409 1358 463 1401 suo
486 1340 636 1413 circumit,
662 1359 680 1400 a
704 1338 835 1402 Saturno
859 1340 1002 1402 recedens
1026 1349 1059 1402 et
1081 1344 1241 1418 accedeus,
1266 1342 1440 1404 existimant
1473 1357 1476 1368 ·

107 1431 211 1502 incolae,
234 1427 400 1492 Saturnum
424 1429 453 1490 iu
478 1428 610 1509 epicyclo
633 1447 687 1489 suo
711 1428 874 1503 circumire,
900 1429 1053 1503 accedere,
1079 1433 1232 1506 recedere,
1257 1451 1291 1494 se
1315 1451 1385 1494 vero
1410 1429 1438 1492 in

105 1527 187 1580 centro
209 1517 290 1581 orbis
314 1517 361 1578 sni
386 1517 550 1597 quiescere.
598 1514 748 1579 Oirculurn
772 1517 863 1596 igitur
885 1519 942 1579 AB
967 1519 1030 1595 (fig.
1060 1517 1113 1592 to)
1142 1529 1250 1600 putant
1276 1540 1344 1582 esse
1372 1521 1437 1599 epi-

105 1608 184 1689 eyclos
206 1627 243 1686 g,
268 1606 296 1680 i,
323 1606 333 1667 l
356 1607 423 1684 (lig.
450 1605 512 1680 ll).
559 1606 636 1668 Item
664 1614 787 1686 propter
810 1606 938 1668 Telluris
967 1607 1043 1669 huuc
1071 1609 1195 1670 eundem
1221 1628 1374 1672 accessum
1399 1609 1438 1670 ad

118 4125 234 4204 plautas
255 4135 287 4192 ot
308 4143 463 4192 recessum
485 4122 517 4186 iu
540 4119 611 4186 orbe
634 4141 688 4186 suo
718 4119 856 4185 videntur
883 4115 969 4182 nobis
997 4117 1081 4200 ipsae
1105 4117 1231 4198 quinque
1254 4113 1442 4195 planetarum

119 4215 268 4281 latitudines
291 4217 427 4298 aliquam
450 4213 628 4277 varietatem
651 4213 807 4293 accubem
830 4229 918 4290 quam
942 4208 1131 4271 librationem
1153 4216 1187 4269 ut
1210 4205 1344 4268 salvaret
1366 4205 1441 4266 Pto-

120 4303 242 4383 lemaeus,
270 4324 398 4370 necesse
423 4303 479 4384 ipsi
502 4303 559 4366 luit
582 4303 709 4383 quinque
732 4301 808 4363 alios
831 4307 930 4362 motus
953 4305 1102 4372 statuere,
1135 4295 1183 4377 qui
1212 4311 1314 4357 omues
1344 4293 1442 4374 posito

120 4393 189 4456 unico
208 4396 334 4462 Telluris
357 4399 441 4456 motu
463 4391 584 4456 cadunt.
1334 4411 1340 4418 ·
1401 4467 1407 4480 .

190 4484 228 4547 Et
247 4483 383 4565 quamvis
407 4481 438 4544 hi
456 4499 558 4544 omues
576 4487 683 4554 motus,
708 4477 843 4540 undecim
861 4494 992 4550 numeru,
1017 4473 1156 4536 emundo
1175 4469 1364 4536 exterminati
1383 4474 1444 4528 siut

122 4571 261 4638 subatitutu
286 4573 345 4637 huc
373 4570 461 4634 unico
484 4569 594 4632 Terrae
616 4575 725 4642 motu,
758 4565 946 4630 nihilomiuus
976 4563 1072 4626 adhuc
1100 4561 1224 4624 aliarum
1251 4555 1441 4639 plurimarum

123 4678 200 4726 tumn
225 4681 333 4728 moue
362 4659 540 4728 redduntur,
572 4677 645 4739 quus
668 4657 861 4720 Ptolemaeus
888 4673 926 4716 eu
952 4659 1016 4715 tam
1043 4649 1144 4714 multis
1167 4645 1296 4712 motibus
1317 4641 1441 4703 reddere
1553 4706 1556 4716 ¹

123 4765 170 4812 n
255 4751 262 4768 .

187 4759 385 4925 mrum
408 4857 430 4900 a
450 4835 623 4902 Ptolemaeo
646 4834 748 4918 quaeri
773 4832 889 4915 putuit,
912 4831 968 4913 uui
993 4829 1066 4904 fiat,
1095 4826 1172 4908 quod
1199 4815 1356 4885 ecceutrici
1378 4823 1442 4878 tres

1189 4923 1232 4976 8}
