3542 5528
699 285 858 340 nemu.
1404 286 1446 355 so

103 441 136 502 de
156 437 209 502 hac
230 459 282 503 re:
307 451 345 506 at
370 447 444 526 qnia
464 447 642 526 perturbata
664 448 726 510 sint
747 449 879 524 consilis,
905 453 1027 527 propter
1050 449 1189 528 expirans
1212 448 1356 510 salarium
1370 447 1446 530 Sty·

103 529 204 590 rincum
225 531 424 604 (renuntiavi
453 535 550 608 enim,
583 537 678 598 iturus
706 537 735 597 in
761 538 889 616 patriam
919 545 951 597 et
974 536 1063 598 alium
1087 537 1235 598 dominum
1260 537 1447 617 quaesiturus

104 619 198 692 libere)
220 621 334 683 suadet
359 625 564 694 vehementer,
590 637 621 686 ut
644 627 754 688 omissa
769 625 1001 705 Wirtembergia
1023 626 1052 686 in
1071 625 1246 688 Bohemiam
1269 644 1357 705 quam
1381 629 1446 707 pri·

101 727 170 770 mum
192 709 337 773 venirem.
387 714 525 775 Incertus
549 715 664 775 haereo.
711 713 762 776 Sic
786 725 884 776 tamen
908 714 1052 788 meditor,
1081 715 1216 776 Linoium
1240 714 1282 776 ire
1306 733 1372 776 cum
1396 717 1446 778 ia.

100 797 180 868 milia,
203 798 301 878 eatque
327 801 373 863 ibi
398 803 505 865 relicta
526 803 654 882 Pragam
679 813 781 883 petere
804 805 895 874 solus,
920 812 950 864 et
968 822 1024 884 qno
1049 804 1113 866 loco
1138 805 1193 864 sim
1216 804 1343 879 futurus,
1368 807 1447 885 quod

100 885 242 949 habitums
267 890 431 964 salarium,
456 909 543 972 quam
565 911 647 972 spem
666 893 729 973 ejus
748 891 950 973 extorquendi,
975 893 1157 972 provisurus,
1182 899 1323 972 quantum
1347 893 1447 955 divina

99 975 188 1052 gratia
209 977 283 1040 mibi
309 979 483 1042 indulserit.
530 982 575 1042 At
597 982 622 1042 si
646 1001 755 1062 magna
778 982 839 1043 sint
861 981 1046 1042 incommoda
1070 984 1181 1056 futura,
1210 999 1347 1042 reversus
1371 983 1446 1044 Lin-

97 1067 165 1128 cinm
187 1085 254 1128 oum
280 1068 406 1134 familia
429 1087 481 1149 per
502 1069 672 1132 Danubium
695 1071 732 1132 sd
755 1089 809 1132 vos
832 1070 1025 1154 contendam,
1050 1071 1115 1132 Deo
1138 1071 1231 1132 vitam
1253 1079 1444 1150 prorogante.
1465 1077 1471 1089 '

97 1155 257 1218 Medicinae
272 1175 401 1220 cursum
416 1158 602 1238 auspicabor,
627 1159 738 1221 dabitis
757 1159 826 1221 mihi
842 1161 971 1221 fortusse
985 1160 1271 1239 professiuncnlam:
1296 1159 1366 1237 quia
1380 1179 1446 1222 me·
1526 1177 1529 1181 ’

98 1245 207 1306 hercule
231 1264 272 1307 ex
297 1248 396 1310 divite
420 1247 449 1309 in
473 1266 526 1327 spe
550 1247 648 1310 factus
671 1267 737 1310 sum
757 1247 962 1328 pauperrimus
980 1265 1012 1309 ro
1031 1248 1105 1328 ipsa.
1138 1249 1270 1311 Uxorem
1284 1247 1362 1308 enim
1377 1249 1447 1310 duxi

96 1353 129 1394 ex
141 1334 292 1414 locuplete
309 1337 421 1411 domo;
445 1337 529 1416 cujus
548 1344 615 1397 tota
633 1339 772 1417 cognatio
795 1338 825 1398 in
848 1337 953 1398 eedem
977 1344 1025 1398 est
1047 1337 1125 1400 navi.
1159 1337 1204 1399 At
1226 1343 1292 1397 tota
1315 1336 1459 1416 ipsorum.

94 1422 261 1484 substantia
287 1427 393 1487 estin
417 1425 624 1500 immobilibus,
648 1446 723 1507 quae
747 1435 815 1487 sunt
837 1425 1000 1501 vilissima,
1026 1426 1113 1488 immo
1137 1445 1173 1486 ne
1197 1425 1315 1504 quidem
1338 1427 1445 1487 vendi-

92 1511 168 1573 bilia.
218 1509 339 1576 Omnes
363 1515 426 1577 illis
447 1514 563 1576 inhiant
586 1515 650 1576 sine
674 1517 779 1596 pretio.
823 1513 953 1577 Cautum
977 1515 1053 1575 enim
1077 1522 1126 1576 est
1148 1515 1268 1576 decreto
1292 1512 1444 1593 principis,

94 1600 214 1679 nequis
238 1621 279 1664 ea
303 1603 395 1679 bona,
422 1623 496 1683 quae
520 1622 576 1665 non
601 1605 768 1667 vendiderit
791 1605 870 1666 intra
894 1600 936 1665 lu
959 1604 1033 1676 dies,
1058 1603 1147 1664 alicui
1168 1602 1319 1682 pontificio
1344 1602 1443 1663 locare

93 1689 192 1767 possit.
227 1689 314 1754 Sunt
328 1693 405 1754 haec
422 1693 538 1774 quidem
563 1692 675 1772 gravia.
715 1693 759 1755 At
775 1711 833 1755 non
853 1692 1055 1766 credidissem,
1081 1692 1155 1753 adeo
1180 1690 1265 1752 dulce
1289 1707 1366 1765 esse,
1390 1708 1444 1770 pro

94 1779 243 1855 religione,
267 1799 328 1860 pro
349 1779 463 1845 Christi
486 1781 613 1858 honore,
638 1802 703 1844 cum
727 1781 909 1862 aliquantulo
933 1789 1021 1842 coetu
1045 1782 1169 1842 fratrum
1193 1780 1311 1854 damna,
1336 1788 1444 1841 contu-

94 1869 193 1930 melias
215 1870 297 1948 pati,
325 1871 440 1944 domos,
465 1889 563 1948 agros,
588 1871 713 1947 amicos,
740 1871 869 1950 patriam
893 1870 1040 1931 deserere.
1088 1867 1122 1930 Si
1145 1887 1246 1929 vemm
1269 1867 1444 1949 martyrium

94 1968 121 2018 et
141 1958 223 2019 vitae
243 1958 374 2038 jactura
396 1958 589 2040 proportione
613 1961 739 2040 quadam
762 1958 939 2039 respondet,
970 1964 1003 2019 ut
1025 1977 1082 2038 quo
1105 1958 1201 2037 majus
1225 1957 1364 2018 damnum
1387 1957 1444 2018 hoe

94 2047 181 2126 major
203 2047 331 2110 laetitia
354 2049 416 2110 sit:
448 2048 535 2110 facile
564 2055 611 2109 est
633 2057 665 2110 et
687 2049 759 2110 mori
783 2065 836 2127 pro
860 2047 1013 2126 religione.
1061 2045 1123 2109 Sed
1150 2047 1224 2108 haec
1253 2044 1369 2118 fusius,
1394 2046 1442 2107 ubi

94 2137 331 2200 convenerimus.
378 2137 446 2200 Non
475 2155 561 2198 cesso
589 2146 686 2200 tamen
716 2136 822 2199 luctari
851 2142 882 2196 et
908 2154 974 2200 cum
1004 2135 1196 2198 incommodis
1220 2134 1443 2214 temporalibus,

95 2232 124 2286 ut
143 2225 244 2286 banno
270 2227 385 2300 solvar,
410 2246 446 2288 ue
470 2226 652 2290 decimentur
675 2225 752 2286 bona
775 2225 875 2286 uxoris
898 2242 1002 2285 meae:
1028 2231 1203 2305 argumento
1223 2243 1241 2283 a
1262 2241 1329 2286 mea
1351 2222 1442 2284 resti-

95 2313 203 2376 tutione
227 2322 334 2394 capto,
359 2335 395 2376 nc
420 2317 462 2377 sit
484 2334 520 2374 ea
543 2315 612 2376 mihi
635 2315 732 2376 fraudi
754 2311 863 2392 potins,
889 2332 978 2392 quam
999 2314 1088 2375 bono.
1125 2313 1204 2376 Nam
1224 2311 1250 2372 si
1266 2320 1336 2373 ente
1355 2310 1443 2373 bien-

96 2401 168 2463 nium
191 2422 251 2464 non
278 2403 448 2476 rediissem,
473 2401 698 2468 decimationem
713 2401 883 2481 effugissem
898 2409 929 2463 et
943 2403 1039 2463 multa
1058 2403 1126 2464 alia.
1163 2400 1214 2463 Sic
1234 2408 1304 2462 sunt
1326 2398 1445 2481 ἑχθρων

96 2489 194 2570 ridapa
217 2497 315 2571 depo,
341 2500 374 2554 et
397 2494 446 2572 qui
470 2501 551 2554 amat
573 2492 701 2572 patriam
724 2499 755 2552 et
778 2491 869 2564 bona,
895 2490 1014 2553 amittet
1037 2492 1108 2554 illa:
1134 2491 1212 2572 quod
1235 2489 1306 2550 mihi
1331 2489 1378 2550 fas
1403 2488 1445 2550 sit

97 2580 122 2640 in
144 2582 220 2642 bunc
245 2601 370 2643 sensum
395 2583 579 2662 detorquere.
618 2581 661 2642 Tu
685 2581 710 2641 si
734 2599 780 2642 me
804 2581 840 2641 de
865 2578 953 2642 rebus
977 2581 1124 2662 aliquibus
1143 2580 1300 2642 certiorem
1318 2578 1444 2640 reddere

98 2669 147 2744 vis,
170 2669 309 2732 Lincium
334 2671 422 2732 mitte
444 2671 545 2732 literas
566 2671 603 2729 ad
623 2669 777 2732 emeritum
792 2676 938 2730 rectorem
953 2667 1169 2732 Memhardum.
1202 2667 1275 2730 Inde
1294 2666 1325 2728 in
1339 2667 1442 2730 Bobe-

98 2758 181 2820 uriam
205 2759 288 2821 mitti
310 2767 462 2840 poterunt,
488 2766 540 2818 aut
562 2759 644 2820 uxori
669 2777 754 2820 meae
780 2758 869 2819 tradi.
916 2758 994 2819 Vale
1020 2767 1051 2820 et
1072 2777 1126 2838 pro
1150 2756 1235 2818 nobis
1259 2775 1321 2817 ora.
1367 2771 1402 2798 ·,

178 2843 210 2912 9.
239 2845 289 2912 19.
315 2847 404 2928 Sept.
434 2843 525 2910 1600.
738 2847 776 2907 Η.
801 2847 835 2908 Τ.
884 2843 970 2908 Grat
995 2846 1157 2927 discipulus

1144 2934 1189 2996 M.
1214 2933 1246 2996 J.
1268 2929 1398 3012 Kepler.

692 3180 726 3244 S.
750 3183 848 3246 Ru.
912 3181 914 3194 '

181 3291 304 3355 Literas
323 3298 403 3362 tuas,
428 3285 601 3350 Clarissimo
619 3287 674 3362 vir,
697 3289 880 3369 Praeceptor
897 3287 1078 3361 honorande,
1104 3305 1138 3348 eo
1154 3285 1216 3361 die,
1241 3303 1297 3367 qno
1311 3283 1442 3363 Pragam

101 3381 172 3455 veni,
196 3399 238 3443 sc.
263 3379 296 3446 9.
325 3375 375 3443 19.
401 3376 470 3439 Oct.
495 3377 623 3456 scriptas
647 3380 715 3450 (eae
739 3377 892 3440 Maestlini
915 3378 1022 3439 literae
1046 3377 1179 3451 desunt),
1203 3373 1307 3455 accepi
1324 3373 1442 3453 Pragae

101 3464 337 3532 ncommods.
381 3467 460 3529 Nam
487 3467 531 3527 ita
558 3473 738 3529 convenerat
765 3487 830 3528 oum
858 3465 1041 3544 Sobillingo,
1075 3475 1108 3528 ut
1135 3464 1232 3526 Lincii
1262 3462 1444 3542 relinqueret

102 3556 217 3633 literas,
239 3560 266 3620 si
291 3578 338 3620 me
363 3553 471 3618 Gratio
496 3555 671 3616 discessisse
695 3556 792 3618 Linoii
816 3555 1021 3635 comperisset.
1068 3552 1201 3636 Cumque
1225 3571 1272 3614 me
1295 3558 1443 3632 quartana

103 3645 240 3710 invaserit
262 3648 293 3708 in
317 3645 432 3718 itinere,
458 3644 514 3705 dici
540 3663 597 3706 non
620 3652 737 3724 potest,
763 3665 850 3725 quom
871 3643 1114 3706 melancholicnm
1138 3643 1208 3706 mihi
1230 3657 1442 3724 paroxysmum

105 3735 249 3798 eiecerint
271 3745 343 3798 tuae
365 3734 485 3808 literae,
514 3733 592 3812 qnod
619 3751 734 3795 omnem
764 3734 839 3795 adeo
867 3733 1004 3813 spemin
1033 3733 1188 3794 academia
1214 3738 1318 3792 vestra
1339 3727 1441 3808 proci-

105 3820 213 3887 demnt
244 3823 326 3888 Nam
341 3823 388 3885 hic
403 3823 519 3902 Pragae
543 3823 642 3884 inveni
665 3823 764 3883 omnia
786 3822 983 3884 incertissima
1007 3830 1038 3882 et
1060 3822 1096 3882 de
1116 3839 1180 3881 meo
1202 3821 1290 3882 vivo:
1315 3836 1441 3880 manen-

106 3911 167 3974 dum
184 3932 255 3976 vero
275 3913 344 3974 dnm
363 3912 572 3974 convalescam
588 3919 640 3972 sut
652 3909 776 3974 moriar:
805 3909 915 3972 Omnia
939 3911 1102 3993 quadruplo
1126 3916 1196 3971 snut
1216 3907 1323 3988 pretio.
1359 3907 1460 3967 Tau-'

105 4009 161 4063 tum
183 4003 285 4066 uxoris
308 4021 356 4063 me
379 4001 509 4074 miseret,
535 4019 623 4081 quam
646 4020 760 4062 mecum
783 3999 889 4062 habeo.
923 3998 1053 4078 Pragam
1067 4019 1137 4060 vero
1154 3999 1200 4074 ivi,
1225 4005 1277 4059 aut
1294 4003 1329 4058 ut
1350 4013 1442 4078 prae-

106 4098 211 4154 starem
224 4091 359 4174 Tychoni
373 4091 451 4170 quod
473 4089 605 4170 promisi,
630 4089 655 4152 si
679 4090 775 4150 victus
799 4089 895 4160 detur,
920 4095 974 4150 aut
995 4095 1029 4148 nt
1049 4087 1274 4167 praecipuarum
1297 4087 1443 4148 observa-

106 4179 211 4243 tionum
235 4198 358 4258 compos
380 4180 490 4241 flerem.
534 4179 573 4239 -Id
603 4179 642 4238 ad
668 4178 818 4239 minimum
847 4195 945 4257 spero.
992 4175 1027 4238 Si
1051 4195 1178 4258 unquam
1202 4175 1239 4236 ad
1269 4175 1360 4236 tede
1384 4173 1444 4234 tuis

108 4268 236 4348 epistolis
257 4268 456 4350 publicandis·
470 4267 586 4348 scripsi,
611 4287 657 4329 me
681 4267 775 4346 ipsum
800 4267 990 4327 vehementer
1012 4265 1110 4340 miror,
1135 4267 1220 4325 unius
1243 4264 1334 4325 horae
1357 4261 1443 4339 Kep-
1526 4272 1529 4284 ·

108 4357 193 4420 lerum
215 4359 291 4420 adeo
320 4357 470 4419 diversum
497 4377 563 4419 esse
592 4355 630 4418 ab
659 4355 786 4418 omnium
813 4356 951 4416 horarum
974 4353 1117 4433 Keplero.
1162 4355 1335 4433 Nunquam,
1366 4347 1444 4427 qnod

109 4447 203 4518 sciam,
229 4447 360 4509 animum
383 4445 498 4518 induxi,
526 4455 559 4508 ut
582 4446 612 4508 id
637 4445 780 4520 iacerem,
805 4463 953 4523 nunquam
977 4443 1048 4504 mihi
1073 4462 1135 4504 mos
1157 4443 1215 4505 iste
1238 4439 1364 4519 placuit,
1389 4454 1444 4496 nec

109 4537 256 4597 verberum
278 4533 408 4597 memini.
455 4536 499 4597 Ac
523 4553 633 4616 quaeso
657 4533 762 4608 verba,
791 4543 920 4611 tempus,
951 4532 1064 4606 locum,
1093 4532 1140 4592 vel
1162 4529 1263 4610 potius
1285 4523 1444 4607 epistolam

109 4631 198 4686 tutam
219 4625 258 4686 ad
279 4643 327 4685 me
352 4623 447 4685 mitte.
1280 4640 1284 4650 ·

191 4714 235 4776 De
257 4713 318 4775 lilio
343 4711 399 4774 tibi
423 4711 564 4774 condoleo
588 4729 625 4772 ex
649 4708 756 4783 animo,
781 4710 835 4770 sed
859 4728 916 4771 non
940 4707 1054 4769 infirma
1077 4723 1130 4784 spe
1153 4721 1227 4776 sum,
1253 4699 1302 4761 ubi
1325 4695 1443 4797 viderit,

111 4812 216 4881 quanta
229 4798 476 4866 incommoditate
488 4799 606 4864 vivetur
619 4797 699 4883 apud
714 4805 843 4878 exteros,
868 4796 1040 4869 rediturum,
1063 4801 1117 4862 aut
1134 4791 1160 4856 si
1178 4789 1304 4855 maxime
1322 4795 1446 4852 servttla
