3586 5518
624 263 636 390 ζ
713 315 880 382 ccccm.
1155 289 1186 298 ‘'
1359 319 1476 403 Ιιιι

123 497 174 551 quc
193 485 372 534 conservatur
397 477 507 548 species
536 477 609 532 doris
639 483 669 532 et
689 493 816 532 numerus
847 478 982 534 foliorum.
1024 481 1067 536 De
1088 481 1141 536 hcc
1162 482 1223 536 ride
1248 482 1374 553 epilogos
1394 483 1478 539 libro·
1507 468 1513 482 ⁸

122 577 177 616 rum
196 560 242 615 IV.
262 566 292 614 et
311 560 346 613 V.
368 557 551 614 Harmonioes
571 564 692 612 nostrae.

198 635 227 710 i)
247 641 292 694 Ita
312 645 479 708 conceptum
499 645 543 692 est
563 639 615 692 hoc
635 645 840 711 argumentum,
862 647 895 694 ut
915 640 1010 695 audire
1031 641 1112 696 selim
1133 641 1275 713 physicos,
1297 641 1361 712 qnid
1382 649 1480 698 contra

122 721 208 774 dicere
228 719 348 790 possint.
391 719 465 774 Nam
486 719 522 772 ab
538 718 591 772 -bis
617 719 655 773 25
677 719 756 773 annis
786 735 865 774 nemo
894 721 963 790 quod
988 721 1071 776 sciam
1099 721 1206 786 extitit,
1238 720 1284 793 qui
1307 721 1375 775 illud
1396 740 1480 777 exon·

122 807 199 856 teret.
241 803 280 854 At
299 815 343 854 me
374 800 478 853 candor
493 799 578 854 ,solus
598 805 704 862 moret,
735 805 768 853 ut
797 800 857 869 ipse
878 801 1026 855 excutiam.
1068 801 1151 854 Vides
1173 801 1260 873 igitur
1282 803 1385 866 lector,
1416 803 1481 874 quid

121 880 263 934 voluerim:
295 884 421 934 centrum
442 880 530 934 solum
551 896 613 932 esse
635 879 705 950 qnod
726 878 814 949 primo
835 879 908 934 circs
927 879 1019 934 Solem
1040 887 1145 952 agatur
1175 882 1335 952 ingyrum:
1367 881 1392 936 id
1414 899 1481 936 vero

121 961 162 1014 rel
182 961 241 1013 solo
261 965 332 1014 nutu
351 960 412 1014 deri
433 975 524 1029 posse
547 975 607 1012 cum
628 975 716 1031 grave
738 976 791 1014 uon
814 959 864 1022 sit,
886 965 919 1014 ut
939 960 1018 1030 cujus
1040 977 1104 1031 pars
1126 963 1213 1016 nulla.
1255 961 1336 1015 Hanc
1356 979 1481 1032 proposi·
1542 1027 1550 1034 .

120 1041 218 1094 tionem
238 1057 294 1093 non
315 1047 411 1132 potest
430 1039 496 1093 mihi
518 1038 626 1108 eripere
648 1039 798 1110 physicus,
822 1040 867 1110 qni
888 1041 1043 1105 contendit,
1067 1043 1137 1118 quod
1160 1042 1204 1095 bic
1224 1041 1360 1112 sequitur,
1390 1044 1482 1096 omnia

120 1129 238 1175 centrum
253 1120 341 1191 sequi.
381 1121 422 1173 Et
444 1119 509 1189 quia
523 1119 642 1190 vulgata
655 1119 781 1173 doctrina
810 1119 927 1189 physica
950 1128 1029 1176 tenet
1051 1122 1103 1175 hcc
1123 1124 1156 1175 dc
1177 1129 1270 1175 centro
1285 1121 1385 1186 mnndi,
1411 1123 1482 1192 quod

120 1201 209 1256 omnia
231 1200 335 1271 gravia
357 1199 384 1253 id
408 1209 532 1253 centrum
552 1205 700 1268 quaerant,
721 1199 786 1252 ideo
807 1200 964 1254 existimavi
984 1219 1038 1272 ego
1062 1218 1143 1270 posse
1162 1201 1270 1273 gravia*
1282 1203 1378 1256 eadem
1397 1217 1484 1272 opera

118 1289 240 1336 centrum
252 1280 297 1334 sui
311 1279 433 1350 corporis
458 1293 600 1350 quaerere.
641 1281 743 1333 Verum
766 1279 794 1333 iu
808 1279 951 1349 Epitomes
964 1281 1158 1335 Astronomiae
1173 1283 1221 1336 lib.
1241 1283 1265 1336 l.
1287 1281 1481 1346 demonstrari,
1503 1349 1506 1355 ἱ

118 1362 216 1416 falsum
240 1377 303 1433 esse
326 1360 380 1414 boc
402 1359 578 1430 physicorum
593 1359 718 1423 monna,
744 1362 815 1430 quod
837 1360 938 1431 graue
959 1368 1095 1431 quaerant
1120 1362 1208 1417 ullum
1222 1369 1344 1416 centrum
1367 1369 1400 1415 nt
1414 1361 1481 1425 tale,

118 1440 294 1496 fusissiuum
308 1442 380 1510 quod
395 1447 518 1494 centrum
533 1439 619 1494 totins
633 1439 739 1510 mundi3
754 1457 856 1503 rernm,
879 1441 926 1493 sed
940 1457 992 1511 per
1006 1441 1140 1505 accidens,
1160 1443 1231 1513 quod
1251 1447 1375 1496 centrum
1389 1441 1482 1495 Tellu-

118 1523 154 1576 ris
168 1527 315 1591 appetant,
341 1516 396 1574 nori
411 1536 495 1590 quam
507 1519 532 1574 id
548 1525 679 1589 punctum
692 1527 745 1583 est,
770 1521 817 1574 sed
833 1520 898 1591 quin
912 1537 1010 1591 corpus
1025 1521 1144 1575 Telluris
1159 1527 1309 1592 appetunt;
1335 1521 1405 1592 quod
1422 1537 1481 1574 cum

118 1601 154 1655 sit
168 1602 323 1663 rotundum,
348 1617 385 1654 ex
400 1616 433 1652 eo
448 1599 515 1662 lieri,
540 1605 572 1652 ut
586 1599 753 1669 appetentia
767 1599 822 1654 ista
836 1601 945 1654 feratur
957 1617 1053 1655 versus
1068 1601 1192 1666 medium,
1214 1607 1244 1654 et
1257 1600 1297 1654 sic
1309 1618 1405 1654 sersus
1421 1619 1483 1654 cen·

118 1691 203 1742 trum;
227 1683 297 1734 adeo
321 1680 437 1750 quidem,
462 1685 493 1733 ιιι
515 1679 539 1732 si
553 1679 641 1733 Terra
664 1679 784 1750 liguram
808 1681 927 1733 haberet
947 1680 1089 1735 distortam
1114 1680 1291 1744 sensibiliter,
1315 1681 1415 1752 gravia
1428 1697 1484 1735 non

117 1777 214 1816 remus
236 1777 320 1814 unum
342 1759 462 1829 undique
485 1765 616 1830 punctum
639 1765 753 1814 teneura
776 1760 887 1814 tuerint.
939 1761 998 1814 Hoc
1025 1760 1113 1832 igitur
1135 1763 1311 1815 fundamento
1338 1768 1483 1815 corruente

118 1848 260 1896 structure
273 1839 358 1894 etiam
373 1839 510 1892 evertitur
523 1837 586 1892 huic
599 1839 694 1893 nimia.
738 1839 849 1894 Scilicet
863 1857 979 1910 corpora
1002 1841 1178 1910 planetarum
1190 1842 1218 1895 in
1232 1848 1308 1896 motu
1329 1857 1379 1895 seu
1393 1849 1483 1895 trans·

118 1923 224 1976 latione
247 1920 289 1974 sni
311 1919 385 1974 circa
399 1919 490 1974 Solem
512 1936 565 1973 non
587 1927 653 1972 sunt
676 1919 877 1974 consideranda
899 1927 930 1974 ut
943 1921 1266 1988 punctamathematica‚
1289 1923 1336 1974 sed
1355 1921 1439 1992 plene
1453 1927 1487 1974 ut

120 2016 238 2071 corpere
255 2001 415 2064 materiata,
440 2007 543 2054 etcum
558 2001 675 2070 quodem
689 2001 769 2070 quasi
789 2002 910 2069 pondere
926 1996 971 2068 (nt
993 2001 1022 2055 in
1044 2001 1115 2055 libro
1134 2005 1167 2055 de
1182 2002 1267 2055 stella
1281 2017 1354 2054 nora
1376 1997 1484 2071 scripsi)

118 2083 171 2136 boo
191 2087 243 2145 eat,
267 2080 296 2134 in
316 2086 449 2150 quantum
470 2086 536 2134 sunt
557 2079 688 2149 praedita
711 2080 847 2134 facultate
870 2081 1006 2134 renitendi
1030 2081 1115 2136 motui
1134 2081 1307 2136 extrinsecus
1330 2081 1410 2134 illeto
1434 2093 1484 2150 pro

119 2163 190 2216 mole
212 2160 334 2231 eorporis
357 2167 388 2216 et
410 2159 550 2214 densitate
573 2160 717 2214 materiae.
759 2161 830 2214 Nam
846 2160 912 2231 qnia
935 2160 1020 2216 omnis
1035 2161 1154 2216 materia
1177 2163 1212 2215 ed
1235 2161 1355 2232 quietem
1368 2160 1486 2215 inclinat

121 2243 150 2294 in
161 2241 222 2295 loco
236 2240 285 2295 illo
299 2241 327 2294 iu
343 2258 395 2312 quc
410 2247 455 2294 est
470 2239 533 2305 (nisi
549 2256 647 2310 corpus
662 2239 780 2295 ricinum
794 2240 821 2293 vi
835 2239 996 2313 magnetica
1009 2240 1087 2296 illam
1103 2242 1136 2296 ad
1152 2259 1181 2295 se
1193 2237 1321 2306 alliciat),
1337 2241 1400 2296 hinc
1415 2241 1484 2294 adeo

122 2321 160 2385 lit,
175 2329 206 2376 nt
220 2321 308 2375 rirtus
323 2320 394 2376 Solis
409 2318 527 2374 motoria
547 2326 657 2390 pugnet
671 2336 730 2374 cnm
753 2321 807 2375 bac
821 2319 923 2376 inertia
942 2321 1085 2386 materiae,
1110 2323 1182 2376 sicut
1201 2322 1229 2376 in
1251 2321 1333 2376 lance
1356 2327 1497 2393 pugnant·

124 2404 174 2455 duc
196 2403 327 2472 pondere,
349 2417 441 2472 exque
466 2405 645 2471 utrarumque
659 2399 757 2454 virium
779 2400 959 2472 proportione
982 2403 1092 2456 tandem
1116 2407 1263 2456 enascatur
1286 2401 1415 2455 celeritas
1439 2400 1486 2453 vel

125 2481 239 2537 tarditas
263 2483 406 2551 planetae.
447 2479 517 2534 Vide
540 2479 768 2534 introductionem
791 2482 819 2534 in
844 2482 992 2536 Comment.
1018 2481 1126 2546 Martis,
1148 2489 1178 2537 et
1200 2482 1263 2552 ipsa
1284 2480 1488 2536 Commentaria

125 2562 238 2632 passim
262 2561 411 2632 praecipue
432 2577 498 2614 rero
522 2560 621 2615 librum
644 2561 691 2614 lv,
713 2561 856 2630 Epitomes
879 2561 1081 2616 Astronomiae.

201 2641 297 2712 Neque
320 2648 413 2696 tamen
436 2659 474 2695 ex
498 2659 531 2694 eo
554 2641 692 2712 sequitur,
723 2643 793 2711 quod
818 2641 862 2695 bic
885 2658 937 2711 per
960 2642 1061 2696 falsam
1082 2641 1321 2696 ratiocinationem
1345 2639 1486 2693 emolitum

129 2722 205 2784 ibam,
226 2722 323 2776 dubios
349 2728 379 2775 et
401 2722 556 2775 titubantes
579 2720 692 2776 motoris
706 2737 820 2792 gressus
835 2722 915 2785 effici,
938 2722 960 2775 si
975 2723 1088 2776 laborat
1108 2721 1136 2775 in
1153 2723 1284 2793 pondere,
1306 2720 1444 2790 vincitque
1458 2719 1486 2773 in

129 2817 228 2872 pugna
268 2803 339 2856 Nam
354 2809 434 2856 certa
449 2809 480 2856 et
493 2809 623 2856 constans
639 2807 683 2855 est
705 2801 846 2872 proportio
861 2801 958 2856 virium
981 2802 1054 2856 inter
1068 2819 1097 2854 se
1117 2810 1303 2871 utrarumque,
1328 2807 1358 2853 et
1370 2798 1487 2852 victoria

128 2882 271 2950 partibilis,
292 2899 343 2951 pro
357 2881 456 2936 virium
471 2882 595 2945 modulo;
617 2888 649 2935 nt
663 2899 752 2952 neque
767 2883 883 2952 planeta
896 2883 923 2935 in
939 2883 1033 2936 ecdem
1048 2881 1165 2936 baereat
1179 2881 1248 2943 loco,
1263 2897 1352 2950 neque
1371 2878 1485 2932 rotatio·

128 2961 168 3014 nis
181 2961 284 3016 Solaria
298 2961 471 3016 celeritatem
486 2968 661 3032 assequatur.
695 2966 833 3033 (Compara
851 2984 907 3020 curn
925 2967 963 3018 his
982 2983 1046 3032 quae
1066 2967 1215 3032 Ccpemicus
1235 2966 1266 3016 de
1284 2967 1408 3032 gravitate
1426 2964 1487 3015 dixit

127 3041 152 3088 in
170 3039 270 3098 ‚Borol
289 3039 451 3090 coelestium“
471 3040 513 3089 lib.
534 3039 559 3097 1,
579 3054 635 3104 cap.
656 3036 694 3100 9,)

202 3110 236 3186 g)
258 3112 415 3167 Manifestis
430 3113 627 3183 experimentis
645 3113 699 3166 hcc
718 3111 817 3166 falsum
832 3113 1054 3182 deprehenditur.
1096 3112 1223 3166 Pondere
1240 3109 1352 3164 seorsim
1373 3108 1483 3174 ferrum,

127 3195 237 3247 seorsim
251 3201 281 3247 et
294 3203 465 3265 magnetem
488 3193 589 3264 collige
604 3194 727 3262 pondera
741 3192 769 3247 in
782 3208 865 3248 unam
880 3209 1019 3248 summam.
1062 3193 1253 3262 Suspendatur
1271 3191 1367 3245 deinde
1383 3189 1485 3250 fernum

126 3281 287 3346 amagnete
303 3273 329 3326 vi
352 3274 404 3327 illa
426 3272 571 3337 invisibili;
595 3289 710 3344 magnes
734 3289 799 3325 vero
823 3279 951 3327 nectatur
974 3289 992 3328 a
1015 3273 1167 3328 lanceam
1185 3271 1332 3341 injiciatur,
1357 3271 1423 3341 quia
1444 3268 1485 3322 vis

125 3361 250 3422 permeat
264 3355 379 3418 lancem,
406 3353 429 3406 si
443 3370 498 3407 non
512 3353 549 3407 sit
563 3353 669 3407 ferrea:
691 3352 805 3416 videbis,
828 3361 994 3424 magnetem,
1018 3355 1080 3408 dnm
1095 3357 1160 3407 actu
1173 3358 1252 3406 tenet
1266 3357 1417 3406 attractum
1431 3349 1486 3404 fer·

124 3449 191 3498 rum,
217 3451 306 3505 aeque
329 3435 545 3504 ponderatorum
570 3433 704 3504 utrisque,
726 3432 803 3503 prius
827 3433 863 3486 ab
886 3434 1001 3488 invicem
1025 3433 1173 3504 separatis.

204 3512 235 3580 b)
272 3515 335 3569 Non
366 3513 509 3585 equidem,
543 3515 615 3584 quod
647 3513 766 3568 influxus
795 3512 930 3568 cceldetes
962 3515 1107 3586 indigeant
1139 3515 1234 3584 aliqua
1265 3511 1399 3574 materie,
1434 3526 1489 3580 qua

124 3597 158 3648 ad
180 3612 231 3650 nos
257 3594 449 3659 devehantnr;
474 3595 574 3647 falsum
601 3593 672 3648 enim
697 3601 741 3648 est
763 3592 832 3648 illud
854 3593 1032 3658 Aristotelis,
1057 3599 1123 3648 edre
1147 3609 1216 3663 opus
1238 3609 1300 3648 esse
1324 3594 1358 3645 ad
1384 3591 1488 3644 sensio·

123 3691 185 3729 nem
209 3675 331 3745 corporis
353 3672 459 3728 Solaria
483 3675 725 3744 transportandam
748 3690 835 3743 usque
859 3676 894 3726 ad
918 3676 1035 3740 oculum,
1061 3680 1091 3728 ιιι
1114 3675 1142 3728 in
1158 3673 1264 3742 Opticis
1287 3670 1487 3725 demonstravi:

123 3756 190 3826 quin
209 3755 317 3825 potius,
349 3771 402 3825 quo
432 3753 521 3808 minus
542 3753 660 3807 occurrit
690 3753 824 3807 materiae
852 3753 881 3806 in
900 3753 999 3808 itinere
1020 3755 1121 3818 medio,
1151 3754 1205 3807 hcc
1234 3751 1321 3806 minus
1343 3751 1490 3820 impeditur

123 3836 174 3890 lux
194 3836 223 3890 in
243 3834 411 3905 trajectione
433 3849 493 3888 sua.
535 3835 594 3888 Hoc
615 3833 702 3904 igitur
728 3832 781 3886 sibi
801 3834 898 3887 volunt
923 3833 979 3887 ista
1003 3836 1105 3888 rerba:
1137 3833 1208 3887 sicut
1228 3848 1345 3902 corpore
1364 3848 1419 3884 non
1441 3829 1488 3884 im·

123 3916 248 3986 pediant,
270 3933 324 3986 qno
345 3915 434 3968 minus
455 3914 574 3968 influxus
597 3913 732 3967 coelestes
755 3913 782 3966 in
803 3912 900 3966 intima
920 3921 1076 3983 penetrent,
1098 3914 1138 3967 sic
1152 3913 1235 3967 etiam
1255 3911 1386 3967 motories
1401 3909 1489 3964 facul·

125 4003 200 4050 tates
221 4013 277 4050 non
298 3993 425 4066 indigere
447 3994 607 4064 corporibus
628 3993 766 4065 aliquibus
787 3992 963 4056 intermediis,
987 3993 1084 4064 quibus
1106 3993 1192 4047 veluti
1214 3992 1320 4046 catenis
1342 3989 1490 4044 autsecti-

125 4077 177 4130 bus
199 4077 336 4131 merenda
355 4074 534 4146 planetarum
555 4089 672 4143 corpora
691 4073 874 4144 prehendant.
916 4073 1024 4128 Ludere
1046 4073 1153 4144 placuit
1173 4073 1200 4126 in
1222 4089 1290 4126 voce
1312 4071 1385 4126 atris
1405 4071 1490 4141 paulo

127 4157 269 4213 mdaoius
312 4155 385 4218 Quid
407 4153 481 4208 orbis
502 4155 548 4208 rel
570 4155 696 4208 coelum?
738 4153 808 4215 Quid
829 4153 881 4207 nisi
904 4159 972 4208 adr?
1013 4155 1051 4207 Et
1073 4153 1137 4224 quid
1158 4157 1226 4206 adr?
1262 4152 1332 4214 Quid
1354 4151 1405 4205 nisi
1428 4153 1489 4220 spe*
1560 4187 1565 4195 .

127 4236 181 4290 sies
209 4235 401 4291 immateriata
429 4234 566 4304 corporis,
599 4235 670 4304 quod
695 4225 798 4288 motum
829 4234 952 4302 planetis
973 4234 1072 4297 infert,
1103 4233 1131 4287 iu
1158 4233 1307 4303 gyratione
1332 4229 1503 4284 versantisi'

130 4317 211 4388 Atqui
231 4317 377 4388 seposito
371 4315 448 4368 lusu
471 4316 652 4368 concedamus
679 4319 772 4368 adrem
797 4321 920 4368 nostrum
941 4331 1003 4368 esse
1024 4329 1123 4383 corpus
1144 4313 1334 4376 materiatum,
1365 4323 1489 4379 permea-

132 4396 184 4452 bile
205 4414 224 4452 a
242 4395 429 4452 facultatibus
451 4393 629 4465 magneticia,
660 4393 796 4456 meteriis,
828 4394 1028 4457 calefactoriis,
1059 4393 1262 4447 illuminatoriis
1292 4399 1322 4446 et
1342 4388 1489 4444 similibus:

135 4485 163 4530 ut
181 4478 216 4532 sit
234 4495 324 4550 sapor
355 4493 412 4530 nou
443 4481 504 4529 tcto
532 4490 637 4546 genere
658 4474 796 4528 diversum
825 4475 962 4538 chaere,
995 4475 1042 4528 sed
1064 4473 1164 4527 saltem
1193 4473 1336 4588 gredubus
1357 4461 1490 4521 crassitiei

136 4557 268 4614 distinctus
291 4575 311 4614 a
330 4554 505 4612 circumducis
527 4555 602 4608 atris
622 4554 736 4624 campis.
