3586 5518
717 287 879 342 Prooemium.
1211 315 1215 334 a
1436 291 1480 358 93

179 441 389 496 Hsestliuus:
420 445 463 496 De
476 444 655 511 Stntgardiauo
673 448 774 512 nogotio
793 448 863 498 rideo
883 448 969 496 omnia
986 449 1113 510 quiescere
1132 449 1159 498 'et
1176 449 1255 498 silere.
1284 447 1481 515 Kraetumsyaro

120 511 215 578 multum
233 517 328 582 nogotii
347 517 458 568 facessit
475 515 595 576 machina
609 516 755 582 hydraulica
774 519 915 569 artificiose.
944 517 992 568 Ubi
1010 519 1043 568 sit
1061 518 1148 584 globus
1166 526 1299 584 argenteus
1317 521 1412 586 ignoro,
1431 523 1481 574 ior·

120 601 161 635 sau
177 601 218 650 per
234 585 320 636 literas
340 588 437 638 frustra
456 603 565 653 quaero,
585 590 631 637 nisi
651 591 783 640 occasione
802 590 888 640 oblata
906 591 1022 655 egoipse
1043 587 1213 656 Stutgardiam
1231 593 1333 642 veniens
1351 593 1480 658 inquiram.

121 655 165 706 Sed
181 657 244 720 apud
261 657 479 723 Kretzmayernm
497 659 565 708 illum
577 661 687 710 ¹inveniri
706 661 794 717 credor
820 661 850 710 de
874 661 923 710 alio
943 664 1009 710 enim
1027 667 1147 727 argento,
1172 668 1272 726 praeter
1289 662 1355 714 hunc
1373 664 1481 728 globum,

121 727 173 778 nibil
188 727 245 778 mibi
263 731 383 780 11111111.
423 729 624 794 Descriptioneur
643 731 748 782 launum
766 746 818 782 uua
837 745 893 781 cum
910 732 996 782 rotulis
1015 734 1079 782 sicut
1095 734 1160 796 petis
1178 735 1292 783 remitto:
1316 733 1375 785 Una
1392 735 1482 792 rotula.

121 813 177 862 quse
193 807 278 850 cauma
297 801 403 851 ductum
422 801 483 866 ligni
501 803 583 852 incisa
601 804 656 862 luit,
675 805 701 852 in
718 804 799 854 multa
816 803 958 869 fragmenta
976 803 1023 853 init
1036 804 1174 861 conlracta,
1193 819 1248 854 oum
1267 819 1324 856 eam
1341 807 1425 870 primo
1438 819 1479 856 ac·

121 871 235 934 cepissem.
274 868 330 932 (12.
352 871 398 922 22.
420 875 478 937 Apr.
500 869 591 936 lete.)

197 959 389 1038 Machanica,
410 971 537 1035 respondit
555 970 679 1034 nepum
698 969 753 1034 (²9.
772 975 835 1040 Aug.
857 968 912 1033 99),
934 964 1036 1044 accepi
1052 983 1110 1025 non
1125 964 1298 1043 integriora,
1320 985 1409 1047 quam
1425 987 1479 1028 oe·

123 1067 196 1110 cesse
216 1058 274 1112 est.
309 1049 359 1114 De
376 1051 468 1132 globo
488 1061 519 1114 et
538 1052 657 1115 circulis
682 1053 798 1134 aliquot
821 1053 975 1134 argenteis
998 1053 1097 1134 planis
1122 1072 1234 1134 quaeso
1259 1073 1339 1129 cura,
1365 1056 1391 1118 si
1413 1057 1479 1118 fieri

122 1138 170 1200 abs
191 1149 219 1202 te
240 1148 349 1220 potest
373 1141 451 1204 citra
473 1141 628 1224 invidiam.

184 1243 230 1294 Die
250 1243 292 1294 15.
315 1244 360 1298 25.
379 1246 437 1296 Jao.
460 1243 610 1296 11011111
628 1247 769 1310 praemissio
789 1245 859 1295 addit
876 1245 1043 1296 Maeotiinaa:

183 1313 221 1365 De
238 1316 407 1366 iuramento
425 1331 470 1367 seu
488 1331 560 1381 opere
578 1319 756 1367 mathematico
774 1317 823 1366 hnc
842 1331 918 1382 nsque
936 1317 997 1366 nibil
1017 1319 1077 1366 certi
1096 1317 1225 1380 comperiri
1242 1319 1325 1381 potui,
1349 1320 1396 1368 uisi
1414 1321 1479 1385 quod

124 1386 234 1436 1111111111
251 1387 293 1437 ille
317 1387 519 1453 Stutgardiauus,
539 1389 579 1452 qni
598 1391 624 1438 in
644 1391 787 1439 consistorio
806 1388 888 1438 ducali
908 1402 1056 1438 assessorem
1076 1389 1129 1452 agit
1142 1384 1193 1450 (lt,
1212 1403 1290 1453 nuper
1307 1389 1366 1440 mibi
1385 1391 1478 1451 retulit,

123 1457 177 1520 quod
189 1456 290 1507 Carolus
306 1460 433 1508 aurifaber
445 1474 487 1522 pro
507 1473 647 1524 operassna
664 1461 752 1526 ingena
770 1460 876 1522 pretium
894 1459 1040 1522 poposcerit.
1069 1458 1120 1508 Sed
1138 1474 1244 1510 censura
1262 1464 1314 1523 ojus
1333 1463 1479 1526 quibusdam

123 1527 243 1592 deputatis,
262 1532 332 1579 inter
349 1545 410 1594 qnos
429 1537 455 1578 et
473 1532 534 1592 ipse,
554 1531 594 1595 qui
613 1531 672 1580 milri
690 1532 782 1592 retulit,
802 1531 857 1584 furit.
878 1528 1015 1593 aprincipa
1027 1529 1075 1579 tait
1086 1533 1227 1587 commissa,
1245 1533 1285 1598 qni
1297 1534 1403 1596 pretium
1417 1534 1478 1584 iilud

122 1600 166 1649 lara
184 1600 215 1649 sd
232 1601 363 1650 dimidium
382 1606 564 1651 contraxerunt.
1072 1657 1074 1662 ,

183 1669 241 1722 lude
260 1673 295 1721 ab
314 1673 362 1722 hoc
380 1680 490 1736 tempore
508 1673 544 1722 uil
563 1673 668 1736 amplius
687 1672 717 1721 da
736 1672 782 1722 boo
802 1671 874 1736 opeie
893 1671 1008 1726 occursu.
1031 1685 1105 1734 quum
1123 1673 1212 1722 turbae
1231 1680 1283 1723 tum
1301 1676 1417 1738 temporis
1437 1690 1478 1726 ex·

121 1749 179 1792 ortae
195 1743 220 1792 in
239 1743 337 1806 styria,
358 1744 445 1808 quibus
463 1744 587 1808 Keplerus
605 1757 701 1808 qnoque
719 1744 829 1809 agitatus
849 1748 888 1818 est
906 1739 998 1805 (comp.
1018 1756 1043 1805 p.
1064 1739 1106 1791 39.
1126 1741 1157 1792 tl
1173 1741 1248 1810 sqq),
1267 1745 1399 1796 rideantur
1417 1745 1477 1797 elie-

122 1813 189 1874 cisse,
206 1822 234 1864 ut
253 1813 285 1865 de
302 1828 335 1864 re
354 1814 458 1864 ulterius
475 1815 661 1880 persequenda,
681 1829 732 1863 non
751 1815 855 1877 amplius
874 1815 1005 1878 cogitaret.

181 1884 277 1935 Tabula
297 1886 400 1949 11111111
418 1885 496 1935 solum
513 1895 628 1950 superest
646 1887 773 1949 specimen
792 1887 929 1934 conaminis
945 1884 1076 1946 juvenilis,
1101 1885 1166 1948 quod
1183 1885 1285 1944 literae,
1311 1901 1372 1952 quas
1390 1903 1477 1954 propo-

121 1957 212 2012 suimus,
229 1957 342 2021 pluribus
362 1955 479 2028 subibant
498 1957 655 2021 descriptum.
752 2025 753 2030 1

178 2027 297 2078 Redimus
317 2028 350 2079 sd
369 2043 430 2093 opus
449 2029 551 2093 Kepleri
569 2030 658 2094 ipsum.

181 2115 243 2176 Qut
262 2119 416 2180 spectaverit
436 2118 501 2168 edito
513 2118 566 2167 boo
585 2131 658 2182 opere
678 2115 820 2180 Keplerus,
846 2114 904 2180 quid
927 2115 968 2164 alii
994 2115 1024 2164 de
1043 2131 1072 2166 eo
1088 2115 1269 2178 judicaverint,
1296 2131 1326 2166 ex
1344 2119 1387 2174 lis,
1412 2133 1477 2184 quae

121 2206 287 2266 praemisimus,
308 2206 400 2257 elucet
438 2209 519 2272 Atque
539 2207 731 2261 adolescentem,
752 2219 844 2254 annum
862 2210 915 2254 tum
936 2205 1044 2254 maxime
1063 2210 1180 2269 agentem
1198 2205 1344 2256 vicesimum
1363 2209 1478 2270 quintum

119 2307 161 2342 nou
177 2301 370 2346 ssmonomcrum
388 2302 496 2358 tautum,
514 2295 559 2345 sed
578 2297 653 2346 etiam
673 2295 792 2351 virorum,
812 2295 853 2357 qni
871 2293 922 2343 alia
940 2293 1069 2343 doctrinae
1088 2308 1182 2358 genera
1200 2293 1331 2354 colebant,
1351 2296 1435 2346 oculos
1452 2298 1479 2347 in

119 2395 141 2430 se
157 2384 302 2434 morertisse
324 2386 379 2448 quis
398 2391 445 2441 est,
464 2386 505 2448 qui
525 2383 647 2434 mbenni
683 2383 800 2446 Denique
819 2397 849 2431 ax
866 2381 914 2432 illis
932 2382 1008 2430 initiis
1025 2381 1135 2466 proiecto
1155 2381 1288 2441 adlllem,
1312 2397 1362 2449 qua
1379 2386 1415 2434 vir
1432 2385 1477 2435 do-

119 2471 171 2526 roit.
190 2471 292 2537 glum
312 2473 531 2523 etauctoritatem
558 2474 606 2522 iter
629 2486 683 2521 esse
709 2471 863 2535 patefactum
881 2469 1005 2533 Keplerus
1023 2470 1227 2554 ipsevindicarit,
1252 2471 1294 2535 qui
1312 2485 1362 2520 uou
1380 2479 1478 2523 1111111

118 2562 198 2622 passim
215 2563 241 2611 iu
258 2561 325 2611 libris
345 2562 523 2618 astronomicis,
544 2562 585 2626 qui
603 2561 762 2610 Prodromum
776 2559 949 2624 sequebantur,
963 2559 1033 2608 uillius
1045 2559 1196 2608 mentionem
1216 2559 1320 2617 laceret,
1339 2561 1382 2610 red
1402 2561 1478 2612 etiam

119 2661 175 2698 tuno
192 2648 232 2699 25.
251 2658 383 2716 postquam
401 2651 506 2716 primum
525 2652 606 2701 editus
625 2657 671 2709 est,
690 2651 756 2700 hunc
774 2652 864 2700 iterum
884 2648 1075 2713 imprimendum
1088 2655 1195 2699 cureret.
1223 2647 1278 2700 Hoc
1298 2647 1365 2698 illurn
1382 2651 1478 2714 pridem

29 2801 35 2812 ·
118 2745 247 2800 pectasm,
273 2739 357 2790 elucet
374 2754 404 2788 ax
421 2739 474 2796 his,
493 2754 558 2804 quae
579 2741 605 2788 io
628 2741 687 2789 libro
706 2740 737 2789 de
756 2746 824 2788 motu
842 2738 930 2788 stellae
949 2735 1037 2787 Martis
1057 2733 1138 2801 (impr.
1159 2751 1182 2788 s.
1204 2732 1285 2797 1609)
1305 2744 1331 2788 et
1349 2739 1374 2787 iu
1395 2739 1477 2798 ,Har-

119 2827 207 2877 monis'¹
226 2835 358 2878 occurrunt
375 2829 472 2878 verbis:

200 2915 251 2992 ,Si
267 2917 472 2996 supervixero,
498 2917 597 2999 quoad
612 2917 799 2978 astronomia
813 2934 896 2978 suam
915 2915 1079 2996 puritatem
1102 2923 1133 2976 et
1155 2914 1371 2994 perfectionem
1396 2915 1473 2977 nan-

120 3005 249 3080 ciscatur,
274 3007 361 3069 utin
386 3026 488 3082 causa,
515 3025 603 3087 quam
627 3007 657 3067 in
682 3005 734 3068 illo
759 3004 861 3066 libello
886 3006 925 3066 ad
949 3005 1012 3082 ejus
1033 3003 1163 3066 tribunal
1187 3003 1316 3072 devolvi,
1340 3022 1473 3082 pronun-

119 3093 184 3155 ciari
204 3095 310 3174 possit,
335 3096 482 3175 polliceor
505 3095 621 3170 lectori,
646 3113 692 3156 me
717 3093 852 3155 libellum
866 3094 949 3155 illurn
965 3100 1208 3166 retractatorum,
1234 3100 1266 3153 et
1280 3092 1471 3168 confirmatis,

120 3201 187 3262 quae
208 3203 279 3245 vera
303 3184 502 3263 deprehendi,
527 3185 656 3264 reliqua,
682 3203 759 3264 quae
784 3202 871 3244 aecus
895 3183 1021 3254 babent,
1047 3181 1177 3243 fideliter
1200 3181 1420 3243 deiecturum.“

182 3323 210 3373 ln
226 3325 286 3374 libro
298 3324 331 3376 ll.
345 3309 414 3390 prop.
429 3323 462 3375 25
485 3324 670 3386 ,Harmoniae“
684 3325 770 3390 paucis
784 3339 978 3376 commemorans
990 3323 1146 3383 ,Prodromi“
1169 3329 1351 3390 argumentum,
1369 3306 1473 3383 „nihii

123 3395 217 3474 inquit,
240 3396 433 3476 plausibilius
447 3398 541 3460 videri
555 3399 663 3477 potuit,
690 3415 779 3477 qnam
794 3416 848 3457 sex
866 3397 1044 3471 coelestinm
1063 3395 1178 3458 orbium
1197 3397 1360 3458 intervalla
1384 3396 1473 3477 quin-

124 3503 172 3564 que
193 3503 228 3546 11
251 3486 381 3566 quinque
412 3485 513 3566 figuris
547 3485 751 3566 (corporibus)
783 3506 850 3548 esse
884 3487 1024 3546 desumta
1057 3507 1076 3546 a
1104 3493 1241 3546 creatore
1388 3485 1473 3548 Haec

124 3571 283 3636 distributio
307 3575 440 3636 numeris
464 3576 613 3654 explorari
637 3582 750 3656 potest,
775 3574 989 3637 necessitatem
1014 3573 1112 3648 infert,
1138 3592 1295 3653 corporum
1318 3594 1474 3638 nnmerum

127 3680 174 3722 non
195 3663 342 3744 conquirit
366 3663 465 3738 anxie,
490 3665 541 3725 sed
564 3666 719 3727 inventum
738 3672 881 3744 occupat;
906 3661 1032 3743 denique
1057 3663 1100 3724 sic
1125 3671 1173 3725 est
1195 3663 1352 3739 instructa,
1378 3672 1411 3727 nt
1435 3663 1473 3726 ab

126 3749 163 3812 his
184 3754 265 3814 annis
290 3750 334 3814 22
359 3771 416 3813 non
441 3761 560 3814 tantum
585 3755 697 3815 nullum
721 3753 870 3815 invenerit
897 3761 1154 3832 oppugnatorem,
1189 3752 1243 3813 sed
1272 3752 1364 3815 etiam
1392 3753 1476 3833 ipsos

127 3837 214 3914 Remi,
242 3842 458 3904 inconsiderati
487 3843 625 3922 magistri
651 3851 682 3905 et
705 3835 993 3920 Eu'clideomastigis
1024 3841 1187 3920 discipulos
1208 3835 1252 3914 ²⁵)
1280 3842 1474 3922 pertraxerit,

128 3926 256 4010 hodieque
280 3940 345 3993 tam
368 3930 480 3991 multos
503 3931 675 4012 pertrahat,
701 3938 735 3993 ut
755 3932 818 4012 jam
842 3930 954 3992 dudum
977 3932 1139 3993 secundam
1163 3929 1325 3993 editionem
1348 3931 1474 4012 flagita-

128 4018 209 4080 verint
231 4019 470 4088 mathematici.“
661 4093 669 4102 .
1041 4016 1051 4031 '

183 4123 254 4175 Hanc
273 4125 408 4176 editionem
427 4103 563 4176 secundam
581 4127 633 4189 ipse
646 4124 770 4188 Keplerus
789 4124 885 4174 curarit
904 4137 970 4173 anuo
991 4121 1068 4179 11121,
1087 4137 1166 4189 eaque
1184 4123 1254 4175 nulla
1270 4129 1341 4188 parte
1360 4125 1443 4176 differt
1461 4139 1477 4176 1

124 4213 203 4274 priam,
228 4215 274 4265 uisi
295 4213 361 4280 qood
380 4214 481 4264 additae
501 4220 559 4264 suut
578 4213 768 4271 annomtiones,
796 4227 851 4262 cnm
877 4212 967 4264 adres
991 4212 1142 4262 obscuriores
1165 4211 1340 4272 illustrandae,
1366 4219 1419 4264 tum
1444 4213 1476 4264 ad

125 4316 215 4360 encres,
233 4305 274 4369 qui
289 4304 376 4368 J'uveni
395 4303 570 4367 obrepserant,
595 4302 755 4366 detegendos.
794 4301 976 4351 Annotationes
1000 4301 1046 4350 bas
1064 4299 1167 4364 Kepleri
1186 4301 1354 4364 subjunximus
1373 4302 1475 4366 siugulis

123 4387 233 4442 Pmdromi
251 4393 376 4456 capitibus
394 4393 507 4457 signatas
525 4392 602 4442 literis
623 4405 653 4452 a,
672 4390 687 4440 b
707 4387 761 4448 tre..
780 4396 877 4440 nostras
896 4405 952 4440 vero
971 4390 1016 4440 sub
1035 4387 1109 4439 linem
1127 4389 1182 4440 libri
1201 4390 1318 4442 collectae
1337 4389 1475 4440 addidimus

125 4477 221 4542 signatas
239 4483 348 4532 umaeris
367 4482 498 4532 continuis.

184 4569 237 4632 Qua
248 4573 346 4622 1111011
360 4571 449 4621 ductus
461 4586 513 4622 rem
525 4573 563 4620 ita
574 4569 709 4619 instituerit
718 4567 841 4633 Keplerus
854 4569 905 4633 ipse
918 4567 978 4626 illia·
993 4568 1079 4632 quibus
1098 4566 1234 4618 secundam
1252 4565 1384 4617 editionem
1404 4560 1471 4611 dedi·
1487 4561 1489 4568 ’

124 4659 193 4716 cant,
213 4659 423 4719 ,Prouincialibns
441 4659 554 4710 Ducatus
574 4653 690 4722 styriae“
711 4656 803 4707 clarius
822 4657 930 4707 iudicat..

183 4749 286 4810 torma,
313 4765 365 4816 qua
382 4749 472 4814 prodiit
489 4749 600 4801 secunda
619 4747 710 4805 editio,
736 4745 818 4796 differt
836 4760 853 4796 1
870 4746 949 4797 forma
966 4747 1067 4812 prioris;
1093 4744 1155 4793 liber
1178 4743 1204 4792 in
1228 4737 1285 4789 tollo
1304 4744 1408 4782 exotius
1427 4741 1473 4792 est,

124 4837 285 4910 asumptus
298 4839 534 4908 magnitudineque
547 4836 729 4900 ,Harmonis“,
748 4849 822 4902 quum
840 4837 904 4900 prior
922 4836 997 4887 editio
1016 4833 1097 4902 quarti
1115 4831 1218 4880 romam
1231 4823 1345 4876 exhibeat
1362 4821 1472 4874 minoris
