3586 5518
318 254 381 326 172
829 257 941 322 Myrterii
961 257 1159 325 cosmographict

316 431 396 496 sunt.
445 419 591 501 Optatam
615 427 714 482 autem
739 421 1002 500 (quemadmodum
1027 439 1072 481 me
1097 439 1198 482 coram
1222 421 1335 482 dixisse
1365 421 1536 483 meminisse
1560 423 1673 502 potes),

316 509 514 590 Ooperuicum
538 509 753 572 dimensionum
778 509 884 571 barum
908 509 1100 571 fundamenta
1124 528 1181 572 nou
1202 509 1353 591 antiquas,
1378 509 1430 571 sed
1454 529 1550 571 novas
1570 509 1675 571 obser-

316 598 455 660 vationes
480 599 670 660 assumsisse.
720 595 843 660 Grande
867 598 948 660 euim
972 606 1003 659 et
1027 600 1155 660 immane
1179 599 1363 679 postulatum
1388 599 1462 661 illud
1477 607 1526 661 est
1549 599 1618 672 (lib.
1638 599 1674 658 V.

230 712 234 718 ·
315 705 381 768 cap.
407 683 475 760 30.)
500 706 566 749 cum
596 687 831 760 concedendum,
857 687 968 767 inquit,
988 695 1143 766 putamus,
1168 689 1474 750 commensurationes
1498 687 1676 749 circulorum

315 775 463 838 mansisse
493 797 512 836 a
538 776 712 838 Ptolemaeo
737 776 918 838 etiamnunc.
970 776 1050 839 Nam
1086 776 1153 855 ipsa
1186 777 1319 840 Terrena
1346 776 1558 840 ecceutricitas
1588 775 1675 837 dimi·

315 875 389 927 nuta
422 865 498 926 alios
528 884 666 926 numeros
698 863 877 944 postutatl).
925 865 990 927 Nec
1024 865 1102 926 enlm
1130 885 1234 928 verum
1263 874 1324 942 est,
1358 867 1437 947 quod
1467 863 1619 928 Rbeticus
1649 865 1676 926 in

314 954 486 1016 narratione
511 953 593 1026 dicit,
618 953 697 1035 quod
718 954 747 1015 in
771 953 921 1016 Mercurio
945 954 1028 1015 nulla
1052 973 1168 1034 quoque
1191 955 1270 1017 sicut
1294 955 1322 1018 ln
1345 955 1423 1017 Jove
1447 954 1600 1017 sentiatur
1624 974 1675 1015 ec-

315 1042 515 1104 centricitatis
544 1043 685 1105 mutatio:
721 1062 788 1104 narn
821 1062 880 1104 non
912 1043 1050 1104 similiter
1078 1041 1160 1105 Solis
1189 1045 1316 1124 apogaei
1349 1046 1428 1108 latus
1458 1063 1512 1105 sno
1541 1061 1677 1124 apogaeo

315 1131 440 1194 claudit.
487 1131 553 1193 Huc
578 1132 705 1206 accedit,
732 1133 809 1212 quod
828 1132 1033 1194 Ptolemaicae
1057 1133 1284 1194 observationes
1308 1134 1385 1196 satis
1409 1147 1532 1195 crassae
1557 1140 1590 1194 et
1604 1148 1677 1210 par-

316 1221 388 1282 tlles
412 1228 491 1294 sunt,
517 1239 591 1301 quas
615 1221 733 1282 omnino
756 1221 988 1301 praecisioribus
1012 1221 1162 1301 corrigere
1182 1223 1351 1302 oportebat.
1399 1221 1462 1285 Sed
1486 1221 1523 1283 de
1548 1221 1596 1282 his
1619 1221 1679 1300 jam

315 1311 429 1372 frustra
452 1310 591 1390 conqueri
617 1311 696 1372 licet
746 1311 780 1371 In
804 1318 855 1372 tuo
881 1318 980 1372 autem
1004 1309 1174 1391 proposito,
1206 1311 1232 1371 si
1256 1311 1368 1373 numeri
1392 1312 1423 1373 hi
1446 1317 1599 1390 utcunque
1623 1308 1678 1372 tibi

315 1397 528 1478 respondeant,
554 1406 584 1460 te
608 1407 696 1478 putes
712 1399 810 1460 officio
825 1407 877 1460 tuo
898 1400 1019 1480 egregie
1039 1401 1181 1475 functum,
1207 1400 1322 1480 tibique
1347 1400 1599 1481 quemadmodum
1615 1397 1679 1461 Co-

315 1488 454 1566 pernicus
484 1487 564 1568 apud
591 1487 752 1550 Rbeticum
781 1488 810 1550 iu
840 1489 971 1569 epistola
997 1489 1191 1551 vehementer
1209 1490 1395 1570 gratuleris,
1425 1488 1597 1551 certissima
1625 1506 1679 1567 spe

315 1577 420 1647 fretus,
445 1575 619 1656 propediem
644 1578 721 1652 fore,
756 1584 789 1638 ut
812 1577 969 1640 occasione
993 1578 1112 1652 horum,
1147 1597 1223 1657 quae
1248 1597 1266 1638 a
1289 1587 1320 1640 te
1344 1577 1586 1659 ingeniosissime
1611 1584 1683 1638 sunt

318 1663 451 1740 inventa,
477 1672 580 1727 cetera
604 1685 733 1746 quoque,
759 1685 835 1746 quae
855 1667 921 1746 jam
945 1665 1042 1727 adhuc
1067 1667 1157 1727 dubia
1180 1675 1262 1742 sunt,
1288 1676 1320 1729 et
1343 1677 1583 1730 astronomorum
1607 1685 1681 1727 eoe-

314 1760 379 1815 tum
403 1772 461 1814 non
485 1771 591 1834 parum
614 1763 766 1835 torquent,
791 1755 969 1835 planissima
991 1755 1052 1817 sint
1077 1756 1242 1829 lutura“·).

696 1931 739 1993 ΙΝ
764 1930 903 1994 CAPUT
926 1931 1125 1998 DECIMUM
1146 1931 1300 1996 NONUM

842 2055 956 2106 noras
975 2053 1153 2106 sucroars.
1186 2085 1193 2098 .

396 2155 428 2228 a)
450 2161 643 2216 Retractiones
666 2165 811 2218 stellarum
835 2167 964 2235 appellat
984 2167 1078 2237 Tycha
1100 2167 1235 2228 Braneus,
1261 2165 1306 2236 qui
1329 2165 1400 2218 hanc
1423 2165 1567 2219 doctrinae
1590 2171 1681 2219 astro-

314 2239 437 2295 nomicae
461 2249 570 2312 partem
594 2244 738 2298 constituit
761 2246 953 2317 excoluitque,
979 2246 1028 2300 lib.
1052 2247 1344 2317 progymnasmatum,
1367 2245 1414 2314 qui
1437 2263 1474 2298 ex
1497 2261 1530 2298 eo
1555 2251 1682 2315 tempore

314 2321 417 2390 prodiit
439 2321 466 2376 in
490 2324 587 2386 lucem,
613 2340 693 2395 quam
707 2323 792 2379 etiam
812 2332 921 2395 partem
942 2327 994 2380 leci
1010 2326 1193 2382 astronomiae
1208 2325 1300 2378 Partis
1316 2318 1433 2396 Opticae
1456 2331 1523 2379 ante
1542 2325 1577 2378 15
1593 2341 1681 2378 annos

318 2399 420 2464 editae,
445 2403 566 2474 auxique
588 2402 616 2457 in
638 2403 714 2474 Epit.
739 2407 814 2460 Astr.
839 2407 887 2460 lib.
912 2407 933 2460 1.
1661 2393 1669 2402 ⁸

397 2475 429 2552 b)
454 2483 498 2537 lta
518 2483 651 2537 creditum
675 2491 719 2538 ast
741 2485 881 2557 hucusque
905 2489 939 2540 de
961 2486 1112 2552 Mercurior
1137 2503 1186 2539 nec
1207 2502 1289 2555 nego,
1314 2499 1444 2554 magnam
1466 2501 1528 2538 esse
1553 2501 1681 2538 verorum

315 2562 401 2616 etiam
417 2562 477 2631 ejus
493 2571 615 2618 motuum
629 2563 826 2630 diversitatem,
849 2569 896 2621 sed
912 2585 982 2637 quae
1003 2565 1167 2637 quantitatis
1189 2572 1233 2619 est
1256 2583 1309 2618 non
1332 2565 1437 2618 formae
1461 2581 1509 2618 seu
1531 2565 1681 2634 principio·

315 2659 384 2706 rum,
408 2639 440 2697 ut
463 2645 597 2698 hactenus
621 2647 800 2709 docebamur;
824 2647 867 2700 his
891 2647 962 2701 enirn
984 2646 1125 2717 principiis
1148 2647 1197 2699 ille
1217 2646 1286 2699 nibil
1309 2646 1399 2699 differt
1420 2661 1438 2698 a
1462 2644 1570 2699 ceteris.

399 2720 425 2789 c)
450 2724 593 2796 Sequebar
607 2725 633 2778 id
648 2726 779 2795 temporis
794 2745 961 2782 communem
976 2727 1140 2799 opinionem,
1165 2727 1328 2780 Mercurium
1343 2731 1441 2779 ventos
1465 2726 1494 2778 iu
1507 2725 1602 2794 specie
1617 2743 1682 2779 con-

265 2858 270 2866 ,
316 2803 403 2858 citare
417 2822 486 2876 prae
501 2805 600 2860 ceteris
614 2805 745 2876 planetis.
784 2812 885 2862 Atura
908 2809 1055 2862 multorum
1077 2823 1209 2861 annorum
1233 2807 1323 2860 docuit
1339 2805 1522 2874 experientia,
1547 2823 1604 2860 uon
1618 2821 1682 2860 esse

313 2884 476 2940 distributas
491 2886 675 2940 mutationum
690 2903 775 2941 aurae
789 2889 891 2942 formas
907 2889 979 2942 inter
992 2889 1138 2958 planetas;
1163 2888 1210 2940 sed
1226 2885 1398 2957 generaliter
1421 2885 1530 2939 incitari
1550 2893 1681 2940 naturam

313 2967 492 3020 sublunarem
506 2967 542 3020 ab
558 2966 716 3036 aspectibus
742 2968 865 3022 binorum
880 2969 926 3022 vel
949 2966 1147 3024 natationibus
1169 2967 1352 3038 singulorum
1375 2967 1408 3019 ut
1432 2966 1473 3020 ita
1492 2968 1612 3020 exsudet
1633 2983 1690 3040 rag

312 3063 394 3118 potes
418 3054 469 3101 aut
492 3046 579 3100 fumos
605 3065 641 3100 ex
662 3048 800 3102 montibus
824 3056 854 3101 et
877 3048 991 3102 officinis
1016 3049 1212 3110 subterraneis,
1237 3047 1282 3117 qui
1304 3061 1423 3115 vapores
1446 3055 1476 3099 et
1500 3047 1565 3100 lumi
1590 3048 1638 3099 rel
1654 3047 1680 3100 in

313 3126 432 3199 pluvias,
458 3127 503 3180 rel
526 3126 554 3180 in
574 3127 660 3191 nives,
684 3128 730 3182 rel
753 3129 906 3194 chasmate,
931 3130 976 3183 vel
992 3129 1114 3190 llrlmiua,
1138 3127 1184 3180 rel
1198 3127 1357 3198 grandines,
1377 3127 1422 3179 rel
1437 3134 1534 3180 reatos
1557 3128 1679 3198 degene-

311 3214 383 3270 rent,
399 3223 449 3277 pro
464 3206 675 3263 circumstantiis
699 3210 821 3263 locorum
844 3216 874 3264 et
888 3216 1049 3280 temporum.
1085 3203 1169 3262 Venti
1192 3215 1268 3261 certe
1295 3206 1388 3278 magni
1413 3206 1458 3260 vel
1473 3223 1615 3277 nunquam
1635 3209 1679 3261 rel

312 3287 452 3343 rarissime
476 3294 541 3341 sunt
564 3288 628 3341 soli:
653 3289 749 3359 pluria
772 3290 858 3344 omnis
884 3298 949 3345 ante
974 3307 1003 3343 se
1018 3297 1115 3343 ventos
1140 3288 1209 3359 agit,
1234 3305 1295 3341 cum
1315 3286 1429 3357 primum
1443 3286 1550 3358 ingruit
1572 3287 1679 3357 impetu

317 3373 397 3430 acta;
412 3375 517 3421 etcum
533 3368 680 3436 plurimum
694 3369 790 3424 luruut
803 3371 888 3430 renti.
902 3371 929 3424 id
944 3370 1072 3425 indicium
1086 3377 1130 3424 est
1143 3368 1271 3422 humidae
1287 3367 1491 3422 constitutionis
1507 3369 1582 3422 anni.
1622 3375 1679 3422 Aut

314 3446 428 3502 enimin
442 3449 579 3502 montanis
593 3449 674 3520 pluit,
698 3451 771 3504 unde
785 3450 862 3504 venti
885 3451 999 3521 spirant,
1025 3457 1075 3504 aut
1098 3449 1146 3503 nix
1169 3449 1206 3502 ibi
1230 3448 1354 3510 solvitur,
1379 3456 1430 3501 aut
1443 3463 1532 3518 uapor
1550 3448 1679 3504 humidus

214 3557 216 3566 ‚
312 3529 418 3598 impetu
432 3544 539 3582 sursum
553 3529 629 3584 latus
644 3530 713 3584 alibi
726 3531 753 3584 in
767 3538 865 3602 guttas
881 3533 999 3603 cogitur,
1014 3530 1093 3583 ‘alibi
1107 3535 1238 3584 aestuans
1263 3529 1289 3582 in
1305 3544 1453 3598 supernum
1468 3529 1558 3600 frigus
1580 3530 1679 3600 impiu-

313 3607 391 3681 gitur
413 3608 574 3680 resilitqu03
597 3625 669 3680 quae
692 3611 799 3681 quidem
822 3611 906 3666 etiam
930 3612 999 3666 lenis
1022 3627 1107 3664 aurae
1131 3609 1243 3682 genesis
1267 3617 1318 3671 est,
1343 3625 1403 3662 curn
1423 3609 1524 3663 ebullit
1538 3625 1628 3680 rapor
1642 3628 1679 3664 ex

313 3687 407 3758 aliquo
418 3696 519 3753 monte,
534 3690 774 3761 repercutiturque
789 3699 819 3746 et
831 3693 926 3747 defluit
948 3693 974 3746 ln
990 3707 1083 3745 omues
1101 3690 1274 3744 circumcirca
1298 3689 1409 3761 plagas.
1450 3690 1504 3742 Est
1526 3691 1575 3743 ubi
1590 3690 1677 3744 omnis

314 3775 365 3824 aer
378 3785 430 3839 per
443 3776 519 3824 totas
534 3767 706 3825 'continentes
726 3780 858 3827 extamus
882 3771 1017 3842 principio
1036 3777 1125 3825 motus
1141 3771 1206 3824 dato
1230 3770 1259 3824 in
1277 3769 1414 3822 montanis
1429 3769 1548 3824 omnium
1573 3771 1678 3824 altissi-

313 3849 363 3904 mls
378 3849 406 3904 in
420 3851 497 3904 duxu
511 3850 696 3905 constituitur.
739 3853 784 3906 lta
797 3852 883 3906 omnis
896 3859 996 3907 ventus
1017 3853 1054 3906 ab
1069 3850 1193 3904 omnibus
1213 3849 1366 3920 promiscue
1389 3849 1480 3903 causis
1496 3850 1542 3903 rel
1564 3851 1677 3904 inresti-

312 3929 473 4002 gationibus
501 3937 620 3984 naturae
648 3931 780 3986 concitari
807 3939 913 4003 potest;
944 3951 994 3986 nec
1021 3932 1109 3988 solum
1138 3931 1263 3984 incusare
1287 3937 1383 4000 potest
1405 3930 1572 3984 Mercurium
1602 3938 1677 3984 ortus

314 4017 466 4064 ventorum.

395 4087 429 4156 dl
447 4091 539 4162 Supra
558 4090 666 4154 dictum,
690 4091 718 4146 id
732 4110 786 4146 non
801 4109 862 4146 esse
883 4091 1036 4163 probabile,
1062 4109 1112 4146 neo
1136 4098 1192 4145 tam
1207 4097 1351 4145 accuratas
1366 4097 1490 4144 veterum
1505 4091 1677 4144 observatio·

315 4188 363 4226 nes
379 4171 481 4225 adhoc
505 4173 676 4241 probandum
689 4172 848 4244 requisitas,
872 4181 904 4227 ut
922 4172 1118 4227 demonstratio
1136 4172 1273 4226 efficiatur
1287 4170 1452 4226 necessaria.
1498 4172 1597 4241 ltaque
1620 4187 1676 4224 anr-

314 4253 424 4322 plector
438 4251 550 4306 axioma
564 4251 708 4322 Capernici
722 4252 767 4307 hic
780 4253 908 4323 positum,
936 4255 1153 4316 ,concedendum
1168 4269 1204 4306 sc.
1220 4251 1499 4305 commensurationes
1515 4250 1678 4306 circulorum

315 4331 477 4387 mansisse.“
503 4333 533 4387 Id
557 4331 628 4386 enirn
653 4335 753 4388 suadet
774 4333 842 4386 coeli
867 4339 969 4388 natura
990 4340 1020 4386 et
1042 4332 1163 4387 inductio
1187 4349 1205 4386 a
1227 4331 1350 4402 planetis
1375 4333 1484 4385 ceteris.

369 4413 376 4421 ’
393 4406 424 4482 a)
447 4413 491 4468 lta
504 4419 570 4468 tunc
591 4412 639 4468 ille
653 4415 765 4469 solebat
778 4414 830 4468 bas
845 4413 924 4468 dictis
939 4413 1061 4468 animare
1077 4429 1180 4484 speque
1195 4427 1284 4475 curas,
1307 4411 1353 4482 qui
1364 4412 1426 4474 etsi,
1449 4413 1541 4482 quoad
1556 4420 1674 4480 tempus,

313 4511 363 4564 spe
387 4493 499 4558 excidit,
524 4511 575 4547 nac
589 4494 660 4548 enim
684 4493 876 4566 ,propediem“
893 4501 945 4558 est,
970 4495 1040 4564 quod
1056 4492 1154 4566 viginti
1170 4500 1288 4563 quatuor
1309 4491 1387 4546 anuis
1402 4492 1542 4564 sequitur;
1567 4493 1675 4547 taudem

315 4581 408 4629 tamen
429 4573 578 4645 spei'suae
599 4593 709 4645 compos
730 4580 774 4629 est
795 4575 885 4629 lactus
907 4591 957 4644 per
976 4591 1066 4628 meum
1088 4591 1156 4642 opus
1178 4572 1379 4627 Harmonicum.

903 4757 1089 4770 m
