<?xml version="1.0" encoding="UTF-8"?>
<!DOCTYPE html PUBLIC "-//W3C//DTD XHTML 1.0 Transitional//EN"
    "http://www.w3.org/TR/xhtml1/DTD/xhtml1-transitional.dtd">
<html xmlns="http://www.w3.org/1999/xhtml" xml:lang="en" lang="en">
 <head>
  <title>
</title>
<meta http-equiv="Content-Type" content="text/html;charset=utf-8" />
  <meta name='ocr-system' content='tesseract 3.04.00' />
  <meta name='ocr-capabilities' content='ocr_page ocr_carea ocr_par ocr_line ocrx_word'/>
</head>
<body>
  <div class='ocr_page' id='page_1' title='image "./joanniskepleria22frisgoog_0156.png"; bbox 0 0 3586 5518; ppageno 0'>
   <div class='ocr_carea' id='block_1_1' title="bbox 666 281 1451 350">
    <p class='ocr_par' dir='ltr' id='par_1_1' title="bbox 666 281 1451 350">
     <span class='ocr_line' id='line_1_1' title="bbox 666 281 1451 350; baseline 0.001 -17"><span class='ocrx_word' id='word_1_1' title='bbox 666 282 748 348; x_wconf 80' lang='lat' dir='ltr'>Caput</span> <span class='ocrx_word' id='word_1_2' title='bbox 765 281 871 334; x_wconf 83' lang='lat' dir='ltr'>m-v.</span> <span class='ocrx_word' id='word_1_3' title='bbox 1062 301 1064 312; x_wconf 70' lang='lat'>¹</span> <span class='ocrx_word' id='word_1_4' title='bbox 1389 282 1451 350; x_wconf 79' lang='lat'>129</span> 
     </span>
    </p>
   </div>
   <div class='ocr_carea' id='block_1_2' title="bbox 106 440 1454 1302">
    <p class='ocr_par' dir='ltr' id='par_1_2' title="bbox 106 440 1454 1302">
     <span class='ocr_line' id='line_1_2' title="bbox 110 440 1453 522; baseline 0.004 -22"><span class='ocrx_word' id='word_1_5' title='bbox 110 443 177 502; x_wconf 89' lang='lat' dir='ltr'>intra</span> <span class='ocrx_word' id='word_1_6' title='bbox 198 441 272 502; x_wconf 88' lang='lat' dir='ltr'>orbis</span> <span class='ocrx_word' id='word_1_7' title='bbox 296 441 422 505; x_wconf 88' lang='lat' dir='ltr'>Terreni</span> <span class='ocrx_word' id='word_1_8' title='bbox 445 441 602 504; x_wconf 85' lang='lat' dir='ltr'>ambitum.</span> <span class='ocrx_word' id='word_1_9' title='bbox 646 444 749 522; x_wconf 80' lang='lat' dir='ltr'><strong>Atque</strong></span> <span class='ocrx_word' id='word_1_10' title='bbox 773 440 817 504; x_wconf 87' lang='lat' dir='ltr'>sic</span> <span class='ocrx_word' id='word_1_11' title='bbox 841 441 987 504; x_wconf 88' lang='lat' dir='ltr'>babemus</span> <span class='ocrx_word' id='word_1_12' title='bbox 1011 443 1109 504; x_wconf 84' lang='lat' dir='ltr'>obiter</span> <span class='ocrx_word' id='word_1_13' title='bbox 1133 461 1266 515; x_wconf 87' lang='lat' dir='ltr'>causam,</span> <span class='ocrx_word' id='word_1_14' title='bbox 1290 461 1343 505; x_wconf 88' lang='lat' dir='ltr'>cur</span> <span class='ocrx_word' id='word_1_15' title='bbox 1365 452 1453 508; x_wconf 84' lang='lat' dir='ltr'>extra</span> 
     </span>
     <span class='ocr_line' id='line_1_3' title="bbox 109 529 1452 612; baseline 0.005 -23"><span class='ocrx_word' id='word_1_16' title='bbox 109 529 216 592; x_wconf 83' lang='lat' dir='ltr'>Terram</span> <span class='ocrx_word' id='word_1_17' title='bbox 239 539 300 592; x_wconf 87' lang='lat' dir='ltr'>tres</span> <span class='ocrx_word' id='word_1_18' title='bbox 325 541 503 593; x_wconf 89' lang='lat' dir='ltr'>moveantur</span> <span class='ocrx_word' id='word_1_19' title='bbox 525 532 677 611; x_wconf 90' lang='lat' dir='ltr'>planetae,</span> <span class='ocrx_word' id='word_1_20' title='bbox 702 531 783 592; x_wconf 90' lang='lat' dir='ltr'>intra</span> <span class='ocrx_word' id='word_1_21' title='bbox 802 530 874 591; x_wconf 95' lang='lat' dir='ltr'>duo:</span> <span class='ocrx_word' id='word_1_22' title='bbox 902 548 977 612; x_wconf 91' lang='lat' dir='ltr'>quae</span> <span class='ocrx_word' id='word_1_23' title='bbox 1001 531 1027 592; x_wconf 92' lang='lat' dir='ltr'>si</span> <span class='ocrx_word' id='word_1_24' title='bbox 1051 531 1148 592; x_wconf 87' lang='lat' dir='ltr'>nrinus</span> <span class='ocrx_word' id='word_1_25' title='bbox 1170 532 1276 594; x_wconf 89' lang='lat' dir='ltr'>lectori</span> <span class='ocrx_word' id='word_1_26' title='bbox 1298 533 1452 610; x_wconf 88' lang='lat' dir='ltr'>probatur,</span> 
     </span>
     <span class='ocr_line' id='line_1_4' title="bbox 108 617 1453 699; baseline 0.005 -23"><span class='ocrx_word' id='word_1_27' title='bbox 108 617 214 696; x_wconf 63' lang='lat' dir='ltr'>rogim,</span> <span class='ocrx_word' id='word_1_28' title='bbox 238 618 428 682; x_wconf 84' lang='lat' dir='ltr'>honorarium</span> <span class='ocrx_word' id='word_1_29' title='bbox 453 620 509 682; x_wconf 90' lang='lat' dir='ltr'>hoc</span> <span class='ocrx_word' id='word_1_30' title='bbox 533 639 611 695; x_wconf 90' lang='lat' dir='ltr'>esse,</span> <span class='ocrx_word' id='word_1_31' title='bbox 635 638 693 680; x_wconf 93' lang='lat' dir='ltr'>non</span> <span class='ocrx_word' id='word_1_32' title='bbox 708 619 913 699; x_wconf 90' lang='lat' dir='ltr'>praecipuum.</span> <span class='ocrx_word' id='word_1_33' title='bbox 947 620 1027 683; x_wconf 90' lang='lat' dir='ltr'>Nam</span> <span class='ocrx_word' id='word_1_34' title='bbox 1048 620 1107 680; x_wconf 92' lang='lat' dir='ltr'>etsi</span> <span class='ocrx_word' id='word_1_35' title='bbox 1127 620 1310 682; x_wconf 80' lang='lat' dir='ltr'><strong>nesciremus</strong></span> <span class='ocrx_word' id='word_1_36' title='bbox 1330 640 1453 684; x_wconf 88' lang='lat' dir='ltr'>cansam</span> 
     </span>
     <span class='ocr_line' id='line_1_5' title="bbox 108 705 1452 786; baseline 0.004 -20"><span class='ocrx_word' id='word_1_37' title='bbox 108 705 139 766; x_wconf 92' lang='lat' dir='ltr'>ob</span> <span class='ocrx_word' id='word_1_38' title='bbox 159 725 239 786; x_wconf 92' lang='lat' dir='ltr'>qnam</span> <span class='ocrx_word' id='word_1_39' title='bbox 261 725 354 786; x_wconf 89' lang='lat' dir='ltr'>supra</span> <span class='ocrx_word' id='word_1_40' title='bbox 377 708 502 770; x_wconf 88' lang='lat' dir='ltr'>Terram</span> <span class='ocrx_word' id='word_1_41' title='bbox 526 709 588 780; x_wconf 87' lang='lat' dir='ltr'>(vel</span> <span class='ocrx_word' id='word_1_42' title='bbox 610 705 714 770; x_wconf 89' lang='lat' dir='ltr'>Solem</span> <span class='ocrx_word' id='word_1_43' title='bbox 733 707 916 781; x_wconf 80' lang='lat' dir='ltr'>Ptolemaei)</span> <span class='ocrx_word' id='word_1_44' title='bbox 941 717 1004 770; x_wconf 88' lang='lat' dir='ltr'>tres</span> <span class='ocrx_word' id='word_1_45' title='bbox 1028 709 1107 771; x_wconf 91' lang='lat' dir='ltr'>irent</span> <span class='ocrx_word' id='word_1_46' title='bbox 1131 709 1248 783; x_wconf 88' lang='lat' dir='ltr'>stellae,</span> <span class='ocrx_word' id='word_1_47' title='bbox 1274 716 1375 771; x_wconf 88' lang='lat' dir='ltr'>tamen</span> <span class='ocrx_word' id='word_1_48' title='bbox 1400 729 1452 772; x_wconf 87' lang='lat' dir='ltr'>se-</span> 
     </span>
     <span class='ocr_line' id='line_1_6' title="bbox 107 795 1454 879; baseline 0.004 -24"><span class='ocrx_word' id='word_1_49' title='bbox 107 795 212 873; x_wconf 85' lang='lat' dir='ltr'>quentia</span> <span class='ocrx_word' id='word_1_50' title='bbox 226 803 343 857; x_wconf 86' lang='lat' dir='ltr'>starent</span> <span class='ocrx_word' id='word_1_51' title='bbox 358 815 426 857; x_wconf 90' lang='lat' dir='ltr'>cum</span> <span class='ocrx_word' id='word_1_52' title='bbox 443 797 704 877; x_wconf 81' lang='lat' dir='ltr'>praecedentibus,</span> <span class='ocrx_word' id='word_1_53' title='bbox 731 797 801 876; x_wconf 90' lang='lat' dir='ltr'>quia</span> <span class='ocrx_word' id='word_1_54' title='bbox 820 795 906 858; x_wconf 89' lang='lat' dir='ltr'>uobis</span> <span class='ocrx_word' id='word_1_55' title='bbox 926 798 962 858; x_wconf 95' lang='lat' dir='ltr'>de</span> <span class='ocrx_word' id='word_1_56' title='bbox 988 816 1019 857; x_wconf 92' lang='lat' dir='ltr'>re</span> <span class='ocrx_word' id='word_1_57' title='bbox 1044 805 1176 858; x_wconf 89' lang='lat' dir='ltr'>constat.</span> <span class='ocrx_word' id='word_1_58' title='bbox 1213 799 1277 858; x_wconf 91' lang='lat' dir='ltr'>Nec</span> <span class='ocrx_word' id='word_1_59' title='bbox 1296 799 1454 879; x_wconf 88' lang='lat' dir='ltr'>quisquam</span> 
     </span>
     <span class='ocr_line' id='line_1_7' title="bbox 107 882 1453 966; baseline 0.004 -24"><span class='ocrx_word' id='word_1_60' title='bbox 107 901 219 964; x_wconf 88' lang='lat' dir='ltr'>nuquam</span> <span class='ocrx_word' id='word_1_61' title='bbox 242 884 403 958; x_wconf 88' lang='lat' dir='ltr'>dubitavit,</span> <span class='ocrx_word' id='word_1_62' title='bbox 431 885 499 966; x_wconf 93' lang='lat' dir='ltr'>quin</span> <span class='ocrx_word' id='word_1_63' title='bbox 523 882 628 964; x_wconf 66' lang='lat' dir='ltr'>pfl&amp;</span> <span class='ocrx_word' id='word_1_64' title='bbox 653 885 823 966; x_wconf 82' lang='lat' dir='ltr'>superiores</span> <span class='ocrx_word' id='word_1_65' title='bbox 848 883 918 948; x_wconf 90' lang='lat' dir='ltr'>sint.</span> <span class='ocrx_word' id='word_1_66' title='bbox 954 885 1085 947; x_wconf 88' lang='lat' dir='ltr'>Tantum</span> <span class='ocrx_word' id='word_1_67' title='bbox 1100 886 1174 947; x_wconf 93' lang='lat' dir='ltr'>illud</span> <span class='ocrx_word' id='word_1_68' title='bbox 1188 894 1360 948; x_wconf 85' lang='lat' dir='ltr'>teneamus:</span> <span class='ocrx_word' id='word_1_69' title='bbox 1387 907 1453 950; x_wconf 91' lang='lat' dir='ltr'>cnm</span> 
     </span>
     <span class='ocr_line' id='line_1_8' title="bbox 107 966 1454 1054; baseline 0.005 -24"><span class='ocrx_word' id='word_1_70' title='bbox 107 981 159 1032; x_wconf 89' lang='lat' dir='ltr'>tres</span> <span class='ocrx_word' id='word_1_71' title='bbox 181 973 207 1033; x_wconf 92' lang='lat' dir='ltr'>in</span> <span class='ocrx_word' id='word_1_72' title='bbox 231 971 400 1054; x_wconf 88' lang='lat' dir='ltr'>Copernico</span> <span class='ocrx_word' id='word_1_73' title='bbox 425 966 565 1054; x_wconf 82' lang='lat' dir='ltr'>planetae</span> <span class='ocrx_word' id='word_1_74' title='bbox 589 974 651 1036; x_wconf 89' lang='lat' dir='ltr'>sint</span> <span class='ocrx_word' id='word_1_75' title='bbox 674 994 765 1054; x_wconf 87' lang='lat' dir='ltr'>supra</span> <span class='ocrx_word' id='word_1_76' title='bbox 789 975 929 1050; x_wconf 86' lang='lat' dir='ltr'>Terram,</span> <span class='ocrx_word' id='word_1_77' title='bbox 960 983 1097 1053; x_wconf 88' lang='lat' dir='ltr'>oportere</span> <span class='ocrx_word' id='word_1_78' title='bbox 1126 993 1181 1036; x_wconf 90' lang='lat' dir='ltr'>uos</span> <span class='ocrx_word' id='word_1_79' title='bbox 1204 975 1339 1037; x_wconf 87' lang='lat' dir='ltr'>ordinem</span> <span class='ocrx_word' id='word_1_80' title='bbox 1364 977 1454 1037; x_wconf 89' lang='lat' dir='ltr'>trium</span> 
     </span>
     <span class='ocr_line' id='line_1_9' title="bbox 106 1059 1454 1144; baseline 0.004 -24"><span class='ocrx_word' id='word_1_81' title='bbox 106 1059 293 1138; x_wconf 83' lang='lat' dir='ltr'>primariorum</span> <span class='ocrx_word' id='word_1_82' title='bbox 318 1081 477 1142; x_wconf 91' lang='lat' dir='ltr'>corporum</span> <span class='ocrx_word' id='word_1_83' title='bbox 501 1063 620 1132; x_wconf 91' lang='lat' dir='ltr'>cubum,</span> <span class='ocrx_word' id='word_1_84' title='bbox 650 1063 822 1144; x_wconf 75' lang='lat' dir='ltr'>pyramide,</span> <span class='ocrx_word' id='word_1_85' title='bbox 855 1061 1063 1125; x_wconf 78' lang='lat' dir='ltr'>dodecaedron</span> <span class='ocrx_word' id='word_1_86' title='bbox 1089 1071 1175 1125; x_wconf 88' lang='lat' dir='ltr'>extra</span> <span class='ocrx_word' id='word_1_87' title='bbox 1198 1064 1301 1125; x_wconf 88' lang='lat' dir='ltr'>orbern</span> <span class='ocrx_word' id='word_1_88' title='bbox 1324 1064 1454 1126; x_wconf 82' lang='lat' dir='ltr'>Telluris</span> 
     </span>
     <span class='ocr_line' id='line_1_10' title="bbox 106 1149 1454 1232; baseline 0.003 -23"><span class='ocrx_word' id='word_1_89' title='bbox 106 1151 254 1220; x_wconf 83' lang='lat' dir='ltr'>collocare,</span> <span class='ocrx_word' id='word_1_90' title='bbox 288 1153 468 1213; x_wconf 68' lang='lat' dir='ltr'>octaedrnm</span> <span class='ocrx_word' id='word_1_91' title='bbox 490 1171 560 1214; x_wconf 84' lang='lat' dir='ltr'>voro</span> <span class='ocrx_word' id='word_1_92' title='bbox 585 1160 616 1215; x_wconf 90' lang='lat' dir='ltr'>et</span> <span class='ocrx_word' id='word_1_93' title='bbox 639 1151 818 1218; x_wconf 76' lang='lat' dir='ltr'>icosatdron</span> <span class='ocrx_word' id='word_1_94' title='bbox 850 1149 949 1228; x_wconf 89' lang='lat' dir='ltr'>intra,</span> <span class='ocrx_word' id='word_1_95' title='bbox 986 1153 1010 1214; x_wconf 91' lang='lat' dir='ltr'>si</span> <span class='ocrx_word' id='word_1_96' title='bbox 1040 1153 1171 1231; x_wconf 87' lang='lat' dir='ltr'>palmam</span> <span class='ocrx_word' id='word_1_97' title='bbox 1200 1151 1228 1213; x_wconf 96' lang='lat' dir='ltr'>in</span> <span class='ocrx_word' id='word_1_98' title='bbox 1253 1153 1309 1214; x_wconf 94' lang='lat' dir='ltr'>hoc</span> <span class='ocrx_word' id='word_1_99' title='bbox 1333 1153 1454 1232; x_wconf 90' lang='lat' dir='ltr'>negotio</span> 
     </span>
     <span class='ocr_line' id='line_1_11' title="bbox 106 1238 386 1302; baseline 0.014 -6"><span class='ocrx_word' id='word_1_100' title='bbox 106 1238 213 1300; x_wconf 71' lang='lat' dir='ltr'>velimus</span> <span class='ocrx_word' id='word_1_101' title='bbox 236 1238 386 1302; x_wconf 90' lang='lat' dir='ltr'>obtinere.</span> 
     </span>
    </p>
   </div>
   <div class='ocr_carea' id='block_1_3' title="bbox 682 1343 867 1355">
    <p class='ocr_par' dir='ltr' id='par_1_3' title="bbox 682 1343 867 1355">
     <span class='ocr_line' id='line_1_12' title="bbox 682 1343 867 1355; baseline -0.005 -1"><span class='ocrx_word' id='word_1_102' title='bbox 682 1343 867 1355; x_wconf 57' lang='lat' dir='ltr'>...nnn—..-</span> 
     </span>
    </p>
   </div>
   <div class='ocr_carea' id='block_1_4' title="bbox 212 1469 1325 1712">
    <p class='ocr_par' dir='ltr' id='par_1_4' title="bbox 212 1469 1325 1712">
     <span class='ocr_line' id='line_1_13' title="bbox 678 1469 974 1570; baseline 0.007 -26"><span class='ocrx_word' id='word_1_103' title='bbox 678 1469 798 1570; x_wconf 85' lang='lat' dir='ltr'>Caput</span> <span class='ocrx_word' id='word_1_104' title='bbox 825 1469 870 1542; x_wconf 92' lang='lat' dir='ltr'>V.</span> <span class='ocrx_word' id='word_1_105' title='bbox 972 1530 974 1546; x_wconf 65' lang='lat'>.</span> 
     </span>
     <span class='ocr_line' id='line_1_14' title="bbox 212 1626 1325 1712; baseline 0.004 -24"><span class='ocrx_word' id='word_1_106' title='bbox 212 1626 307 1704; x_wconf 76' lang='lat' dir='ltr'>Quod</span> <span class='ocrx_word' id='word_1_107' title='bbox 332 1627 430 1689; x_wconf 76' lang='lat' dir='ltr'>eadm</span> <span class='ocrx_word' id='word_1_108' title='bbox 450 1626 590 1708; x_wconf 70' lang='lat' dir='ltr'>primm</span> <span class='ocrx_word' id='word_1_109' title='bbox 613 1647 794 1710; x_wconf 76' lang='lat' dir='ltr'>corporum,</span> <span class='ocrx_word' id='word_1_110' title='bbox 818 1637 848 1692; x_wconf 82' lang='lat' dir='ltr'>et</span> <span class='ocrx_word' id='word_1_111' title='bbox 869 1631 952 1693; x_wconf 80' lang='lat' dir='ltr'>iuter</span> <span class='ocrx_word' id='word_1_112' title='bbox 975 1627 1148 1694; x_wconf 75' lang='grc' dir='ltr'><strong>ειιίεείηεοε</strong></span> <span class='ocrx_word' id='word_1_113' title='bbox 1165 1629 1325 1712; x_wconf 81' lang='lat' dir='ltr'>planetus.</span> 
     </span>
    </p>
   </div>
   <div class='ocr_carea' id='block_1_5' title="bbox 106 1765 1457 2647">
    <p class='ocr_par' dir='ltr' id='par_1_5' title="bbox 106 1765 1457 2647">
     <span class='ocr_line' id='line_1_15' title="bbox 178 1765 1456 1851; baseline 0.005 -24"><span class='ocrx_word' id='word_1_114' title='bbox 178 1765 346 1829; x_wconf 87' lang='lat' dir='ltr'>Veniamus</span> <span class='ocrx_word' id='word_1_115' title='bbox 371 1767 459 1829; x_wconf 89' lang='lat' dir='ltr'>modo</span> <span class='ocrx_word' id='word_1_116' title='bbox 484 1769 522 1830; x_wconf 93' lang='lat' dir='ltr'>ad</span> <span class='ocrx_word' id='word_1_117' title='bbox 547 1768 689 1848; x_wconf 88' lang='lat' dir='ltr'>primaria</span> <span class='ocrx_word' id='word_1_118' title='bbox 713 1770 781 1845; x_wconf 90' lang='lat' dir='ltr'>tria,</span> <span class='ocrx_word' id='word_1_119' title='bbox 808 1789 920 1850; x_wconf 90' lang='lat' dir='ltr'>suaque</span> <span class='ocrx_word' id='word_1_120' title='bbox 936 1770 1063 1851; x_wconf 88' lang='lat' dir='ltr'>singulis</span> <span class='ocrx_word' id='word_1_121' title='bbox 1083 1771 1185 1851; x_wconf 86' lang='lat' dir='ltr'>spatia</span> <span class='ocrx_word' id='word_1_122' title='bbox 1202 1771 1379 1834; x_wconf 89' lang='lat' dir='ltr'>tribuamus.</span> <span class='ocrx_word' id='word_1_123' title='bbox 1412 1770 1456 1833; x_wconf 84' lang='lat' dir='ltr'>Et</span> 
     </span>
     <span class='ocr_line' id='line_1_16' title="bbox 106 1853 1454 1941; baseline 0.004 -26"><span class='ocrx_word' id='word_1_124' title='bbox 106 1853 185 1916; x_wconf 89' lang='lat' dir='ltr'>cubus</span> <span class='ocrx_word' id='word_1_125' title='bbox 208 1857 330 1936; x_wconf 87' lang='lat' dir='ltr'>quidem</span> <span class='ocrx_word' id='word_1_126' title='bbox 355 1857 394 1918; x_wconf 93' lang='lat' dir='ltr'>ad</span> <span class='ocrx_word' id='word_1_127' title='bbox 418 1858 494 1918; x_wconf 76' lang='lat' dir='ltr'>fixas</span> <span class='ocrx_word' id='word_1_128' title='bbox 518 1858 757 1938; x_wconf 90' lang='lat' dir='ltr'>appropinquare</span> <span class='ocrx_word' id='word_1_129' title='bbox 782 1858 893 1932; x_wconf 81' lang='lat' dir='ltr'>debuit,</span> <span class='ocrx_word' id='word_1_130' title='bbox 918 1859 1105 1940; x_wconf 86' lang='lat' dir='ltr'>primamque</span> <span class='ocrx_word' id='word_1_131' title='bbox 1119 1861 1352 1941; x_wconf 88' lang='lat' dir='ltr'>proportionem,</span> <span class='ocrx_word' id='word_1_132' title='bbox 1378 1878 1454 1941; x_wconf 88' lang='lat' dir='ltr'>quas</span> 
     </span>
     <span class='ocr_line' id='line_1_17' title="bbox 108 1943 1456 2027; baseline 0.005 -24"><span class='ocrx_word' id='word_1_133' title='bbox 108 1945 172 2005; x_wconf 87' lang='lat' dir='ltr'>inter</span> <span class='ocrx_word' id='word_1_134' title='bbox 185 1943 351 2008; x_wconf 90' lang='lat' dir='ltr'>Saturnum</span> <span class='ocrx_word' id='word_1_135' title='bbox 367 1955 399 2008; x_wconf 92' lang='grc' dir='ltr'>ει</span> <span class='ocrx_word' id='word_1_136' title='bbox 412 1945 520 2008; x_wconf 86' lang='lat' dir='ltr'>Jovem</span> <span class='ocrx_word' id='word_1_137' title='bbox 539 1955 596 2022; x_wconf 98' lang='grc' dir='ltr'><strong>εει,</strong></span> <span class='ocrx_word' id='word_1_138' title='bbox 622 1947 826 2010; x_wconf 82' lang='lat' dir='ltr'>coristituere:</span> <span class='ocrx_word' id='word_1_139' title='bbox 852 1948 922 2027; x_wconf 92' lang='lat' dir='ltr'>quia</span> <span class='ocrx_word' id='word_1_140' title='bbox 946 1948 1124 2027; x_wconf 83' lang='lat' dir='ltr'>dignissima</span> <span class='ocrx_word' id='word_1_141' title='bbox 1147 1949 1248 2010; x_wconf 89' lang='lat' dir='ltr'>mundi</span> <span class='ocrx_word' id='word_1_142' title='bbox 1271 1967 1344 2027; x_wconf 90' lang='lat' dir='ltr'>pars</span> <span class='ocrx_word' id='word_1_143' title='bbox 1368 1955 1456 2010; x_wconf 83' lang='lat' dir='ltr'>extra</span> 
     </span>
     <span class='ocr_line' id='line_1_18' title="bbox 108 2033 1455 2116; baseline 0.004 -24"><span class='ocrx_word' id='word_1_144' title='bbox 108 2033 213 2096; x_wconf 86' lang='lat' dir='ltr'>Terram</span> <span class='ocrx_word' id='word_1_145' title='bbox 236 2045 310 2096; x_wconf 88' lang='lat' dir='ltr'>sunt</span> <span class='ocrx_word' id='word_1_146' title='bbox 335 2036 428 2096; x_wconf 84' lang='lat' dir='ltr'>fixae:</span> <span class='ocrx_word' id='word_1_147' title='bbox 454 2045 485 2097; x_wconf 95' lang='lat' dir='ltr'>ut</span> <span class='ocrx_word' id='word_1_148' title='bbox 500 2036 601 2098; x_wconf 92' lang='lat' dir='ltr'>circuli</span> <span class='ocrx_word' id='word_1_149' title='bbox 623 2041 708 2116; x_wconf 87' lang='lat' dir='ltr'>(post</span> <span class='ocrx_word' id='word_1_150' title='bbox 722 2039 870 2110; x_wconf 82' lang='lat' dir='ltr'>centrum)</span> <span class='ocrx_word' id='word_1_151' title='bbox 896 2036 1154 2100; x_wconf 79' lang='lat' dir='ltr'>circumferentia:</span> <span class='ocrx_word' id='word_1_152' title='bbox 1178 2036 1272 2098; x_wconf 91' lang='lat' dir='ltr'>cubus</span> <span class='ocrx_word' id='word_1_153' title='bbox 1295 2055 1366 2098; x_wconf 91' lang='lat' dir='ltr'>vero</span> <span class='ocrx_word' id='word_1_154' title='bbox 1389 2037 1455 2115; x_wconf 91' lang='lat' dir='ltr'>pri-</span> 
     </span>
     <span class='ocr_line' id='line_1_19' title="bbox 107 2125 1456 2206; baseline 0.005 -25"><span class='ocrx_word' id='word_1_155' title='bbox 107 2141 170 2182; x_wconf 87' lang='lat' dir='ltr'>num</span> <span class='ocrx_word' id='word_1_156' title='bbox 193 2141 302 2203; x_wconf 87' lang='lat' dir='ltr'>corpus</span> <span class='ocrx_word' id='word_1_157' title='bbox 329 2125 359 2186; x_wconf 94' lang='lat' dir='ltr'>in</span> <span class='ocrx_word' id='word_1_158' title='bbox 384 2143 437 2186; x_wconf 89' lang='lat' dir='ltr'>suo</span> <span class='ocrx_word' id='word_1_159' title='bbox 462 2125 575 2187; x_wconf 90' lang='lat' dir='ltr'>ordine.</span> <span class='ocrx_word' id='word_1_160' title='bbox 616 2127 644 2198; x_wconf 96' lang='grc'>1)</span> <span class='ocrx_word' id='word_1_161' title='bbox 670 2125 759 2188; x_wconf 90' lang='lat' dir='ltr'>Solus</span> <span class='ocrx_word' id='word_1_162' title='bbox 784 2125 863 2186; x_wconf 88' lang='lat' dir='ltr'>enim</span> <span class='ocrx_word' id='word_1_163' title='bbox 887 2145 905 2186; x_wconf 91' lang='lat' dir='ltr'>a</span> <span class='ocrx_word' id='word_1_164' title='bbox 929 2146 986 2188; x_wconf 89' lang='lat' dir='ltr'>sua</span> <span class='ocrx_word' id='word_1_165' title='bbox 1004 2125 1069 2188; x_wconf 90' lang='lat' dir='ltr'>basi</span> <span class='ocrx_word' id='word_1_166' title='bbox 1093 2135 1266 2206; x_wconf 88' lang='lat' dir='ltr'>generatur,</span> <span class='ocrx_word' id='word_1_167' title='bbox 1290 2145 1357 2186; x_wconf 88' lang='lat' dir='ltr'>curn</span> <span class='ocrx_word' id='word_1_168' title='bbox 1381 2125 1456 2188; x_wconf 88' lang='lat' dir='ltr'>roli-</span> 
     </span>
     <span class='ocr_line' id='line_1_20' title="bbox 107 2214 1456 2292; baseline 0.004 -22"><span class='ocrx_word' id='word_1_169' title='bbox 107 2229 154 2288; x_wconf 90' lang='lat' dir='ltr'>qua</span> <span class='ocrx_word' id='word_1_170' title='bbox 174 2221 301 2292; x_wconf 90' lang='lat' dir='ltr'>quatuor</span> <span class='ocrx_word' id='word_1_171' title='bbox 327 2230 385 2274; x_wconf 95' lang='lat' dir='ltr'>uon</span> <span class='ocrx_word' id='word_1_172' title='bbox 410 2221 591 2292; x_wconf 86' lang='lat' dir='ltr'>generentur</span> <span class='ocrx_word' id='word_1_173' title='bbox 615 2214 749 2276; x_wconf 88' lang='lat' dir='ltr'>faciebus</span> <span class='ocrx_word' id='word_1_174' title='bbox 781 2214 861 2289; x_wconf 90' lang='lat' dir='ltr'>suis,</span> <span class='ocrx_word' id='word_1_175' title='bbox 896 2214 950 2277; x_wconf 87' lang='lat' dir='ltr'>sed</span> <span class='ocrx_word' id='word_1_176' title='bbox 978 2222 1032 2275; x_wconf 90' lang='lat' dir='ltr'>aut</span> <span class='ocrx_word' id='word_1_177' title='bbox 1059 2222 1145 2277; x_wconf 91' lang='lat' dir='ltr'>secta</span> <span class='ocrx_word' id='word_1_178' title='bbox 1168 2215 1230 2276; x_wconf 89' lang='lat' dir='ltr'>sint</span> <span class='ocrx_word' id='word_1_179' title='bbox 1253 2234 1269 2275; x_wconf 92' lang='lat' dir='ltr'>e</span> <span class='ocrx_word' id='word_1_180' title='bbox 1294 2215 1388 2290; x_wconf 93' lang='lat' dir='ltr'>cubo,</span> <span class='ocrx_word' id='word_1_181' title='bbox 1421 2221 1456 2276; x_wconf 87' lang='lat' dir='ltr'>ut</span> 
     </span>
     <span class='ocr_line' id='line_1_21' title="bbox 106 2297 1455 2384; baseline 0.002 -22"><span class='ocrx_word' id='word_1_182' title='bbox 106 2299 230 2383; x_wconf 83' lang='lat' dir='ltr'>pyramis,</span> <span class='ocrx_word' id='word_1_183' title='bbox 254 2302 382 2382; x_wconf 90' lang='lat' dir='ltr'>rejectis</span> <span class='ocrx_word' id='word_1_184' title='bbox 406 2297 646 2382; x_wconf 74' lang='lat' dir='ltr'>‹lpyramidibus</span> <span class='ocrx_word' id='word_1_185' title='bbox 666 2302 870 2382; x_wconf 85' lang='lat' dir='ltr'>rectangulis:</span> <span class='ocrx_word' id='word_1_186' title='bbox 896 2311 950 2364; x_wconf 88' lang='lat' dir='ltr'>aut</span> <span class='ocrx_word' id='word_1_187' title='bbox 973 2310 1072 2378; x_wconf 89' lang='lat' dir='ltr'>aucta,</span> <span class='ocrx_word' id='word_1_188' title='bbox 1097 2312 1130 2364; x_wconf 91' lang='lat' dir='ltr'>ut</span> <span class='ocrx_word' id='word_1_189' title='bbox 1154 2303 1372 2378; x_wconf 74' lang='lat' dir='ltr'>dodecaedrou,</span> <span class='ocrx_word' id='word_1_190' title='bbox 1397 2321 1455 2384; x_wconf 89' lang='lat' dir='ltr'>ap-</span> 
     </span>
     <span class='ocr_line' id='line_1_22' title="bbox 106 2387 1456 2472; baseline 0.006 -26"><span class='ocrx_word' id='word_1_191' title='bbox 106 2387 196 2464; x_wconf 88' lang='lat' dir='ltr'>positis</span> <span class='ocrx_word' id='word_1_192' title='bbox 219 2409 274 2451; x_wconf 87' lang='lat' dir='ltr'>sex</span> <span class='ocrx_word' id='word_1_193' title='bbox 299 2390 487 2470; x_wconf 76' lang='lat' dir='ltr'>pentaedris.</span> <span class='ocrx_word' id='word_1_194' title='bbox 535 2388 571 2464; x_wconf 81' lang='grc'>2)</span> <span class='ocrx_word' id='word_1_195' title='bbox 601 2389 690 2452; x_wconf 86' lang='lat' dir='ltr'>Solus</span> <span class='ocrx_word' id='word_1_196' title='bbox 721 2391 751 2452; x_wconf 92' lang='lat' dir='ltr'>iu</span> <span class='ocrx_word' id='word_1_197' title='bbox 780 2392 981 2471; x_wconf 89' lang='lat' dir='ltr'>hornogeneos</span> <span class='ocrx_word' id='word_1_198' title='bbox 1013 2391 1105 2454; x_wconf 88' lang='lat' dir='ltr'>cubos</span> <span class='ocrx_word' id='word_1_199' title='bbox 1139 2392 1203 2454; x_wconf 90' lang='lat' dir='ltr'>sine</span> <span class='ocrx_word' id='word_1_200' title='bbox 1232 2392 1375 2472; x_wconf 86' lang='lat' dir='ltr'>prismate</span> <span class='ocrx_word' id='word_1_201' title='bbox 1404 2411 1456 2458; x_wconf 86' lang='lat' dir='ltr'>re·</span> 
     </span>
     <span class='ocr_line' id='line_1_23' title="bbox 106 2475 1457 2560; baseline 0.004 -24"><span class='ocrx_word' id='word_1_202' title='bbox 106 2476 169 2538; x_wconf 83' lang='lat' dir='ltr'>solvi</span> <span class='ocrx_word' id='word_1_203' title='bbox 190 2485 304 2558; x_wconf 88' lang='lat' dir='ltr'>potest.</span> <span class='ocrx_word' id='word_1_204' title='bbox 354 2475 390 2551; x_wconf 88' lang='lat'>3)</span> <span class='ocrx_word' id='word_1_205' title='bbox 415 2477 506 2540; x_wconf 87' lang='lat' dir='ltr'>Solus</span> <span class='ocrx_word' id='word_1_206' title='bbox 531 2486 579 2540; x_wconf 90' lang='lat' dir='ltr'>est</span> <span class='ocrx_word' id='word_1_207' title='bbox 602 2499 722 2560; x_wconf 91' lang='lat' dir='ltr'>quaqua</span> <span class='ocrx_word' id='word_1_208' title='bbox 751 2499 870 2542; x_wconf 88' lang='lat' dir='ltr'>versum</span> <span class='ocrx_word' id='word_1_209' title='bbox 898 2489 931 2542; x_wconf 91' lang='lat' dir='ltr'>et</span> <span class='ocrx_word' id='word_1_210' title='bbox 957 2479 1074 2542; x_wconf 88' lang='lat' dir='ltr'>intres</span> <span class='ocrx_word' id='word_1_211' title='bbox 1099 2480 1232 2543; x_wconf 87' lang='lat' dir='ltr'>directas</span> <span class='ocrx_word' id='word_1_212' title='bbox 1257 2480 1457 2544; x_wconf 84' lang='lat' dir='ltr'>dimensiones</span> 
     </span>
     <span class='ocr_line' id='line_1_24' title="bbox 106 2565 1456 2647; baseline 0.004 -22"><span class='ocrx_word' id='word_1_213' title='bbox 106 2565 259 2645; x_wconf 84' lang='lat' dir='ltr'>porrigitur.</span> <span class='ocrx_word' id='word_1_214' title='bbox 308 2567 391 2628; x_wconf 90' lang='lat' dir='ltr'>Nam</span> <span class='ocrx_word' id='word_1_215' title='bbox 414 2567 591 2647; x_wconf 90' lang='lat' dir='ltr'>reliquorum</span> <span class='ocrx_word' id='word_1_216' title='bbox 617 2570 710 2631; x_wconf 87' lang='lat' dir='ltr'>facies</span> <span class='ocrx_word' id='word_1_217' title='bbox 735 2570 859 2632; x_wconf 88' lang='lat' dir='ltr'>inclines</span> <span class='ocrx_word' id='word_1_218' title='bbox 882 2576 953 2630; x_wconf 89' lang='lat' dir='ltr'>sunt</span> <span class='ocrx_word' id='word_1_219' title='bbox 976 2579 1007 2630; x_wconf 88' lang='lat' dir='ltr'>et</span> <span class='ocrx_word' id='word_1_220' title='bbox 1035 2569 1160 2644; x_wconf 90' lang='lat' dir='ltr'>alicubi,</span> <span class='ocrx_word' id='word_1_221' title='bbox 1189 2587 1255 2630; x_wconf 92' lang='lat' dir='ltr'>cum</span> <span class='ocrx_word' id='word_1_222' title='bbox 1280 2588 1314 2630; x_wconf 90' lang='lat' dir='ltr'>se</span> <span class='ocrx_word' id='word_1_223' title='bbox 1338 2568 1456 2632; x_wconf 90' lang='lat' dir='ltr'>duabus</span> 
     </span>
    </p>
   </div>
   <div class='ocr_carea' id='block_1_6' title="bbox 106 2652 1569 2738">
    <p class='ocr_par' dir='ltr' id='par_1_6' title="bbox 106 2652 1569 2738">
     <span class='ocr_line' id='line_1_25' title="bbox 106 2652 1569 2738; baseline 0.005 -25"><span class='ocrx_word' id='word_1_224' title='bbox 106 2653 211 2718; x_wconf 88' lang='lat' dir='ltr'>directis</span> <span class='ocrx_word' id='word_1_225' title='bbox 231 2655 421 2718; x_wconf 85' lang='lat' dir='ltr'>sectionibus</span> <span class='ocrx_word' id='word_1_226' title='bbox 439 2656 616 2735; x_wconf 86' lang='lat' dir='ltr'>praebeant,</span> <span class='ocrx_word' id='word_1_227' title='bbox 639 2658 669 2720; x_wconf 90' lang='lat' dir='ltr'>in</span> <span class='ocrx_word' id='word_1_228' title='bbox 693 2658 807 2738; x_wconf 89' lang='lat' dir='ltr'>reliqna</span> <span class='ocrx_word' id='word_1_229' title='bbox 830 2665 979 2720; x_wconf 87' lang='lat' dir='ltr'>sectorem</span> <span class='ocrx_word' id='word_1_230' title='bbox 1003 2659 1196 2719; x_wconf 83' lang='lat' dir='ltr'>frustrantur.</span> <span class='ocrx_word' id='word_1_231' title='bbox 1234 2652 1270 2730; x_wconf 80' lang='grc'>4)</span> <span class='ocrx_word' id='word_1_232' title='bbox 1295 2657 1373 2718; x_wconf 91' lang='lat' dir='ltr'>Hinc</span> <span class='ocrx_word' id='word_1_233' title='bbox 1397 2665 1456 2732; x_wconf 88' lang='grc' dir='ltr'><strong>εει,</strong></span> <span class='ocrx_word' id='word_1_234' title='bbox 1563 2676 1569 2682; x_wconf 88' lang='grc'><strong>’</strong></span> 
     </span>
    </p>
   </div>
   <div class='ocr_carea' id='block_1_7' title="bbox 104 2744 1460 3983">
    <p class='ocr_par' dir='ltr' id='par_1_7' title="bbox 104 2744 1460 3983">
     <span class='ocr_line' id='line_1_26' title="bbox 106 2744 1458 2827; baseline 0.003 -25"><span class='ocrx_word' id='word_1_235' title='bbox 106 2745 171 2821; x_wconf 85' lang='lat' dir='ltr'>quod</span> <span class='ocrx_word' id='word_1_236' title='bbox 193 2746 275 2806; x_wconf 89' lang='lat' dir='ltr'>solus</span> <span class='ocrx_word' id='word_1_237' title='bbox 299 2744 396 2807; x_wconf 89' lang='lat' dir='ltr'>habet</span> <span class='ocrx_word' id='word_1_238' title='bbox 420 2752 467 2806; x_wconf 88' lang='lat' dir='ltr'>tot</span> <span class='ocrx_word' id='word_1_239' title='bbox 491 2746 598 2814; x_wconf 80' lang='lat' dir='ltr'>facies.</span> <span class='ocrx_word' id='word_1_240' title='bbox 628 2755 701 2827; x_wconf 91' lang='lat' dir='ltr'>quot</span> <span class='ocrx_word' id='word_1_241' title='bbox 725 2746 816 2808; x_wconf 88' lang='lat' dir='ltr'>habet</span> <span class='ocrx_word' id='word_1_242' title='bbox 838 2746 973 2809; x_wconf 88' lang='lat' dir='ltr'>ternaria</span> <span class='ocrx_word' id='word_1_243' title='bbox 996 2745 1141 2808; x_wconf 88' lang='lat' dir='ltr'>dimensio</span> <span class='ocrx_word' id='word_1_244' title='bbox 1166 2746 1325 2820; x_wconf 87' lang='lat' dir='ltr'>terminos,</span> <span class='ocrx_word' id='word_1_245' title='bbox 1351 2765 1458 2825; x_wconf 87' lang='lat' dir='ltr'>nempe</span> 
     </span>
     <span class='ocr_line' id='line_1_27' title="bbox 106 2832 1457 2919; baseline 0.003 -29"><span class='ocrx_word' id='word_1_246' title='bbox 106 2851 161 2906; x_wconf 79' lang='lat' dir='ltr'>sex,</span> <span class='ocrx_word' id='word_1_247' title='bbox 185 2841 215 2894; x_wconf 91' lang='lat' dir='ltr'>et</span> <span class='ocrx_word' id='word_1_248' title='bbox 237 2833 366 2914; x_wconf 92' lang='lat' dir='ltr'>duplum</span> <span class='ocrx_word' id='word_1_249' title='bbox 389 2853 542 2919; x_wconf 77' lang='lat' dir='ltr'>nurnerurn</span> <span class='ocrx_word' id='word_1_250' title='bbox 567 2834 709 2911; x_wconf 86' lang='lat' dir='ltr'>laterum,</span> <span class='ocrx_word' id='word_1_251' title='bbox 739 2835 857 2899; x_wconf 89' lang='lat' dir='ltr'>scilicet</span> <span class='ocrx_word' id='word_1_252' title='bbox 881 2835 1046 2898; x_wconf 87' lang='lat' dir='ltr'>duodecim.</span> <span class='ocrx_word' id='word_1_253' title='bbox 1094 2832 1130 2906; x_wconf 87' lang='lat'>5)</span> <span class='ocrx_word' id='word_1_254' title='bbox 1155 2833 1245 2896; x_wconf 88' lang='lat' dir='ltr'>Solus</span> <span class='ocrx_word' id='word_1_255' title='bbox 1268 2835 1457 2914; x_wconf 87' lang='lat' dir='ltr'>undiquaque</span> 
     </span>
     <span class='ocr_line' id='line_1_28' title="bbox 105 2920 1457 3006; baseline 0.001 -26"><span class='ocrx_word' id='word_1_256' title='bbox 105 2920 184 2984; x_wconf 88' lang='lat' dir='ltr'>labet</span> <span class='ocrx_word' id='word_1_257' title='bbox 205 2923 369 3004; x_wconf 88' lang='lat' dir='ltr'>aequalem</span> <span class='ocrx_word' id='word_1_258' title='bbox 393 2924 553 3002; x_wconf 83' lang='lat' dir='ltr'>angulum,</span> <span class='ocrx_word' id='word_1_259' title='bbox 585 2925 702 2986; x_wconf 89' lang='lat' dir='ltr'>scilicet</span> <span class='ocrx_word' id='word_1_260' title='bbox 734 2932 859 2987; x_wconf 89' lang='lat' dir='ltr'>rectum.</span> <span class='ocrx_word' id='word_1_261' title='bbox 906 2927 951 2986; x_wconf 87' lang='lat' dir='ltr'>At</span> <span class='ocrx_word' id='word_1_262' title='bbox 978 2925 1008 2985; x_wconf 94' lang='lat' dir='ltr'>in</span> <span class='ocrx_word' id='word_1_263' title='bbox 1041 2923 1197 3006; x_wconf 88' lang='lat' dir='ltr'>pyramide</span> <span class='ocrx_word' id='word_1_264' title='bbox 1228 2922 1351 3002; x_wconf 89' lang='lat' dir='ltr'>regula,</span> <span class='ocrx_word' id='word_1_265' title='bbox 1380 2940 1457 3002; x_wconf 91' lang='lat' dir='ltr'>quae</span> 
     </span>
     <span class='ocr_line' id='line_1_29' title="bbox 105 3010 1457 3094; baseline 0.001 -25"><span class='ocrx_word' id='word_1_266' title='bbox 105 3010 179 3072; x_wconf 88' lang='lat' dir='ltr'>sedet</span> <span class='ocrx_word' id='word_1_267' title='bbox 200 3012 344 3074; x_wconf 87' lang='lat' dir='ltr'>adbibita</span> <span class='ocrx_word' id='word_1_268' title='bbox 366 3011 472 3074; x_wconf 92' lang='lat' dir='ltr'>mediis</span> <span class='ocrx_word' id='word_1_269' title='bbox 495 3013 607 3092; x_wconf 88' lang='lat' dir='ltr'>planis,</span> <span class='ocrx_word' id='word_1_270' title='bbox 634 3014 803 3094; x_wconf 87' lang='lat' dir='ltr'>discrepat,</span> <span class='ocrx_word' id='word_1_271' title='bbox 828 3014 855 3075; x_wconf 91' lang='lat' dir='ltr'>si</span> <span class='ocrx_word' id='word_1_272' title='bbox 879 3033 946 3074; x_wconf 89' lang='lat' dir='ltr'>eam</span> <span class='ocrx_word' id='word_1_273' title='bbox 968 3031 1074 3073; x_wconf 88' lang='lat' dir='ltr'>versus</span> <span class='ocrx_word' id='word_1_274' title='bbox 1099 3011 1239 3090; x_wconf 83' lang='lat' dir='ltr'>angulum</span> <span class='ocrx_word' id='word_1_275' title='bbox 1263 3010 1457 3089; x_wconf 89' lang='lat' dir='ltr'>intorqueas:</span> 
     </span>
     <span class='ocr_line' id='line_1_30' title="bbox 105 3099 1458 3183; baseline 0 -26"><span class='ocrx_word' id='word_1_276' title='bbox 105 3117 149 3159; x_wconf 92' lang='lat' dir='ltr'>nec</span> <span class='ocrx_word' id='word_1_277' title='bbox 171 3100 258 3163; x_wconf 88' lang='lat' dir='ltr'>solidi</span> <span class='ocrx_word' id='word_1_278' title='bbox 286 3099 389 3180; x_wconf 89' lang='lat' dir='ltr'>anguli</span> <span class='ocrx_word' id='word_1_279' title='bbox 415 3101 454 3162; x_wconf 89' lang='lat' dir='ltr'>ad</span> <span class='ocrx_word' id='word_1_280' title='bbox 478 3120 544 3163; x_wconf 91' lang='lat' dir='ltr'>eam</span> <span class='ocrx_word' id='word_1_281' title='bbox 567 3122 701 3165; x_wconf 87' lang='lat' dir='ltr'>normam</span> <span class='ocrx_word' id='word_1_282' title='bbox 726 3104 891 3183; x_wconf 89' lang='lat' dir='ltr'>quadrant,</span> <span class='ocrx_word' id='word_1_283' title='bbox 916 3119 991 3182; x_wconf 91' lang='lat' dir='ltr'>qnae</span> <span class='ocrx_word' id='word_1_284' title='bbox 1016 3100 1206 3181; x_wconf 85' lang='lat' dir='ltr'>interjectum</span> <span class='ocrx_word' id='word_1_285' title='bbox 1232 3101 1353 3179; x_wconf 85' lang='lat' dir='ltr'>longum</span> <span class='ocrx_word' id='word_1_286' title='bbox 1375 3099 1458 3161; x_wconf 88' lang='lat' dir='ltr'>late-</span> 
     </span>
     <span class='ocr_line' id='line_1_31' title="bbox 105 3187 1458 3270; baseline 0.001 -24"><span class='ocrx_word' id='word_1_287' title='bbox 105 3189 184 3250; x_wconf 88' lang='lat' dir='ltr'>ralem</span> <span class='ocrx_word' id='word_1_288' title='bbox 207 3190 354 3270; x_wconf 83' lang='lat' dir='ltr'>angulum</span> <span class='ocrx_word' id='word_1_289' title='bbox 378 3191 510 3253; x_wconf 87' lang='lat' dir='ltr'>metitur.</span> <span class='ocrx_word' id='word_1_290' title='bbox 558 3187 593 3266; x_wconf 89' lang='lat'>6)</span> <span class='ocrx_word' id='word_1_291' title='bbox 622 3191 701 3253; x_wconf 88' lang='lat' dir='ltr'>Hinc</span> <span class='ocrx_word' id='word_1_292' title='bbox 724 3193 816 3254; x_wconf 90' lang='lat' dir='ltr'>etiam</span> <span class='ocrx_word' id='word_1_293' title='bbox 845 3191 901 3253; x_wconf 92' lang='lat' dir='ltr'>soli</span> <span class='ocrx_word' id='word_1_294' title='bbox 929 3191 1089 3270; x_wconf 87' lang='lat' dir='ltr'>competit,</span> <span class='ocrx_word' id='word_1_295' title='bbox 1120 3189 1198 3270; x_wconf 94' lang='lat' dir='ltr'>quod</span> <span class='ocrx_word' id='word_1_296' title='bbox 1228 3207 1265 3250; x_wconf 84' lang='lat' dir='ltr'>ex</span> <span class='ocrx_word' id='word_1_297' title='bbox 1292 3189 1458 3266; x_wconf 74' lang='grc' dir='ltr'><strong>μοεοβιβλῳ</strong></span> 
     </span>
     <span class='ocr_line' id='line_1_32' title="bbox 105 3275 1460 3359; baseline 0.001 -23"><span class='ocrx_word' id='word_1_298' title='bbox 105 3275 259 3341; x_wconf 83' lang='lat' dir='ltr'>Ptolemaei</span> <span class='ocrx_word' id='word_1_299' title='bbox 284 3278 363 3340; x_wconf 89' lang='lat' dir='ltr'>citat</span> <span class='ocrx_word' id='word_1_300' title='bbox 386 3278 556 3359; x_wconf 88' lang='lat' dir='ltr'>Simplicius</span> <span class='ocrx_word' id='word_1_301' title='bbox 581 3299 670 3359; x_wconf 88' lang='lat' dir='ltr'>super</span> <span class='ocrx_word' id='word_1_302' title='bbox 693 3281 789 3344; x_wconf 80' lang='lat' dir='ltr'>Arist.</span> <span class='ocrx_word' id='word_1_303' title='bbox 816 3281 866 3343; x_wconf 94' lang='lat' dir='ltr'>lib.</span> <span class='ocrx_word' id='word_1_304' title='bbox 890 3280 914 3342; x_wconf 94' lang='grc' dir='ltr'>Ι.</span> <span class='ocrx_word' id='word_1_305' title='bbox 940 3280 976 3341; x_wconf 92' lang='lat' dir='ltr'>de</span> <span class='ocrx_word' id='word_1_306' title='bbox 1002 3277 1096 3342; x_wconf 82' lang='lat' dir='ltr'>Coelo</span> <span class='ocrx_word' id='word_1_307' title='bbox 1126 3297 1191 3358; x_wconf 91' lang='lat' dir='ltr'>cap.</span> <span class='ocrx_word' id='word_1_308' title='bbox 1219 3276 1246 3340; x_wconf 93' lang='grc'>1.</span> <span class='ocrx_word' id='word_1_309' title='bbox 1277 3295 1331 3356; x_wconf 94' lang='lat' dir='ltr'>pro</span> <span class='ocrx_word' id='word_1_310' title='bbox 1365 3295 1460 3339; x_wconf 90' lang='lat' dir='ltr'>causa</span> 
     </span>
     <span class='ocr_line' id='line_1_33' title="bbox 104 3366 1457 3449; baseline 0 -23"><span class='ocrx_word' id='word_1_311' title='bbox 104 3367 287 3442; x_wconf 89' lang='lat' dir='ltr'>perfectionis</span> <span class='ocrx_word' id='word_1_312' title='bbox 312 3368 341 3428; x_wconf 93' lang='lat' dir='ltr'>in</span> <span class='ocrx_word' id='word_1_313' title='bbox 367 3367 520 3430; x_wconf 91' lang='lat' dir='ltr'>ternario:</span> <span class='ocrx_word' id='word_1_314' title='bbox 551 3371 629 3449; x_wconf 93' lang='lat' dir='ltr'>qnod</span> <span class='ocrx_word' id='word_1_315' title='bbox 658 3369 775 3432; x_wconf 89' lang='lat' dir='ltr'>scilicet</span> <span class='ocrx_word' id='word_1_316' title='bbox 802 3389 859 3432; x_wconf 90' lang='lat' dir='ltr'>non</span> <span class='ocrx_word' id='word_1_317' title='bbox 888 3371 989 3448; x_wconf 89' lang='lat' dir='ltr'>plures</span> <span class='ocrx_word' id='word_1_318' title='bbox 1018 3367 1115 3431; x_wconf 90' lang='lat' dir='ltr'>tribus</span> <span class='ocrx_word' id='word_1_319' title='bbox 1139 3368 1231 3430; x_wconf 89' lang='lat' dir='ltr'>rectis</span> <span class='ocrx_word' id='word_1_320' title='bbox 1254 3366 1457 3449; x_wconf 89' lang='lat' dir='ltr'>perpendicu-</span> 
     </span>
     <span class='ocr_line' id='line_1_34' title="bbox 105 3454 1456 3533; baseline 0.001 -18"><span class='ocrx_word' id='word_1_321' title='bbox 105 3454 203 3518; x_wconf 88' lang='lat' dir='ltr'>laribos</span> <span class='ocrx_word' id='word_1_322' title='bbox 226 3455 269 3518; x_wconf 87' lang='lat' dir='ltr'>ad</span> <span class='ocrx_word' id='word_1_323' title='bbox 293 3457 393 3519; x_wconf 89' lang='lat' dir='ltr'>locum</span> <span class='ocrx_word' id='word_1_324' title='bbox 423 3457 550 3519; x_wconf 91' lang='lat' dir='ltr'>solidum</span> <span class='ocrx_word' id='word_1_325' title='bbox 580 3457 608 3519; x_wconf 92' lang='lat' dir='ltr'>in</span> <span class='ocrx_word' id='word_1_326' title='bbox 638 3459 758 3520; x_wconf 87' lang='lat' dir='ltr'>solidos·</span> <span class='ocrx_word' id='word_1_327' title='bbox 780 3468 879 3521; x_wconf 91' lang='lat' dir='ltr'>rectos</span> <span class='ocrx_word' id='word_1_328' title='bbox 909 3457 1102 3519; x_wconf 91' lang='lat' dir='ltr'>dividendum</span> <span class='ocrx_word' id='word_1_329' title='bbox 1126 3474 1302 3518; x_wconf 86' lang='lat' dir='ltr'>concurrere</span> <span class='ocrx_word' id='word_1_330' title='bbox 1326 3454 1456 3533; x_wconf 83' lang='lat' dir='ltr'>possint</span> 
     </span>
     <span class='ocr_line' id='line_1_35' title="bbox 106 3541 1459 3626; baseline -0.001 -22"><span class='ocrx_word' id='word_1_331' title='bbox 106 3541 208 3614; x_wconf 72' lang='grc' dir='ltr'><strong>ΌΕει</strong></span> <span class='ocrx_word' id='word_1_332' title='bbox 236 3545 406 3608; x_wconf 87' lang='lat' dir='ltr'>solidorum</span> <span class='ocrx_word' id='word_1_333' title='bbox 433 3545 653 3609; x_wconf 87' lang='lat' dir='ltr'>rectilineorum</span> <span class='ocrx_word' id='word_1_334' title='bbox 682 3547 811 3610; x_wconf 85' lang='lat' dir='ltr'>omniurn</span> <span class='ocrx_word' id='word_1_335' title='bbox 841 3545 1094 3626; x_wconf 86' lang='lat' dir='ltr'>simplicissimum</span> <span class='ocrx_word' id='word_1_336' title='bbox 1117 3563 1234 3624; x_wconf 87' lang='lat' dir='ltr'>corpus.</span> <span class='ocrx_word' id='word_1_337' title='bbox 1282 3541 1371 3614; x_wconf 85' lang='lat' dir='ltr'>Quod</span> <span class='ocrx_word' id='word_1_338' title='bbox 1400 3541 1459 3604; x_wconf 88' lang='lat' dir='ltr'>etsi</span> 
     </span>
     <span class='ocr_line' id='line_1_36' title="bbox 106 3630 1458 3716; baseline -0.001 -24"><span class='ocrx_word' id='word_1_339' title='bbox 106 3631 129 3692; x_wconf 92' lang='lat' dir='ltr'>in</span> <span class='ocrx_word' id='word_1_340' title='bbox 148 3635 302 3716; x_wconf 79' lang='lat' dir='ltr'>pyramide</span> <span class='ocrx_word' id='word_1_341' title='bbox 327 3634 502 3714; x_wconf 90' lang='lat' dir='ltr'>ambigitur,</span> <span class='ocrx_word' id='word_1_342' title='bbox 528 3643 628 3698; x_wconf 87' lang='lat' dir='ltr'>tamen</span> <span class='ocrx_word' id='word_1_343' title='bbox 654 3657 691 3698; x_wconf 84' lang='lat' dir='ltr'>ex</span> <span class='ocrx_word' id='word_1_344' title='bbox 714 3656 749 3699; x_wconf 91' lang='lat' dir='ltr'>eo</span> <span class='ocrx_word' id='word_1_345' title='bbox 775 3637 863 3698; x_wconf 89' lang='lat' dir='ltr'>l&#39;acile</span> <span class='ocrx_word' id='word_1_346' title='bbox 888 3635 1049 3708; x_wconf 89' lang='lat' dir='ltr'>evincitur,</span> <span class='ocrx_word' id='word_1_347' title='bbox 1080 3634 1158 3714; x_wconf 94' lang='lat' dir='ltr'>quod</span> <span class='ocrx_word' id='word_1_348' title='bbox 1181 3630 1347 3716; x_wconf 87' lang='lat' dir='ltr'>pyramidis</span> <span class='ocrx_word' id='word_1_349' title='bbox 1371 3649 1458 3692; x_wconf 90' lang='lat' dir='ltr'>men-</span> 
     </span>
     <span class='ocr_line' id='line_1_37' title="bbox 106 3721 1460 3804; baseline -0.002 -22"><span class='ocrx_word' id='word_1_350' title='bbox 106 3739 165 3783; x_wconf 84' lang='lat' dir='ltr'>sura</span> <span class='ocrx_word' id='word_1_351' title='bbox 186 3725 284 3786; x_wconf 89' lang='lat' dir='ltr'>cubus</span> <span class='ocrx_word' id='word_1_352' title='bbox 308 3731 365 3798; x_wconf 89' lang='grc' dir='ltr'><strong>εει,</strong></span> <span class='ocrx_word' id='word_1_353' title='bbox 392 3743 561 3787; x_wconf 84' lang='lat' dir='ltr'>mensuram</span> <span class='ocrx_word' id='word_1_354' title='bbox 585 3733 686 3788; x_wconf 85' lang='lat' dir='ltr'>autern</span> <span class='ocrx_word' id='word_1_355' title='bbox 708 3725 839 3804; x_wconf 89' lang='lat' dir='ltr'>priorem</span> <span class='ocrx_word' id='word_1_356' title='bbox 862 3743 930 3786; x_wconf 87' lang='lat' dir='ltr'>esse</span> <span class='ocrx_word' id='word_1_357' title='bbox 954 3723 1104 3786; x_wconf 92' lang='lat' dir='ltr'>convenit.</span> <span class='ocrx_word' id='word_1_358' title='bbox 1148 3721 1293 3783; x_wconf 88' lang='lat' dir='ltr'>Mensura</span> <span class='ocrx_word' id='word_1_359' title='bbox 1314 3739 1386 3782; x_wconf 86' lang='lat' dir='ltr'>vero</span> <span class='ocrx_word' id='word_1_360' title='bbox 1411 3726 1460 3780; x_wconf 89' lang='grc' dir='ltr'>εει</span> 
     </span>
     <span class='ocr_line' id='line_1_38' title="bbox 107 3808 1458 3896; baseline -0.001 -27"><span class='ocrx_word' id='word_1_361' title='bbox 107 3829 154 3870; x_wconf 90' lang='lat' dir='ltr'>uon</span> <span class='ocrx_word' id='word_1_362' title='bbox 175 3821 294 3875; x_wconf 89' lang='lat' dir='ltr'>tantum</span> <span class='ocrx_word' id='word_1_363' title='bbox 319 3831 359 3874; x_wconf 87' lang='lat' dir='ltr'>ex</span> <span class='ocrx_word' id='word_1_364' title='bbox 381 3813 520 3875; x_wconf 84' lang='lat' dir='ltr'>instituto</span> <span class='ocrx_word' id='word_1_365' title='bbox 544 3815 714 3896; x_wconf 87' lang='lat' dir='ltr'>hominum,</span> <span class='ocrx_word' id='word_1_366' title='bbox 744 3814 792 3896; x_wconf 91' lang='lat' dir='ltr'>qui</span> <span class='ocrx_word' id='word_1_367' title='bbox 821 3812 961 3895; x_wconf 89' lang='lat' dir='ltr'>quicquid</span> <span class='ocrx_word' id='word_1_368' title='bbox 985 3810 1147 3873; x_wconf 86' lang='lat' dir='ltr'>solidorum</span> <span class='ocrx_word' id='word_1_369' title='bbox 1178 3810 1359 3882; x_wconf 87' lang='lat' dir='ltr'>metiuntur,</span> <span class='ocrx_word' id='word_1_370' title='bbox 1391 3808 1458 3889; x_wconf 91' lang='lat' dir='ltr'>ejus</span> 
     </span>
     <span class='ocr_line' id='line_1_39' title="bbox 108 3898 1457 3983; baseline 0 -23"><span class='ocrx_word' id='word_1_371' title='bbox 108 3901 299 3978; x_wconf 86' lang='lat' dir='ltr'>quantitatem</span> <span class='ocrx_word' id='word_1_372' title='bbox 324 3901 353 3963; x_wconf 95' lang='lat' dir='ltr'>in</span> <span class='ocrx_word' id='word_1_373' title='bbox 376 3902 479 3982; x_wconf 89' lang='lat' dir='ltr'>parvis</span> <span class='ocrx_word' id='word_1_374' title='bbox 503 3903 634 3966; x_wconf 89' lang='lat' dir='ltr'>cubiscis</span> <span class='ocrx_word' id='word_1_375' title='bbox 657 3903 828 3983; x_wconf 88' lang='lat' dir='ltr'>concipiunt</span> <span class='ocrx_word' id='word_1_376' title='bbox 855 3901 973 3970; x_wconf 87' lang='lat' dir='ltr'>animo,</span> <span class='ocrx_word' id='word_1_377' title='bbox 1006 3901 1060 3962; x_wconf 86' lang='lat' dir='ltr'>sed</span> <span class='ocrx_word' id='word_1_378' title='bbox 1088 3900 1182 3962; x_wconf 86' lang='lat' dir='ltr'>multo</span> <span class='ocrx_word' id='word_1_379' title='bbox 1212 3898 1309 3978; x_wconf 89' lang='lat' dir='ltr'>magis</span> <span class='ocrx_word' id='word_1_380' title='bbox 1338 3905 1457 3960; x_wconf 89' lang='lat' dir='ltr'>natura.</span> 
     </span>
    </p>
   </div>
   <div class='ocr_carea' id='block_1_8' title="bbox 107 3984 1560 4072">
    <p class='ocr_par' dir='ltr' id='par_1_8' title="bbox 107 3984 1560 4072">
     <span class='ocr_line' id='line_1_40' title="bbox 107 3984 1560 4072; baseline -0.001 -25"><span class='ocrx_word' id='word_1_381' title='bbox 107 3985 206 4052; x_wconf 86' lang='lat' dir='ltr'>Rectus</span> <span class='ocrx_word' id='word_1_382' title='bbox 230 3989 313 4052; x_wconf 89' lang='lat' dir='ltr'>enim</span> <span class='ocrx_word' id='word_1_383' title='bbox 337 3989 465 4068; x_wconf 89' lang='lat' dir='ltr'>angulus</span> <span class='ocrx_word' id='word_1_384' title='bbox 488 3992 623 4072; x_wconf 90' lang='lat' dir='ltr'>aequalis</span> <span class='ocrx_word' id='word_1_385' title='bbox 648 4000 696 4054; x_wconf 91' lang='lat' dir='ltr'>est</span> <span class='ocrx_word' id='word_1_386' title='bbox 719 3991 817 4066; x_wconf 88' lang='lat' dir='ltr'>alteri,</span> <span class='ocrx_word' id='word_1_387' title='bbox 843 4007 969 4071; x_wconf 90' lang='lat' dir='ltr'>quocum</span> <span class='ocrx_word' id='word_1_388' title='bbox 991 3989 1021 4051; x_wconf 91' lang='lat' dir='ltr'>in</span> <span class='ocrx_word' id='word_1_389' title='bbox 1040 3989 1162 4069; x_wconf 87' lang='lat' dir='ltr'>planum</span> <span class='ocrx_word' id='word_1_390' title='bbox 1180 3985 1362 4049; x_wconf 85' lang='lat' dir='ltr'>extenditur.</span> <span class='ocrx_word' id='word_1_391' title='bbox 1399 3984 1460 4046; x_wconf 84' lang='lat' dir='ltr'>Est</span> <span class='ocrx_word' id='word_1_392' title='bbox 1553 3992 1560 4008; x_wconf 85' lang='lat'><strong><em>‘</em></strong></span> 
     </span>
    </p>
   </div>
   <div class='ocr_carea' id='block_1_9' title="bbox 108 4071 1459 4866">
    <p class='ocr_par' dir='ltr' id='par_1_9' title="bbox 108 4071 1459 4866">
     <span class='ocr_line' id='line_1_41' title="bbox 108 4071 1457 4162; baseline -0.003 -26"><span class='ocrx_word' id='word_1_393' title='bbox 108 4075 184 4155; x_wconf 88' lang='lat' dir='ltr'>igitar</span> <span class='ocrx_word' id='word_1_394' title='bbox 205 4087 358 4161; x_wconf 91' lang='lat' dir='ltr'>perpetuo</span> <span class='ocrx_word' id='word_1_395' title='bbox 382 4079 441 4141; x_wconf 86' lang='lat' dir='ltr'>sibi</span> <span class='ocrx_word' id='word_1_396' title='bbox 464 4081 599 4162; x_wconf 87' lang='lat' dir='ltr'>aequalis</span> <span class='ocrx_word' id='word_1_397' title='bbox 622 4080 693 4160; x_wconf 91' lang='lat' dir='ltr'>ipsi,</span> <span class='ocrx_word' id='word_1_398' title='bbox 725 4079 915 4161; x_wconf 85' lang='lat' dir='ltr'>atque.adeo</span> <span class='ocrx_word' id='word_1_399' title='bbox 939 4097 1028 4152; x_wconf 90' lang='lat' dir='ltr'>unus,</span> <span class='ocrx_word' id='word_1_400' title='bbox 1059 4085 1225 4162; x_wconf 85' lang='lat' dir='ltr'>ceterorum</span> <span class='ocrx_word' id='word_1_401' title='bbox 1248 4073 1385 4154; x_wconf 88' lang='lat' dir='ltr'>utrinque</span> <span class='ocrx_word' id='word_1_402' title='bbox 1408 4071 1457 4136; x_wconf 89' lang='lat' dir='ltr'>in-</span> 
     </span>
     <span class='ocr_line' id='line_1_42' title="bbox 108 4161 1459 4245; baseline -0.004 -19"><span class='ocrx_word' id='word_1_403' title='bbox 108 4165 170 4230; x_wconf 87' lang='lat' dir='ltr'>initi</span> <span class='ocrx_word' id='word_1_404' title='bbox 191 4178 274 4232; x_wconf 92' lang='lat' dir='ltr'>sunt.</span> <span class='ocrx_word' id='word_1_405' title='bbox 322 4167 498 4230; x_wconf 84' lang='lat' dir='ltr'>Mansuram</span> <span class='ocrx_word' id='word_1_406' title='bbox 522 4176 622 4232; x_wconf 81' lang='lat' dir='ltr'>auteur</span> <span class='ocrx_word' id='word_1_407' title='bbox 646 4170 745 4231; x_wconf 78' lang='lat' dir='ltr'>decet</span> <span class='ocrx_word' id='word_1_408' title='bbox 758 4187 846 4231; x_wconf 91' lang='lat' dir='ltr'>uuam</span> <span class='ocrx_word' id='word_1_409' title='bbox 870 4175 902 4230; x_wconf 90' lang='lat' dir='ltr'>et</span> <span class='ocrx_word' id='word_1_410' title='bbox 925 4165 1070 4240; x_wconf 88' lang='lat' dir='ltr'>eandem,</span> <span class='ocrx_word' id='word_1_411' title='bbox 1102 4166 1193 4245; x_wconf 85' lang='lat' dir='ltr'>atque</span> <span class='ocrx_word' id='word_1_412' title='bbox 1221 4163 1316 4224; x_wconf 88' lang='lat' dir='ltr'>etiarn</span> <span class='ocrx_word' id='word_1_413' title='bbox 1343 4161 1459 4222; x_wconf 82' lang='lat' dir='ltr'>finitam</span> 
     </span>
     <span class='ocr_line' id='line_1_43' title="bbox 109 4252 1456 4333; baseline -0.004 -19"><span class='ocrx_word' id='word_1_414' title='bbox 109 4272 173 4318; x_wconf 82' lang='lat' dir='ltr'>esse.</span> <span class='ocrx_word' id='word_1_415' title='bbox 218 4255 256 4331; x_wconf 84' lang='lat'>8)</span> <span class='ocrx_word' id='word_1_416' title='bbox 281 4256 361 4318; x_wconf 85' lang='lat' dir='ltr'>Hinc</span> <span class='ocrx_word' id='word_1_417' title='bbox 384 4265 448 4320; x_wconf 85' lang='lat' dir='ltr'>tam</span> <span class='ocrx_word' id='word_1_418' title='bbox 472 4259 618 4321; x_wconf 91' lang='lat' dir='ltr'>foecunda</span> <span class='ocrx_word' id='word_1_419' title='bbox 642 4266 690 4320; x_wconf 88' lang='lat' dir='ltr'>est</span> <span class='ocrx_word' id='word_1_420' title='bbox 713 4257 788 4320; x_wconf 90' lang='lat' dir='ltr'>recti</span> <span class='ocrx_word' id='word_1_421' title='bbox 810 4257 840 4318; x_wconf 91' lang='lat' dir='ltr'>in</span> <span class='ocrx_word' id='word_1_422' title='bbox 865 4255 1007 4317; x_wconf 91' lang='lat' dir='ltr'>circulum</span> <span class='ocrx_word' id='word_1_423' title='bbox 1031 4252 1196 4333; x_wconf 86' lang='lat' dir='ltr'>inscriptio,</span> <span class='ocrx_word' id='word_1_424' title='bbox 1222 4253 1286 4314; x_wconf 88' lang='lat' dir='ltr'>sins</span> <span class='ocrx_word' id='word_1_425' title='bbox 1310 4269 1367 4330; x_wconf 90' lang='lat' dir='ltr'>quo</span> <span class='ocrx_word' id='word_1_426' title='bbox 1391 4267 1456 4309; x_wconf 89' lang='lat' dir='ltr'>me-</span> 
     </span>
     <span class='ocr_line' id='line_1_44' title="bbox 109 4339 1455 4427; baseline -0.007 -23"><span class='ocrx_word' id='word_1_427' title='bbox 109 4341 197 4408; x_wconf 87' lang='lat' dir='ltr'>diante</span> <span class='ocrx_word' id='word_1_428' title='bbox 221 4365 278 4408; x_wconf 90' lang='lat' dir='ltr'>nec</span> <span class='ocrx_word' id='word_1_429' title='bbox 302 4345 487 4424; x_wconf 88' lang='lat' dir='ltr'>triangulum</span> <span class='ocrx_word' id='word_1_430' title='bbox 510 4367 565 4409; x_wconf 89' lang='lat' dir='ltr'>nec</span> <span class='ocrx_word' id='word_1_431' title='bbox 588 4347 841 4427; x_wconf 87' lang='lat' dir='ltr'>quinquangulum</span> <span class='ocrx_word' id='word_1_432' title='bbox 864 4363 920 4406; x_wconf 90' lang='lat' dir='ltr'>nec</span> <span class='ocrx_word' id='word_1_433' title='bbox 944 4343 983 4406; x_wconf 91' lang='lat' dir='ltr'>ab</span> <span class='ocrx_word' id='word_1_434' title='bbox 1006 4343 1051 4404; x_wconf 88' lang='lat' dir='ltr'>eis</span> <span class='ocrx_word' id='word_1_435' title='bbox 1076 4343 1214 4404; x_wconf 88' lang='lat' dir='ltr'>derivata</span> <span class='ocrx_word' id='word_1_436' title='bbox 1236 4339 1360 4402; x_wconf 90' lang='lat' dir='ltr'>inscribi</span> <span class='ocrx_word' id='word_1_437' title='bbox 1382 4353 1455 4414; x_wconf 89' lang='lat' dir='ltr'>pos-</span> 
     </span>
     <span class='ocr_line' id='line_1_45' title="bbox 110 4422 1456 4517; baseline -0.011 -23"><span class='ocrx_word' id='word_1_438' title='bbox 110 4439 208 4510; x_wconf 75' lang='lat' dir='ltr'>suut‘)</span> <span class='ocrx_word' id='word_1_439' title='bbox 246 4433 283 4510; x_wconf 87' lang='grc'>9)</span> <span class='ocrx_word' id='word_1_440' title='bbox 309 4433 374 4497; x_wconf 85' lang='lat' dir='ltr'>Sed</span> <span class='ocrx_word' id='word_1_441' title='bbox 389 4453 485 4517; x_wconf 88' lang='lat' dir='ltr'>neque</span> <span class='ocrx_word' id='word_1_442' title='bbox 500 4435 573 4498; x_wconf 94' lang='lat' dir='ltr'>illud</span> <span class='ocrx_word' id='word_1_443' title='bbox 592 4435 842 4515; x_wconf 89' lang='lat' dir='ltr'>praetereundum</span> <span class='ocrx_word' id='word_1_444' title='bbox 864 4433 943 4514; x_wconf 92' lang='lat' dir='ltr'>quod</span> <span class='ocrx_word' id='word_1_445' title='bbox 970 4431 1192 4511; x_wconf 85' lang='lat' dir='ltr'>perfectissimo</span> <span class='ocrx_word' id='word_1_446' title='bbox 1216 4427 1338 4491; x_wconf 89' lang='lat' dir='ltr'>animali</span> <span class='ocrx_word' id='word_1_447' title='bbox 1361 4422 1456 4484; x_wconf 89' lang='lat' dir='ltr'>solers</span> 
     </span>
     <span class='ocr_line' id='line_1_46' title="bbox 109 4514 1455 4606; baseline -0.011 -26"><span class='ocrx_word' id='word_1_448' title='bbox 109 4532 202 4586; x_wconf 88' lang='lat' dir='ltr'>natura</span> <span class='ocrx_word' id='word_1_449' title='bbox 225 4543 280 4586; x_wconf 85' lang='lat' dir='ltr'>sex</span> <span class='ocrx_word' id='word_1_450' title='bbox 304 4523 433 4585; x_wconf 88' lang='lat' dir='ltr'>easdem</span> <span class='ocrx_word' id='word_1_451' title='bbox 456 4530 604 4598; x_wconf 75' lang='grc' dir='ltr'><strong>διαςασεις</strong></span> <span class='ocrx_word' id='word_1_452' title='bbox 626 4523 845 4606; x_wconf 88' lang='lat' dir='ltr'>perfectissime</span> <span class='ocrx_word' id='word_1_453' title='bbox 869 4520 1016 4594; x_wconf 77' lang='lat' dir='ltr'>attribuit,</span> <span class='ocrx_word' id='word_1_454' title='bbox 1041 4537 1099 4580; x_wconf 93' lang='lat' dir='ltr'>non</span> <span class='ocrx_word' id='word_1_455' title='bbox 1119 4519 1245 4579; x_wconf 89' lang='lat' dir='ltr'>obscuro</span> <span class='ocrx_word' id='word_1_456' title='bbox 1270 4514 1455 4605; x_wconf 68' lang='lat' dir='ltr'>argumento,</span> 
     </span>
     <span class='ocr_line' id='line_1_47' title="bbox 111 4602 1456 4692; baseline -0.007 -22"><span class='ocrx_word' id='word_1_457' title='bbox 111 4627 185 4688; x_wconf 86' lang='lat' dir='ltr'>quam</span> <span class='ocrx_word' id='word_1_458' title='bbox 206 4614 261 4676; x_wconf 83' lang='lat' dir='ltr'>lunc</span> <span class='ocrx_word' id='word_1_459' title='bbox 286 4629 398 4692; x_wconf 90' lang='lat' dir='ltr'>corpus</span> <span class='ocrx_word' id='word_1_460' title='bbox 421 4631 514 4692; x_wconf 90' lang='lat' dir='ltr'>penes</span> <span class='ocrx_word' id='word_1_461' title='bbox 538 4613 620 4675; x_wconf 89' lang='lat' dir='ltr'>illam</span> <span class='ocrx_word' id='word_1_462' title='bbox 643 4613 738 4675; x_wconf 88' lang='lat' dir='ltr'>sitin</span> <span class='ocrx_word' id='word_1_463' title='bbox 760 4608 868 4692; x_wconf 92' lang='lat' dir='ltr'>pretio.</span> <span class='ocrx_word' id='word_1_464' title='bbox 915 4609 996 4672; x_wconf 88' lang='lat' dir='ltr'>Nam</span> <span class='ocrx_word' id='word_1_465' title='bbox 1017 4607 1106 4669; x_wconf 90' lang='lat' dir='ltr'>homo</span> <span class='ocrx_word' id='word_1_466' title='bbox 1135 4606 1199 4684; x_wconf 87' lang='lat' dir='ltr'>ipse</span> <span class='ocrx_word' id='word_1_467' title='bbox 1228 4602 1348 4684; x_wconf 90' lang='lat' dir='ltr'>quidam</span> <span class='ocrx_word' id='word_1_468' title='bbox 1371 4610 1456 4690; x_wconf 63' lang='lat' dir='ltr'>quw</span> 
     </span>
     <span class='ocr_line' id='line_1_48' title="bbox 110 4687 1456 4783; baseline -0.007 -22"><span class='ocrx_word' id='word_1_469' title='bbox 110 4699 276 4777; x_wconf 77' lang='lat' dir='ltr'>natusest,</span> <span class='ocrx_word' id='word_1_470' title='bbox 307 4699 339 4764; x_wconf 90' lang='lat' dir='ltr'>in</span> <span class='ocrx_word' id='word_1_471' title='bbox 364 4719 424 4781; x_wconf 91' lang='lat' dir='ltr'>quo</span> <span class='ocrx_word' id='word_1_472' title='bbox 447 4719 501 4764; x_wconf 83' lang='lat' dir='ltr'>sex</span> <span class='ocrx_word' id='word_1_473' title='bbox 523 4703 609 4783; x_wconf 92' lang='lat' dir='ltr'>quasi</span> <span class='ocrx_word' id='word_1_474' title='bbox 631 4703 741 4783; x_wconf 87' lang='lat' dir='ltr'>plagae</span> <span class='ocrx_word' id='word_1_475' title='bbox 765 4708 853 4775; x_wconf 88' lang='lat' dir='ltr'>sunt,</span> <span class='ocrx_word' id='word_1_476' title='bbox 882 4715 1010 4777; x_wconf 88' lang='lat' dir='ltr'>supera,</span> <span class='ocrx_word' id='word_1_477' title='bbox 1038 4695 1154 4766; x_wconf 88' lang='lat' dir='ltr'>infera,</span> <span class='ocrx_word' id='word_1_478' title='bbox 1183 4691 1302 4760; x_wconf 88' lang='lat' dir='ltr'>antica,</span> <span class='ocrx_word' id='word_1_479' title='bbox 1327 4687 1456 4762; x_wconf 73' lang='lat' dir='ltr'>postica»</span> 
     </span>
     <span class='ocr_line' id='line_1_49' title="bbox 111 4785 379 4866; baseline 0 -14"><span class='ocrx_word' id='word_1_480' title='bbox 111 4785 216 4866; x_wconf 77' lang='grc' dir='ltr'><strong>ᾱεειῐε,</strong></span> <span class='ocrx_word' id='word_1_481' title='bbox 239 4789 379 4854; x_wconf 88' lang='lat' dir='ltr'>sinistra.</span> 
     </span>
    </p>
   </div>
   <div class='ocr_carea' id='block_1_10' title="bbox 170 4875 1244 4948">
    <p class='ocr_par' dir='ltr' id='par_1_10' title="bbox 170 4875 1244 4948">
     <span class='ocr_line' id='line_1_50' title="bbox 170 4875 1244 4948; baseline 0.002 -2"><span class='ocrx_word' id='word_1_482' title='bbox 170 4893 371 4948; x_wconf 61' lang='lat' dir='ltr'>souma</span> <span class='ocrx_word' id='word_1_483' title='bbox 1228 4875 1244 4934; x_wconf 75' lang='lat' dir='ltr'>f</span> 
     </span>
    </p>
   </div>
   <div class='ocr_carea' id='block_1_11' title="bbox 0 0 1803 5518">
    <p class='ocr_par' dir='ltr' id='par_1_11' title="bbox 0 0 1803 5518">
     <span class='ocr_line' id='line_1_51' title="bbox 0 0 1803 5518; baseline 0 0"><span class='ocrx_word' id='word_1_484' title='bbox 0 0 1803 5518; x_wconf 95' lang='lat' dir='ltr'> </span> 
     </span>
    </p>
   </div>
  </div>
 </body>
</html>
