3586 5518
537 499 656 554 Ploewor
773 498 870 553 Pleno
883 500 1100 572 Lourcdoprrl.
1135 500 1231 556 Orbas
1244 503 1412 572 asumptum.

159 619 244 674 cubus
386 674 410 699 υ
459 599 751 694 ιιιιάιιιςιιιιιῖ*
815 623 832 676 6
911 617 948 678 12
1046 625 1063 680 8
1133 627 1301 682 mediocrem.

160 699 309 756 Octaddron
458 703 627 774 triangulum
815 703 832 757 8
862 693 890 788 i·
912 705 947 788 ll
1046 707 1062 760 6
1100 765 1104 773 ¹
1132 708 1425 798 cuboacquulem4·

999 779 1099 788 *⁶**¹*-
1117 782 1178 792 -η

769 597 1098 612 -H--v-——q--u--m

156 799 350 856 Dodecaitdron
374 777 428 894 ⁸}-
459 779 754 872 quinquangulus
769 781 836 856 *ll
876 783 960 858 !..3⁰..
976 781 993 878 Ἰ
1132 807 1286 862 maximum.

158 879 315 934 roosaedron
459 881 629 952 triangulum
713 951 715 956 ,
795 881 831 936 20
882 884 980 972 ’.Β-ιι*
990 883 1101 972 ¹.-¹„²...
1134 888 1225 940 dodec.
1241 889 1427 974 aiqusfflfflss„

377 959 427 968 ιι..-
769 957 872 967 ..ι-..ως

155 979 322 1032 Τιιιιιόἀιοι
460 979 629 1050 triangulum
814 981 832 1034 4
930 985 947 1036 6
989 929 993 1050 Ι
1045 985 1062 1036 4
1138 983 1279 1040 minimum.

978 1059 1107 1068 --..-.--.
1118 1062 1188 1070 ..μ-...ι

182 1107 377 1173 (incentiones
396 1125 410 1161 o
429 1117 455 1162 et
472 1111 488 1160 d
507 1092 604 1162 addidit
615 1111 744 1176 Kepleros.
765 1113 906 1162 aucmribus
918 1113 980 1162 torte
993 1111 1124 1163 licestlino
1143 1113 1290 1180 reliquisque
1309 1118 1394 1166 amicis
1412 1115 1461 1166 Tu·

120 1181 267 1247 lingonibus
287 1177 382 1248 [comp.
399 1197 423 1246 p.
438 1177 484 1246 2³]
503 1182 528 1232 iu
547 1181 656 1233 editione
673 1184 733 1234 anni
752 1180 839 1243 reat,
865 1183 1036 1249 subjunxitque
1057 1186 1083 1236 irr
1109 1185 1147 1236 ed.
1172 1189 1320 1249 posteriore:
1349 1186 1405 1238 Hoc
1428 1194 1466 1240 eat

120 1252 237 1306 dimidium
253 1253 312 1304 libri
331 1256 381 1306 mei
399 1253 424 1306 11
442 1253 529 1304 Herm.
550 1255 580 1304 de
598 1257 760 1322 congruentia
777 1255 906 1320 planorum
923 1251 1063 1318 insolide.)

189 1376 219 1448 e)
233 1382 299 1436 Non
313 1381 378 1436 illos
393 1383 504 1445 solidos,
524 1383 596 1437 male
611 1381 656 1436 hic
670 1399 729 1436 sum
742 1382 902 1438 intellectus
916 1400 935 1437 a
948 1383 1076 1455 Tychono
1089 1384 1200 1439 Bralreo
1216 1379 1283 1452 (rid.
1298 1402 1342 1456 ep.
1358 1385 1464 1456 'lycho-

120 1462 155 1516 nis
168 1462 195 1516 in
207 1463 351 1532 prooemio
364 1481 393 1534 p.
408 1459 472 1529 44),
488 1465 535 1518 sed
550 1463 651 1533 spatia,
666 1479 791 1534 prorsum
805 1465 911 1534 quidem
925 1463 1077 1528 circularia,
1097 1471 1129 1519 ιι
1147 1465 1332 1520 revolutiones
1348 1465 1465 1520 siderum

120 1545 143 1596 in
162 1542 284 1614 seipsas
298 1543 389 1598 redire
412 1549 442 1598 et
461 1550 613 1614 perpetuae
628 1560 689 1598 esse
712 1551 838 1612 possent3
863 1561 958 1599 versus
980 1545 1057 1614 polos
1080 1545 1174 1600 itidem
1196 1541 1350 1610 circularia,
1374 1546 1465 1602 idest

101 1624 267 1693 ⁸superficies
294 1623 454 1695 sphaericos
476 1631 592 1695 propter
613 1631 701 1678 ructus
715 1625 906 1686 latitudinum:
930 1639 984 1680 non
998 1627 1068 1695 quod
1090 1625 1162 1695 polis
1182 1642 1250 1696 opus
1265 1626 1421 1692 habuerint
1446 1644 1464 1682 a

120 1704 217 1775 pubru,
242 1711 278 1759 ut
299 1705 421 1774 sphaera
441 1705 602 1768 materialis,
628 1703 819 1776 affigerentur.

189 1781 215 1854 i)
237 1785 366 1858 Corpora
388 1785 515 1856 intellige
528 1784 699 1858 geometrica
718 1786 864 1857 regularia
877 1786 965 1840 solida
978 1785 1108 1856 quinque;
1132 1787 1202 1840 haec
1222 1793 1254 1841 ut
1272 1788 1461 1858 archetypum,

119 1867 190 1919 orbes
213 1883 284 1920 vero
307 1872 340 1920 ut
362 1882 431 1937 epus
454 1867 659 1920 exstruendum.

188 1941 220 2017 g)
243 1946 318 2000 Vide
342 1945 390 2000 lib.
406 1947 428 2000 1.
451 1946 582 2002 Hermon.
605 1945 632 1998 in
652 1961 774 2015 prooem.
797 1951 826 1997 et
848 1943 896 1998 lib.
912 1944 946 2002 11.
969 1961 1047 2015 prop.
1070 1943 1116 1999 25.
1141 1951 1170 1999 st
1190 1946 1236 2001 lib.
1254 1947 1287 2002 V.
1303 1963 1365 2018 cap.
1385 1950 1408 2002 1.
1433 1957 1463 2003 et

118 2026 184 2096 Epit.
204 2030 286 2081 Astr.
311 2025 360 2083 lib.
384 2027 431 2080 IV.
780 2059 784 2064 ·
1008 2057 1011 2066 ·
1071 2053 1072 2058 1
1472 2041 1475 2052 ’

189 2101 223 2174 h)
246 2107 322 2160 Vere
337 2105 445 2177 quidem
460 2111 510 2160 aut
524 2104 694 2174 sphaericum
709 2104 792 2158 etiam
807 2104 879 2158 inter
892 2104 980 2158 solida
993 2097 1164 2170 censendum,
1184 2109 1255 2177 quod
1269 2108 1382 2180 globum
1395 2107 1460 2163 dici·

119 2203 182 2249 num
205 2195 258 2242 aut
279 2187 350 2241 haec
371 2202 486 2256 corpora
509 2183 597 2238 solida
619 2185 671 2238 dici
693 2203 747 2238 non
761 2189 915 2246 merentum
944 2202 993 2238 nec
1015 2193 1096 2240 erant
1115 2186 1295 2252 insoliditate,
1319 2189 1372 2242 hoo
1385 2196 1430 2244 est
1443 2205 1462 2243 a

119 2267 281 2338 perfectione
304 2267 387 2321 trium
407 2265 601 2321 dimensionum
622 2271 788 2335 argumenta
808 2265 937 2328 texenda,
960 2281 1010 2334 pro
1026 2265 1130 2320 orbium
1153 2268 1334 2322 exornatione
1353 2283 1404 2339 per
1417 2285 1459 2324 ea

120 2349 183 2404 Nam
204 2356 235 2401 et
260 2347 314 2418 ipsi
336 2348 416 2401 orbes
442 2344 503 2413 (seu
526 2342 633 2415 spatia)
658 2345 719 2399 cari
733 2351 805 2408 sunt,
830 2351 860 2398 et
881 2341 986 2416 figurae
1008 2345 1062 2399 lrae
1083 2347 1118 2406 ob
1133 2345 1159 2400 id
1177 2348 1284 2402 nobiles
1299 2356 1371 2413 sunt
1397 2348 1462 2419 quia
1537 2349 1539 2354 ’

120 2427 250 2497 sphaerici
268 2427 467 2498 perlectionem
488 2425 640 2479 omnimoda
654 2423 826 2479 conclusione
840 2424 932 2495 spatii,
956 2427 1026 2496 quod
1044 2427 1192 2498 amplexae
1206 2435 1279 2492 aunt
1304 2444 1385 2500 quam
1398 2445 1461 2499 pro·

120 2508 187 2562 xime
200 2508 386 2563 aemulantur.
428 2505 557 2561 Soliditns
571 2521 636 2559 vero
650 2511 708 2560 tam
721 2504 750 2559 in
764 2504 857 2576 globo,
880 2520 960 2575 quam
981 2505 1008 2559 iu
1022 2503 1066 2560 his
1083 2507 1190 2579 figuris,
1212 2515 1256 2562 eet·
1270 2509 1393 2581 genuina
1406 2525 1461 2564 ma·

120 2589 201 2644 terias
221 2584 287 2644 idea
308 2594 342 2644 ut
362 2585 520 2658 superficies
543 2585 656 2642 formae.

696 2763 881 2776 -----..-.

686 2857 804 3014 Caput
830 2913 895 2993 ΙΠ.
998 2993 1000 2998 ,

245 3075 342 3156 Quod
364 3075 443 3138 loeo
466 3075 599 3158 maioque
621 3093 756 3156 corporo
777 3075 813 3137 irs
835 3073 915 3136 daos
937 3073 1063 3137 ordines
1085 3073 1340 3157 (ἐπιμήκη

508 3170 539 3226 et
560 3163 643 3245 proed
666 3161 770 3226 Terra
791 3169 874 3226 reete
895 3161 1000 3228 iocata
1020 3163 1069 3228 sit

202 3307 295 3370 Porro
319 3315 422 3370 eutem
450 3307 605 3370 fortuitum
632 3303 688 3367 hoo
719 3304 814 3368 videri
845 3314 949 3387 posset
979 3313 1069 3388 atque
1097 3306 1220 3370 annila
1241 3306 1337 3368 fluens
1359 3323 1461 3380 eausa,

123 3395 195 3475 quod
215 3415 270 3460 sex
292 3396 383 3460 orbes
402 3395 561 3476 (lopernioi
583 3393 730 3474 recipiant
752 3395 833 3457 intra
856 3414 926 3458 sues
948 3395 1034 3458 unius
1057 3396 1096 3459 ab
1119 3396 1178 3460 alio
1202 3393 1364 3458 distantias
1387 3393 1462 3456 haec

123 3485 242 3568 quinque
264 3504 412 3566 corpora,
439 3485 497 3548 nisi
519 3486 546 3548 is
568 3485 633 3566 ipae
657 3484 729 3546 ordo
754 3491 836 3546 esset
858 3485 937 3548 inter
957 3485 1029 3560 illa,
1059 3504 1116 3567 quo
1140 3484 1242 3548 ordine
1265 3501 1321 3564 ego
1344 3483 1463 3563 singula

124 3571 302 3638 irrterlocavi.
348 3575 429 3638 Nem
452 3575 478 3638 si
502 3574 650 3638 Saturnus
671 3571 742 3636 Jovi
764 3579 828 3636 tam
849 3573 1032 3654 propinquus
1059 3582 1150 3650 esset,
1175 3593 1263 3654 quam
1288 3579 1337 3634 est
1359 3573 1462 3636 Venus

125 3661 240 3739 Telluri,
267 3663 401 3727 vicissim
425 3663 450 3725 si
473 3664 532 3726 hae
555 3665 630 3726 duae
654 3662 692 3724 ab
715 3661 842 3724 invicem
865 3670 951 3724 tanto
973 3663 1132 3726 intervallo
1157 3663 1410 3744 distinguerentur
1431 3660 1462 3724 iu

125 3749 290 3832 deponito,
315 3761 428 3834 quanto
446 3753 667 3834 distinguuntur
680 3749 798 3830 Jupiter
814 3759 845 3813 et
858 3753 957 3814 Mars:
983 3753 1041 3814 alio
1065 3752 1167 3815 ordine
1190 3751 1332 3814 utendum
1356 3750 1462 3814 fuisset

124 3839 150 3902 in
171 3841 334 3906 inserendis
359 3843 541 3922 corporibus.
586 3843 680 3906 Feret
700 3841 779 3902 enirn
801 3840 880 3903 iuter
908 3840 982 3904 duos
1013 3841 1126 3922 primos
1154 3841 1242 3904 orbes
1271 3839 1366 3920 primo
1395 3839 1462 3904 loco

126 3929 322 3996 dodecai'sdren
353 3931 401 3992 vel
428 3931 620 4006 ioosaedron,
652 3937 758 4012 quarto
789 3948 859 3992 vero
888 3931 953 3992 locu
979 3930 1162 3994 tetraddron.
1208 3928 1267 4001 Qui
1294 3930 1366 3992 ordo
1397 3949 1463 3994 cunr

126 4037 175 4082 non
194 4021 294 4102 possit
317 4019 436 4084 admitti
458 4020 624 4084 rationibus
646 4018 882 4094 mathematicis,
914 4018 1003 4082 facile
1026 4019 1104 4082 foret
1127 4019 1303 4082 futilitatem
1326 4019 1463 4100 concepti

125 4107 308 4174 theorematis
332 4110 516 4191 patefecere.
548 4109 635 4173 Nunc
659 4116 759 4172 autern
772 4108 926 4172 videamus
946 4128 1010 4184 nos,
1035 4108 1177 4189 eoquibus
1200 4107 1366 4171 rationibus
1389 4126 1461 4190 pro-

127 4195 214 4276 betur,
244 4199 386 4264 debuisse
408 4199 465 4268 hoc
487 4199 554 4286 ipso
578 4197 680 4261 ordine
704 4197 820 4278 disponi
844 4217 971 4278 corpora
991 4193 1076 4262 inter'
1092 4197 1190 4260 orbes.
1236 4197 1326 4261 Initio
1349 4199 1460 4260 distin-

127 4297 242 4366 guuntur
263 4289 343 4352 lraec
366 4305 492 4370 corpora
514 4288 543 4350 in
568 4289 628 4351 tria
648 4286 799 4367 primaria,
824 4287 939 4362 cubum,
961 4287 1155 4362 tetraddrum
1179 4286 1406 4362 dodecaedrum,
1431 4296 1462 4350 et

127 4375 176 4440 duo
203 4371 400 4452 secundaria,
432 4377 605 4440 octaedrum
637 4384 669 4438 et
700 4375 896 4440 icosaedrun.
947 4373 1093 4458 Quodque
1122 4376 1310 4440 verissimum
1336 4375 1392 4438 huo
1419 4374 1461 4437 sit

128 4463 286 4543 discrimen,
310 4474 386 4530 nota
407 4467 561 4548 arduaque
584 4465 702 4546 generis
725 4465 935 4545 proprietates.
984 4463 1018 4540 1)
1046 4465 1193 4528 Primaria
1214 4465 1304 4546 piano
1326 4463 1405 4526 inter
1427 4480 1460 4524 ee

129 4551 271 4627 mucor,
304 4555 484 4620 secundaria
509 4562 632 4621 utuntur
658 4553 763 4622 codem
785 4535 979 4634 triangulari3
1014 4550 1050 4630 2)
1079 4553 1285 4636 primariorum
1308 4548 1461 4632 quodlibet

129 4645 261 4724 proprium
285 4645 379 4710 habet
399 4643 541 4731 planum:
566 4644 659 4706 cubus
678 4643 864 4725 quadratum,
887 4641 1018 4726 pyramis
1040 4643 1230 4723 triangulum,
1254 4636 1459 4702 dodecatdron
1579 4701 1582 4710 ,

131 4733 387 4816 quinquangulum:
412 4733 589 4799 secundaria
601 4733 721 4813 planum
735 4732 915 4812 triangulum
929 4753 950 4794 a
961 4732 1113 4814 pyramide
1128 4734 1308 4800 mutuantur.
1337 4720 1373 4800 ³)
1388 4723 1458 4788 Pri·

131 4823 212 4886 wie
233 4824 333 4891 omnia
356 4821 486 4906 simplici
506 4829 629 4924 utuntur
647 4821 765 4904 angulo,
788 4839 895 4902 nempe
918 4821 1013 4886 tribus
1034 4820 1134 4903 planis
1157 4813 1382 4898 comprehense:
1406 4831 1458 4878 se-
