3586 5518
292 237 355 307 108
809 240 935 294 nunno
955 242 988 294 sd
1005 243 1130 294 lectorem

291 403 367 478 fnit,
403 403 481 484 quod
505 401 620 464 oulcuio
644 408 712 462 erut
734 400 973 464 examinandum.
1022 399 1111 472 Quod
1135 401 1250 482 siguis
1273 404 1367 482 probe
1395 403 1560 483 ponderat,
1594 400 1651 462 duo

289 493 361 556 mibi
391 491 541 563 defuisse;
574 489 714 571 primurn,
749 489 827 568 quod
867 489 1001 570 ignoravi
1036 490 1130 553 sinum
1167 499 1277 566 totum,
1315 491 1379 554 sive
1416 488 1651 572 magnitudinem

290 583 371 644 iliius
395 579 540 660 propositi
565 576 762 658 quadrantis;
787 579 927 652 aiterum,
951 579 1029 658 qnod
1045 589 1176 642 motuum
1195 579 1314 660 vigores
1338 600 1395 643 non
1421 582 1540 642 tuemut
1564 577 1653 639 niiter

291 670 438 750 expressi,
464 686 552 748 quam
571 666 600 728 in
620 665 812 746 proportione
831 667 915 728 unius
931 668 969 728 ad
985 667 1094 728 alium:
1120 668 1179 747 qui,
1205 668 1333 748 inquam,
1358 669 1433 731 haee
1457 670 1549 748 probe
1573 686 1652 747 pon-

290 761 394 833 derat,
419 775 476 820 non
500 753 650 818 immerito
674 753 839 828 dubitabit,
866 763 962 816 utrum
987 755 1177 836 aliquatenus
1207 757 1263 818 hac
1287 757 1400 819 difficili
1423 758 1473 819 via
1494 755 1652 837 pervenire

289 846 438 927 potuerim
453 863 555 906 necne.
593 843 637 904 Et
656 853 757 904 tamen
785 841 924 904 continuo
949 843 1051 904 labore
1076 852 1166 924 atque
1198 845 1313 906 infinita
1337 847 1453 909 sinuum
1476 855 1508 908 et
1532 863 1653 908 arcuum

289 933 525 1015 reciprocatione
549 940 665 994 tentum
690 930 794 1006 effeci,
825 939 857 992 ut
881 930 1099 1011 intelligerem,
1125 933 1219 995 iocum
1245 933 1354 997 bebere
1380 955 1436 996 non
1460 955 1552 1014 posse
1577 935 1653 996 huno

291 1023 485 1088 sententium.
1042 1069 1044 1076 Α

379 1112 495 1174 Aeetes
525 1127 601 1190 pone
626 1106 773 1170 totalem
797 1126 884 1170 cruce
912 1107 1041 1187 perdite.
1086 1109 1224 1190 Denique
1251 1109 1310 1172 levi
1333 1113 1463 1192 quadarn
1493 1111 1653 1173 occasione

290 1201 412 1284 propius
435 1199 465 1262 in
489 1205 557 1261 rem
576 1199 671 1276 ipsam
695 1195 796 1258 incidi.
842 1195 996 1258 Divinitue
1019 1197 1050 1258 id
1073 1197 1143 1260 mibi
1158 1197 1304 1279 obtigisse
1321 1200 1506 1272 arbitrabar,
1531 1211 1565 1261 nt
1589 1201 1653 1260 tor-

292 1291 369 1354 tuito
397 1288 601 1362 nanciscerer,
637 1285 713 1364 quod
749 1284 829 1345 nulio
859 1303 988 1364 unquam
1018 1286 1120 1346 labore
1149 1289 1270 1368 assequi
1302 1296 1460 1368 poteram:
1494 1283 1584 1368 idqbe
1618 1307 1654 1350 eo

290 1378 388 1458 mugis
412 1377 584 1450 credebam,
617 1373 694 1454 quod
718 1372 817 1434 Deum
844 1391 964 1454 semper
992 1389 1164 1448 oraveram,
1196 1375 1342 1456 siquidem
1367 1375 1553 1457 Copemicns
1581 1395 1656 1437 vera

291 1467 436 1540 dixisset,
462 1465 506 1527 uti
529 1465 592 1526 ista
615 1461 821 1524 succederent.
869 1460 967 1540 Igitur
990 1461 1038 1524 die
1062 1459 1093 1526 9.
1118 1465 1168 1525 vel
1200 1461 1246 1528 19.
1262 1463 1335 1526 Julii
1359 1467 1428 1528 anni
1458 1463 1540 1529 ¹595
1566 1484 1654 1552 mop-

291 1565 444 1624 etraturus
467 1552 654 1617 auditoribus
677 1548 752 1610 meis
776 1549 1016 1627 conjunctionum
1040 1569 1217 1632 magnarum
1240 1553 1337 1615 esitus
1360 1573 1415 1633 per
1429 1565 1539 1616 octona
1554 1554 1653 1632 signa,

294 1655 327 1707 et
350 1643 496 1725 quomodo
525 1642 596 1704 ittae
628 1638 815 1719 pedetentim
838 1657 876 1698 es
900 1657 957 1700 uno
987 1640 1106 1718 trigono
1141 1649 1300 1704 transeant
1323 1643 1477 1719 matium,
1513 1642 1655 1724 inscripsi

294 1735 387 1796 muita
411 1731 576 1810 triangula,
600 1728 647 1788 vel
674 1726 759 1806 quasi
783 1725 951 1805 triangula,
977 1727 1074 1790 eidem
1098 1729 1223 1806 circulo,
1247 1729 1291 1792 sic
1314 1731 1437 1794 utfinis
1460 1731 1547 1794 unius
1571 1739 1657 1794 esset

293 1821 408 1884 initium
438 1817 571 1882 citerius.
620 1816 720 1888 (Haec
750 1813 836 1876 vides
864 1815 1003 1896 sequenti
1027 1818 1180 1880 schemate
1208 1837 1384 1899 magnarum
1413 1821 1656 1900 conjunctionum

294 1909 418 1974 Saturni
451 1916 482 1970 et
509 1906 623 1977 Jovie.)
675 1902 770 1983 Igitur
803 1902 909 1983 quibus
951 1906 1070 1984 punctis
1107 1907 1204 1968 lutera
1239 1907 1456 1988 triangulorum
1488 1929 1521 1971 se
1552 1915 1656 1971 mutuo

294 1998 454 2071 secabant,
474 1997 511 2056 iis
535 1995 631 2056 minor
654 1991 794 2053 circellns
817 1992 1062 2055 adumbrabatur.
1109 1995 1188 2058 Nam
1214 1995 1318 2058 circuli
1341 1995 1492 2078 triangulo
1516 1996 1657 2076 inseripti

295 2087 396 2151 rudius
430 2092 479 2146 est
510 2079 727 2157 circumscripti
760 2079 835 2141 radii
873 2080 1037 2144 dimidium.
1088 2083 1247 2163 Proportio
1285 2085 1363 2146 inter
1399 2095 1556 2166 utrumque
1594 2085 1656 2147 cir·

295 2177 392 2240 cuium
416 2172 576 2235 videbatur
604 2170 643 2232 sd
676 2168 792 2228 oculum
818 2186 894 2248 pene
928 2169 1034 2232 similis
1059 2172 1121 2246 ilii,
1154 2191 1230 2252 qnae
1258 2180 1307 2234 est
1336 2173 1415 2236 inter
1438 2173 1601 2237 Satnmum
1626 2183 1659 2235 et

294 2265 424 2326 Jovem:
450 2268 481 2322 et
504 2259 684 2338 triangulum
710 2255 805 2336 prims
829 2265 896 2319 emt
918 2258 1091 2338 figurarum,
1116 2261 1195 2322 sicut
1210 2259 1359 2324 Saturnus
1382 2271 1415 2324 et
1427 2261 1548 2342 Jupiter
1568 2263 1656 2343 primi

294 2354 447 2433 planetae.
495 2347 622 2410 Tentavi
639 2344 745 2408 statim
769 2345 976 2426 quadrangulo
1000 2348 1178 2412 distantiam
1196 2350 1358 2412 secundem
1373 2351 1483 2414 Martis
1504 2358 1538 2414 et
1558 2353 1657 2423 Jovis,
