<?xml version="1.0" encoding="UTF-8"?>
<!DOCTYPE html PUBLIC "-//W3C//DTD XHTML 1.0 Transitional//EN"
    "http://www.w3.org/TR/xhtml1/DTD/xhtml1-transitional.dtd">
<html xmlns="http://www.w3.org/1999/xhtml" xml:lang="en" lang="en">
 <head>
  <title>
</title>
<meta http-equiv="Content-Type" content="text/html;charset=utf-8" />
  <meta name='ocr-system' content='tesseract 3.04.00' />
  <meta name='ocr-capabilities' content='ocr_page ocr_carea ocr_par ocr_line ocrx_word'/>
</head>
<body>
  <div class='ocr_page' id='page_1' title='image "./joanniskepleria22frisgoog_0313.png"; bbox 0 0 3674 5528; ppageno 0'>
   <div class='ocr_carea' id='block_1_1' title="bbox 338 285 1232 353">
    <p class='ocr_par' dir='ltr' id='par_1_1' title="bbox 338 285 1232 353">
     <span class='ocr_line' id='line_1_1' title="bbox 338 285 1232 353; baseline -0.021 0"><span class='ocrx_word' id='word_1_1' title='bbox 338 285 403 353; x_wconf 72' lang='lat'><strong>286</strong></span> <span class='ocrx_word' id='word_1_2' title='bbox 801 286 829 336; x_wconf 88' lang='lat' dir='ltr'><strong>la</strong></span> <span class='ocrx_word' id='word_1_3' title='bbox 849 287 921 350; x_wconf 79' lang='lat' dir='ltr'><strong>Apol.</strong></span> <span class='ocrx_word' id='word_1_4' title='bbox 940 285 1017 349; x_wconf 77' lang='lat' dir='ltr'><strong>Tych.</strong></span> <span class='ocrx_word' id='word_1_5' title='bbox 1038 295 1125 337; x_wconf 71' lang='lat' dir='ltr'><strong>curua</strong></span> <span class='ocrx_word' id='word_1_6' title='bbox 1142 285 1232 336; x_wconf 86' lang='lat' dir='ltr'><strong>Ursum</strong></span> 
     </span>
    </p>
   </div>
   <div class='ocr_carea' id='block_1_2' title="bbox 337 443 1702 581">
    <p class='ocr_par' dir='ltr' id='par_1_2' title="bbox 337 443 1702 581">
     <span class='ocr_line' id='line_1_2' title="bbox 337 443 1702 511; baseline -0.001 -16"><span class='ocrx_word' id='word_1_7' title='bbox 337 447 472 496; x_wconf 86' lang='lat' dir='ltr'><strong>versionem</strong></span> <span class='ocrx_word' id='word_1_8' title='bbox 489 443 591 508; x_wconf 76' lang='lat' dir='ltr'><strong>subject,</strong></span> <span class='ocrx_word' id='word_1_9' title='bbox 611 452 640 496; x_wconf 88' lang='lat' dir='ltr'><strong>ut</strong></span> <span class='ocrx_word' id='word_1_10' title='bbox 656 446 693 496; x_wconf 86' lang='lat' dir='ltr'><strong>ita</strong></span> <span class='ocrx_word' id='word_1_11' title='bbox 712 445 836 496; x_wconf 88' lang='lat' dir='ltr'><strong>discentes</strong></span> <span class='ocrx_word' id='word_1_12' title='bbox 856 445 889 498; x_wconf 83' lang='lat' dir='ltr'><strong>sd</strong></span> <span class='ocrx_word' id='word_1_13' title='bbox 908 443 1037 510; x_wconf 80' lang='lat' dir='ltr'><strong>Cupernlei</strong></span> <span class='ocrx_word' id='word_1_14' title='bbox 1061 445 1192 496; x_wconf 80' lang='lat' dir='ltr'><strong>lectionem</strong></span> <span class='ocrx_word' id='word_1_15' title='bbox 1211 451 1238 496; x_wconf 87' lang='lat' dir='ltr'><strong>et</strong></span> <span class='ocrx_word' id='word_1_16' title='bbox 1254 443 1390 496; x_wconf 59' lang='lat' dir='ltr'><strong>morsm</strong></span> <span class='ocrx_word' id='word_1_17' title='bbox 1414 445 1610 511; x_wconf 61' lang='lat' dir='ltr'><strong>intelligendam</strong></span> <span class='ocrx_word' id='word_1_18' title='bbox 1627 457 1702 508; x_wconf 84' lang='lat' dir='ltr'><strong>pras·</strong></span> 
     </span>
     <span class='ocr_line' id='line_1_3' title="bbox 337 531 1192 581; baseline -0.005 -13"><span class='ocrx_word' id='word_1_19' title='bbox 337 531 457 581; x_wconf 90' lang='lat' dir='ltr'><strong>pararem.</strong></span> <span class='ocrx_word' id='word_1_20' title='bbox 1188 538 1192 548; x_wconf 51' lang='grc' dir='ltr'>ι</span> 
     </span>
    </p>
   </div>
   <div class='ocr_carea' id='block_1_3' title="bbox 335 635 1762 1200">
    <p class='ocr_par' dir='ltr' id='par_1_3' title="bbox 335 635 1762 1200">
     <span class='ocr_line' id='line_1_4' title="bbox 407 635 1703 706; baseline -0.003 -16"><span class='ocrx_word' id='word_1_21' title='bbox 407 640 479 690; x_wconf 84' lang='lat' dir='ltr'><strong>Haeo</strong></span> <span class='ocrx_word' id='word_1_22' title='bbox 503 638 690 689; x_wconf 82' lang='lat' dir='ltr'><strong>eRothmauui</strong></span> <span class='ocrx_word' id='word_1_23' title='bbox 708 639 786 690; x_wconf 89' lang='lat' dir='ltr'><strong>literis</strong></span> <span class='ocrx_word' id='word_1_24' title='bbox 806 655 836 690; x_wconf 85' lang='lat' dir='ltr'><strong>eo</strong></span> <span class='ocrx_word' id='word_1_25' title='bbox 855 639 970 690; x_wconf 84' lang='lat' dir='ltr'><strong>libentius</strong></span> <span class='ocrx_word' id='word_1_26' title='bbox 989 643 1165 706; x_wconf 83' lang='lat' dir='ltr'><strong>excerpsimus.</strong></span> <span class='ocrx_word' id='word_1_27' title='bbox 1193 657 1241 706; x_wconf 88' lang='lat' dir='ltr'><strong>quo</strong></span> <span class='ocrx_word' id='word_1_28' title='bbox 1260 641 1323 690; x_wconf 80' lang='lat' dir='ltr'><strong>alita</strong></span> <span class='ocrx_word' id='word_1_29' title='bbox 1346 639 1377 688; x_wconf 90' lang='lat' dir='ltr'><strong>de</strong></span> <span class='ocrx_word' id='word_1_30' title='bbox 1395 639 1443 688; x_wconf 87' lang='lat' dir='ltr'><strong>hoc</strong></span> <span class='ocrx_word' id='word_1_31' title='bbox 1460 637 1546 688; x_wconf 86' lang='lat' dir='ltr'><strong>subtili</strong></span> <span class='ocrx_word' id='word_1_32' title='bbox 1574 643 1602 687; x_wconf 92' lang='lat' dir='ltr'><strong>et</strong></span> <span class='ocrx_word' id='word_1_33' title='bbox 1619 635 1703 686; x_wconf 84' lang='lat' dir='ltr'><strong>solerti</strong></span> 
     </span>
     <span class='ocr_line' id='line_1_5' title="bbox 336 707 1702 777; baseline -0.003 -16"><span class='ocrx_word' id='word_1_34' title='bbox 336 711 613 775; x_wconf 75' lang='lat' dir='ltr'><strong>ashonomopaucicra</strong></span> <span class='ocrx_word' id='word_1_35' title='bbox 629 711 798 760; x_wconf 88' lang='lat' dir='ltr'><strong>innotuerunt.</strong></span> <span class='ocrx_word' id='word_1_36' title='bbox 836 711 979 773; x_wconf 68' lang='lat' dir='ltr'><strong>&#39;lychoneus</strong></span> <span class='ocrx_word' id='word_1_37' title='bbox 998 716 1100 777; x_wconf 84' lang='lat' dir='ltr'><strong>ejusque</strong></span> <span class='ocrx_word' id='word_1_38' title='bbox 1120 713 1261 775; x_wconf 79' lang='lat' dir='ltr'><strong>„Epistolas</strong></span> <span class='ocrx_word' id='word_1_39' title='bbox 1281 709 1475 762; x_wconf 71' lang='lat' dir='ltr'><strong>asuonomicas“</strong></span> <span class='ocrx_word' id='word_1_40' title='bbox 1496 708 1527 758; x_wconf 91' lang='lat' dir='ltr'><strong>de</strong></span> <span class='ocrx_word' id='word_1_41' title='bbox 1540 707 1702 757; x_wconf 80' lang='lat' dir='ltr'><strong>Rothmanuo</strong></span> 
     </span>
     <span class='ocr_line' id='line_1_6' title="bbox 337 779 1702 848; baseline -0.004 -16"><span class='ocrx_word' id='word_1_42' title='bbox 337 784 387 832; x_wconf 90' lang='lat' dir='ltr'><strong>iere</strong></span> <span class='ocrx_word' id='word_1_43' title='bbox 405 785 505 832; x_wconf 89' lang='lat' dir='ltr'><strong>unicum</strong></span> <span class='ocrx_word' id='word_1_44' title='bbox 523 787 614 831; x_wconf 87' lang='lat' dir='ltr'><strong>testem</strong></span> <span class='ocrx_word' id='word_1_45' title='bbox 635 781 763 830; x_wconf 87' lang='lat' dir='ltr'><strong>habemus.</strong></span> <span class='ocrx_word' id='word_1_46' title='bbox 801 781 887 831; x_wconf 88' lang='lat' dir='ltr'><strong>Libros</strong></span> <span class='ocrx_word' id='word_1_47' title='bbox 905 797 965 846; x_wconf 91' lang='lat' dir='ltr'><strong>quos</strong></span> <span class='ocrx_word' id='word_1_48' title='bbox 985 799 1001 834; x_wconf 85' lang='lat' dir='ltr'><strong>a</strong></span> <span class='ocrx_word' id='word_1_49' title='bbox 1019 798 1046 832; x_wconf 90' lang='lat' dir='ltr'><strong>sa</strong></span> <span class='ocrx_word' id='word_1_50' title='bbox 1066 785 1218 848; x_wconf 86' lang='lat' dir='ltr'><strong>conscriptos</strong></span> <span class='ocrx_word' id='word_1_51' title='bbox 1231 783 1341 846; x_wconf 82' lang='lat' dir='ltr'><strong>Tychoni</strong></span> <span class='ocrx_word' id='word_1_52' title='bbox 1359 782 1448 836; x_wconf 81' lang='lat' dir='ltr'><strong>reiert,</strong></span> <span class='ocrx_word' id='word_1_53' title='bbox 1467 795 1517 828; x_wconf 89' lang='lat' dir='ltr'><strong>nou</strong></span> <span class='ocrx_word' id='word_1_54' title='bbox 1531 779 1624 842; x_wconf 80' lang='lat' dir='ltr'>publici</span> <span class='ocrx_word' id='word_1_55' title='bbox 1641 780 1702 840; x_wconf 85' lang='lat' dir='ltr'><strong>juris</strong></span> 
     </span>
     <span class='ocr_line' id='line_1_7' title="bbox 336 849 1701 916; baseline -0.003 -14"><span class='ocrx_word' id='word_1_56' title='bbox 336 855 411 910; x_wconf 83' lang='lat' dir='ltr'><strong>iecit.</strong></span> <span class='ocrx_word' id='word_1_57' title='bbox 439 853 608 916; x_wconf 83' lang='lat' dir='ltr'><strong>manuscripta</strong></span> <span class='ocrx_word' id='word_1_58' title='bbox 625 866 683 902; x_wconf 85' lang='lat' dir='ltr'><strong>sevo</strong></span> <span class='ocrx_word' id='word_1_59' title='bbox 702 851 854 902; x_wconf 79' lang='lat' dir='ltr'><strong>Rothmuui</strong></span> <span class='ocrx_word' id='word_1_60' title='bbox 874 851 990 903; x_wconf 75' lang='lat' dir='ltr'><strong>tessellis</strong></span> <span class='ocrx_word' id='word_1_61' title='bbox 1012 854 1086 904; x_wconf 89' lang='lat' dir='ltr'><strong>hodie</strong></span> <span class='ocrx_word' id='word_1_62' title='bbox 1111 860 1275 904; x_wconf 73' lang='lat' dir='ltr'><strong>reservantur.</strong></span> <span class='ocrx_word' id='word_1_63' title='bbox 1312 852 1407 902; x_wconf 86' lang='lat' dir='ltr'><strong>Natum</strong></span> <span class='ocrx_word' id='word_1_64' title='bbox 1430 849 1620 900; x_wconf 74' lang='lat' dir='ltr'><strong>Ruthmauuum</strong></span> <span class='ocrx_word' id='word_1_65' title='bbox 1647 862 1701 912; x_wconf 92' lang='lat' dir='ltr'><strong>per·</strong></span> 
     </span>
     <span class='ocr_line' id='line_1_8' title="bbox 335 919 1703 988; baseline -0.004 -14"><span class='ocrx_word' id='word_1_66' title='bbox 335 925 422 974; x_wconf 77' lang='lat' dir='ltr'><strong>hibent</strong></span> <span class='ocrx_word' id='word_1_67' title='bbox 440 924 577 987; x_wconf 85' lang='lat' dir='ltr'><strong>Bemburgi</strong></span> <span class='ocrx_word' id='word_1_68' title='bbox 597 937 619 974; x_wconf 89' lang='lat' dir='ltr'><strong>c.</strong></span> <span class='ocrx_word' id='word_1_69' title='bbox 637 923 747 972; x_wconf 87' lang='lat' dir='ltr'><strong>medium</strong></span> <span class='ocrx_word' id='word_1_70' title='bbox 768 921 864 986; x_wconf 83' lang='lat' dir='ltr'><strong>(Tycho</strong></span> <span class='ocrx_word' id='word_1_71' title='bbox 888 922 994 988; x_wconf 87' lang='lat' dir='ltr'><strong>loquitur</strong></span> <span class='ocrx_word' id='word_1_72' title='bbox 1013 939 1079 976; x_wconf 92' lang='lat' dir='ltr'><strong>anno</strong></span> <span class='ocrx_word' id='word_1_73' title='bbox 1099 922 1168 974; x_wconf 79' lang='lat'><strong>1590</strong></span> <span class='ocrx_word' id='word_1_74' title='bbox 1193 925 1224 974; x_wconf 90' lang='lat' dir='ltr'><strong>de</strong></span> <span class='ocrx_word' id='word_1_75' title='bbox 1242 923 1394 974; x_wconf 83' lang='lat' dir='ltr'><strong>Rothmanni</strong></span> <span class='ocrx_word' id='word_1_76' title='bbox 1415 921 1533 982; x_wconf 81' lang='lat' dir='ltr'><strong>„juvenili</strong></span> <span class='ocrx_word' id='word_1_77' title='bbox 1551 919 1655 968; x_wconf 69' lang='lat' dir='ltr'><strong>aetam‘*</strong></span> <span class='ocrx_word' id='word_1_78' title='bbox 1677 925 1703 968; x_wconf 87' lang='lat' dir='ltr'><strong>at</strong></span> 
     </span>
     <span class='ocr_line' id='line_1_9' title="bbox 337 991 1762 1059; baseline -0.004 -15"><span class='ocrx_word' id='word_1_79' title='bbox 337 997 391 1059; x_wconf 90' lang='lat' dir='ltr'><strong>ipse</strong></span> <span class='ocrx_word' id='word_1_80' title='bbox 403 995 578 1044; x_wconf 84' lang='lat' dir='ltr'><strong>Ruthmanuus</strong></span> <span class='ocrx_word' id='word_1_81' title='bbox 596 1009 623 1043; x_wconf 91' lang='lat' dir='ltr'><strong>se</strong></span> <span class='ocrx_word' id='word_1_82' title='bbox 643 994 729 1043; x_wconf 89' lang='lat' dir='ltr'><strong>eodem</strong></span> <span class='ocrx_word' id='word_1_83' title='bbox 748 1008 814 1044; x_wconf 68' lang='lat' dir='ltr'><strong>uuo</strong></span> <span class='ocrx_word' id='word_1_84' title='bbox 832 994 893 1044; x_wconf 90' lang='lat' dir='ltr'><strong>dicit</strong></span> <span class='ocrx_word' id='word_1_85' title='bbox 913 997 954 1052; x_wconf 79' lang='lat' dir='ltr'><strong>„iu</strong></span> <span class='ocrx_word' id='word_1_86' title='bbox 973 996 1031 1046; x_wconf 87' lang='lat' dir='ltr'><strong>llere</strong></span> <span class='ocrx_word' id='word_1_87' title='bbox 1051 997 1159 1046; x_wconf 82' lang='lat' dir='ltr'><strong>uatstis“</strong></span> <span class='ocrx_word' id='word_1_88' title='bbox 1181 991 1354 1055; x_wconf 87' lang='lat' dir='ltr'><strong>constitutum)</strong></span> <span class='ocrx_word' id='word_1_89' title='bbox 1374 1007 1423 1042; x_wconf 86' lang='lat' dir='ltr'><strong>sae.</strong></span> <span class='ocrx_word' id='word_1_90' title='bbox 1437 991 1522 1049; x_wconf 80' lang='lat' dir='ltr'><strong>XVI..</strong></span> <span class='ocrx_word' id='word_1_91' title='bbox 1541 992 1611 1040; x_wconf 89' lang='lat' dir='ltr'><strong>iutra</strong></span> <span class='ocrx_word' id='word_1_92' title='bbox 1623 1004 1703 1040; x_wconf 84' lang='lat' dir='ltr'><strong>annos</strong></span> <span class='ocrx_word' id='word_1_93' title='bbox 1746 1011 1762 1026; x_wconf 84' lang='lat'><em>·</em></span> 
     </span>
     <span class='ocr_line' id='line_1_10' title="bbox 337 1062 1702 1131; baseline -0.005 -15"><span class='ocrx_word' id='word_1_94' title='bbox 337 1063 477 1116; x_wconf 78' lang='lat'><strong>1577-90</strong></span> <span class='ocrx_word' id='word_1_95' title='bbox 506 1065 572 1128; x_wconf 90' lang='lat' dir='ltr'><strong>apud</strong></span> <span class='ocrx_word' id='word_1_96' title='bbox 595 1065 752 1114; x_wconf 83' lang='lat' dir='ltr'><strong>Grailielsaum</strong></span> <span class='ocrx_word' id='word_1_97' title='bbox 777 1064 884 1116; x_wconf 86' lang='lat' dir='ltr'><strong>Hassiae</strong></span> <span class='ocrx_word' id='word_1_98' title='bbox 904 1065 1089 1131; x_wconf 64' lang='lat' dir='ltr'><strong>lrandgravium</strong></span> <span class='ocrx_word' id='word_1_99' title='bbox 1116 1067 1287 1116; x_wconf 70' lang='lat' dir='ltr'><strong>uuouomicis</strong></span> <span class='ocrx_word' id='word_1_100' title='bbox 1315 1064 1465 1114; x_wconf 72' lang='lat' dir='ltr'><strong>inserviebat</strong></span> <span class='ocrx_word' id='word_1_101' title='bbox 1490 1062 1587 1112; x_wconf 86' lang='lat' dir='ltr'><strong>studiis.</strong></span> <span class='ocrx_word' id='word_1_102' title='bbox 1628 1063 1702 1110; x_wconf 78' lang='lat' dir='ltr'><strong>Anno</strong></span> 
     </span>
     <span class='ocr_line' id='line_1_11' title="bbox 342 1135 1144 1200; baseline 0.004 -18"><span class='ocrx_word' id='word_1_103' title='bbox 342 1135 408 1186; x_wconf 83' lang='grc'>1590</span> <span class='ocrx_word' id='word_1_104' title='bbox 426 1137 571 1188; x_wconf 83' lang='lat' dir='ltr'><strong>Guilielusus</strong></span> <span class='ocrx_word' id='word_1_105' title='bbox 589 1135 654 1186; x_wconf 85' lang='lat' dir='ltr'><strong>haec</strong></span> <span class='ocrx_word' id='word_1_106' title='bbox 673 1137 704 1186; x_wconf 93' lang='lat' dir='ltr'><strong>de</strong></span> <span class='ocrx_word' id='word_1_107' title='bbox 722 1135 880 1186; x_wconf 84' lang='lat' dir='ltr'><strong>Rothmanuo</strong></span> <span class='ocrx_word' id='word_1_108' title='bbox 899 1139 1002 1188; x_wconf 71' lang='lat' dir='ltr'><strong>annuat</strong></span> <span class='ocrx_word' id='word_1_109' title='bbox 1020 1137 1144 1200; x_wconf 83' lang='lat' dir='ltr'><strong>Tychoui:</strong></span> 
     </span>
    </p>
   </div>
   <div class='ocr_carea' id='block_1_4' title="bbox 336 1253 1705 2247">
    <p class='ocr_par' dir='ltr' id='par_1_4' title="bbox 336 1253 1704 1671">
     <span class='ocr_line' id='line_1_12' title="bbox 408 1253 1702 1328; baseline -0.005 -18"><span class='ocrx_word' id='word_1_110' title='bbox 408 1259 474 1310; x_wconf 86' lang='lat' dir='ltr'><strong>Dara</strong></span> <span class='ocrx_word' id='word_1_111' title='bbox 493 1259 536 1308; x_wconf 83' lang='lat' dir='ltr'><strong>vir</strong></span> <span class='ocrx_word' id='word_1_112' title='bbox 555 1257 618 1308; x_wconf 88' lang='lat' dir='ltr'><strong>euch</strong></span> <span class='ocrx_word' id='word_1_113' title='bbox 636 1273 670 1307; x_wconf 91' lang='lat' dir='ltr'><strong>nu</strong></span> <span class='ocrx_word' id='word_1_114' title='bbox 687 1259 712 1307; x_wconf 89' lang='lat' dir='ltr'><strong>in</strong></span> <span class='ocrx_word' id='word_1_115' title='bbox 732 1273 759 1306; x_wconf 91' lang='lat' dir='ltr'><strong>so</strong></span> <span class='ocrx_word' id='word_1_116' title='bbox 778 1257 866 1324; x_wconf 89' lang='lat' dir='ltr'><strong>langer</strong></span> <span class='ocrx_word' id='word_1_117' title='bbox 884 1259 942 1309; x_wconf 87' lang='lat' dir='ltr'><strong>Zeit</strong></span> <span class='ocrx_word' id='word_1_118' title='bbox 961 1262 1030 1312; x_wconf 91' lang='lat' dir='ltr'><strong>nicht</strong></span> <span class='ocrx_word' id='word_1_119' title='bbox 1047 1262 1216 1328; x_wconf 84' lang='lat' dir='ltr'><strong>gesuhrieban.</strong></span> <span class='ocrx_word' id='word_1_120' title='bbox 1236 1261 1268 1310; x_wconf 90' lang='lat' dir='ltr'><strong>ist</strong></span> <span class='ocrx_word' id='word_1_121' title='bbox 1287 1260 1326 1309; x_wconf 90' lang='lat' dir='ltr'><strong>die</strong></span> <span class='ocrx_word' id='word_1_122' title='bbox 1347 1257 1457 1318; x_wconf 81' lang='lat' dir='ltr'><strong>vrsach,</strong></span> <span class='ocrx_word' id='word_1_123' title='bbox 1476 1259 1534 1306; x_wconf 83' lang='lat' dir='ltr'><strong>dass</strong></span> <span class='ocrx_word' id='word_1_124' title='bbox 1552 1271 1628 1305; x_wconf 76' lang='lat' dir='ltr'><strong>unser</strong></span> <span class='ocrx_word' id='word_1_125' title='bbox 1646 1253 1702 1304; x_wconf 83' lang='lat' dir='ltr'><strong>Ma-</strong></span> 
     </span>
     <span class='ocr_line' id='line_1_13' title="bbox 337 1326 1704 1398; baseline -0.006 -16"><span class='ocrx_word' id='word_1_126' title='bbox 337 1332 487 1382; x_wconf 87' lang='lat' dir='ltr'><strong>thematicus</strong></span> <span class='ocrx_word' id='word_1_127' title='bbox 499 1329 673 1380; x_wconf 85' lang='lat' dir='ltr'><strong>Rothmannns</strong></span> <span class='ocrx_word' id='word_1_128' title='bbox 692 1331 732 1378; x_wconf 94' lang='lat' dir='ltr'><strong>ein</strong></span> <span class='ocrx_word' id='word_1_129' title='bbox 751 1329 860 1395; x_wconf 85' lang='lat' dir='ltr'><strong>zeitlang</strong></span> <span class='ocrx_word' id='word_1_130' title='bbox 878 1330 927 1379; x_wconf 83' lang='lat' dir='ltr'><strong>last</strong></span> <span class='ocrx_word' id='word_1_131' title='bbox 946 1333 1085 1395; x_wconf 88' lang='lat' dir='ltr'><strong>snpasslich</strong></span> <span class='ocrx_word' id='word_1_132' title='bbox 1103 1347 1227 1398; x_wconf 69' lang='lat' dir='ltr'><strong>genesen.</strong></span> <span class='ocrx_word' id='word_1_133' title='bbox 1247 1331 1335 1380; x_wconf 85' lang='lat' dir='ltr'><strong>sudem</strong></span> <span class='ocrx_word' id='word_1_134' title='bbox 1349 1329 1413 1378; x_wconf 88' lang='lat' dir='ltr'><strong>anch</strong></span> <span class='ocrx_word' id='word_1_135' title='bbox 1430 1327 1552 1378; x_wconf 90' lang='lat' dir='ltr'><strong>nnnmehr</strong></span> <span class='ocrx_word' id='word_1_136' title='bbox 1569 1329 1614 1375; x_wconf 88' lang='lat' dir='ltr'><strong>srir</strong></span> <span class='ocrx_word' id='word_1_137' title='bbox 1627 1326 1704 1375; x_wconf 88' lang='lat' dir='ltr'><strong>selbst</strong></span> 
     </span>
     <span class='ocr_line' id='line_1_14' title="bbox 336 1398 1703 1466; baseline -0.006 -14"><span class='ocrx_word' id='word_1_138' title='bbox 336 1413 389 1455; x_wconf 84' lang='lat' dir='ltr'><strong>tam</strong></span> <span class='ocrx_word' id='word_1_139' title='bbox 419 1402 484 1451; x_wconf 91' lang='lat' dir='ltr'><strong>mole</strong></span> <span class='ocrx_word' id='word_1_140' title='bbox 504 1401 605 1455; x_wconf 88' lang='lat' dir='ltr'><strong>aetatis,</strong></span> <span class='ocrx_word' id='word_1_141' title='bbox 624 1413 697 1462; x_wconf 90' lang='lat' dir='ltr'><strong>quam</strong></span> <span class='ocrx_word' id='word_1_142' title='bbox 716 1400 827 1449; x_wconf 87' lang='lat' dir='ltr'><strong>laborum</strong></span> <span class='ocrx_word' id='word_1_143' title='bbox 847 1407 920 1465; x_wconf 90' lang='lat' dir='ltr'><strong>atque</strong></span> <span class='ocrx_word' id='word_1_144' title='bbox 945 1417 1057 1453; x_wconf 87' lang='lat' dir='ltr'><strong>curarum</strong></span> <span class='ocrx_word' id='word_1_145' title='bbox 1078 1405 1218 1453; x_wconf 82' lang='lat' dir='ltr'><strong>dermassen</strong></span> <span class='ocrx_word' id='word_1_146' title='bbox 1238 1401 1359 1466; x_wconf 80' lang='lat' dir='ltr'><strong>gedruclrt</strong></span> <span class='ocrx_word' id='word_1_147' title='bbox 1376 1401 1490 1455; x_wconf 82' lang='lat' dir='ltr'><strong>werden,</strong></span> <span class='ocrx_word' id='word_1_148' title='bbox 1518 1398 1578 1447; x_wconf 85' lang='lat' dir='ltr'><strong>dass</strong></span> <span class='ocrx_word' id='word_1_149' title='bbox 1596 1399 1642 1446; x_wconf 86' lang='lat' dir='ltr'><strong>vrir</strong></span> <span class='ocrx_word' id='word_1_150' title='bbox 1659 1412 1703 1444; x_wconf 86' lang='lat' dir='ltr'><strong>rus</strong></span> 
     </span>
     <span class='ocr_line' id='line_1_15' title="bbox 336 1469 1703 1524; baseline -0.007 0"><span class='ocrx_word' id='word_1_151' title='bbox 336 1476 382 1524; x_wconf 90' lang='lat' dir='ltr'><strong>mit</strong></span> <span class='ocrx_word' id='word_1_152' title='bbox 400 1473 448 1522; x_wconf 86' lang='lat' dir='ltr'><strong>den</strong></span> <span class='ocrx_word' id='word_1_153' title='bbox 466 1473 654 1522; x_wconf 77' lang='lat' dir='ltr'><strong>oblectamentis</strong></span> <span class='ocrx_word' id='word_1_154' title='bbox 667 1470 853 1520; x_wconf 84' lang='lat' dir='ltr'><strong>Mathematicis</strong></span> <span class='ocrx_word' id='word_1_155' title='bbox 872 1473 940 1521; x_wconf 88' lang='lat' dir='ltr'><strong>nicht</strong></span> <span class='ocrx_word' id='word_1_156' title='bbox 959 1473 1027 1524; x_wconf 87' lang='lat' dir='ltr'><strong>mehr</strong></span> <span class='ocrx_word' id='word_1_157' title='bbox 1045 1476 1091 1524; x_wconf 79' lang='lat' dir='ltr'><strong>wia</strong></span> <span class='ocrx_word' id='word_1_158' title='bbox 1109 1475 1172 1523; x_wconf 84' lang='lat' dir='ltr'><strong>wohl</strong></span> <span class='ocrx_word' id='word_1_159' title='bbox 1186 1488 1260 1523; x_wconf 84' lang='lat' dir='ltr'><strong>suver</strong></span> <span class='ocrx_word' id='word_1_160' title='bbox 1272 1471 1421 1522; x_wconf 86' lang='lat' dir='ltr'><strong>beschehen.</strong></span> <span class='ocrx_word' id='word_1_161' title='bbox 1442 1471 1578 1520; x_wconf 83' lang='lat' dir='ltr'><strong>oblectiren</strong></span> <span class='ocrx_word' id='word_1_162' title='bbox 1592 1469 1703 1517; x_wconf 79' lang='lat' dir='ltr'><strong>hdnnen.</strong></span> 
     </span>
     <span class='ocr_line' id='line_1_16' title="bbox 338 1540 1704 1606; baseline -0.001 -12"><span class='ocrx_word' id='word_1_163' title='bbox 338 1545 416 1594; x_wconf 81' lang='lat' dir='ltr'><strong>Nicht</strong></span> <span class='ocrx_word' id='word_1_164' title='bbox 435 1544 505 1593; x_wconf 88' lang='lat' dir='ltr'><strong>desto</strong></span> <span class='ocrx_word' id='word_1_165' title='bbox 523 1544 633 1606; x_wconf 81' lang='lat' dir='ltr'><strong>vcniger</strong></span> <span class='ocrx_word' id='word_1_166' title='bbox 652 1543 711 1591; x_wconf 88' lang='lat' dir='ltr'><strong>aher</strong></span> <span class='ocrx_word' id='word_1_167' title='bbox 729 1542 888 1592; x_wconf 86' lang='lat' dir='ltr'><strong>rnderlassen</strong></span> <span class='ocrx_word' id='word_1_168' title='bbox 907 1545 950 1592; x_wconf 81' lang='lat' dir='ltr'><strong>svir</strong></span> <span class='ocrx_word' id='word_1_169' title='bbox 967 1560 1040 1594; x_wconf 85' lang='lat' dir='ltr'><strong>roser</strong></span> <span class='ocrx_word' id='word_1_170' title='bbox 1058 1548 1166 1596; x_wconf 88' lang='lat' dir='ltr'><strong>studium</strong></span> <span class='ocrx_word' id='word_1_171' title='bbox 1179 1543 1384 1594; x_wconf 85' lang='lat' dir='ltr'><strong>Mathematicum</strong></span> <span class='ocrx_word' id='word_1_172' title='bbox 1404 1541 1473 1591; x_wconf 89' lang='lat' dir='ltr'><strong>nicht</strong></span> <span class='ocrx_word' id='word_1_173' title='bbox 1492 1557 1519 1590; x_wconf 85' lang='lat' dir='ltr'><strong>so</strong></span> <span class='ocrx_word' id='word_1_174' title='bbox 1536 1555 1583 1606; x_wconf 89' lang='lat' dir='ltr'><strong>gar</strong></span> <span class='ocrx_word' id='word_1_175' title='bbox 1596 1540 1704 1592; x_wconf 86' lang='lat' dir='ltr'><strong>bleibeu.</strong></span> 
     </span>
     <span class='ocr_line' id='line_1_17' title="bbox 337 1611 1283 1671; baseline -0.002 -6"><span class='ocrx_word' id='word_1_176' title='bbox 337 1616 442 1666; x_wconf 87' lang='lat' dir='ltr'><strong>scudem</strong></span> <span class='ocrx_word' id='word_1_177' title='bbox 460 1614 567 1664; x_wconf 84' lang='lat' dir='ltr'><strong>hineheu</strong></span> <span class='ocrx_word' id='word_1_178' title='bbox 587 1613 650 1662; x_wconf 87' lang='lat' dir='ltr'><strong>noch</strong></span> <span class='ocrx_word' id='word_1_179' title='bbox 668 1611 814 1671; x_wconf 85' lang='lat' dir='ltr'><strong>hernacher,</strong></span> <span class='ocrx_word' id='word_1_180' title='bbox 833 1615 879 1662; x_wconf 85' lang='lat' dir='ltr'><strong>wie</strong></span> <span class='ocrx_word' id='word_1_181' title='bbox 899 1617 938 1663; x_wconf 91' lang='lat' dir='ltr'><strong>eiu</strong></span> <span class='ocrx_word' id='word_1_182' title='bbox 959 1616 995 1664; x_wconf 89' lang='lat' dir='ltr'><strong>alt</strong></span> <span class='ocrx_word' id='word_1_183' title='bbox 1013 1615 1086 1666; x_wconf 85' lang='lat' dir='ltr'><strong>Waib</strong></span> <span class='ocrx_word' id='word_1_184' title='bbox 1105 1631 1146 1666; x_wconf 92' lang='lat' dir='ltr'><strong>am</strong></span> <span class='ocrx_word' id='word_1_185' title='bbox 1166 1615 1283 1666; x_wconf 86' lang='lat' dir='ltr'><strong>Stachen.</strong></span> 
     </span>
    </p>

    <p class='ocr_par' dir='ltr' id='par_1_5' title="bbox 336 1682 1705 2172">
     <span class='ocr_line' id='line_1_18' title="bbox 401 1682 1703 1750; baseline -0.005 -16"><span class='ocrx_word' id='word_1_186' title='bbox 401 1686 468 1734; x_wconf 78' lang='lat' dir='ltr'><strong>&#39;Was</strong></span> <span class='ocrx_word' id='word_1_187' title='bbox 494 1687 553 1735; x_wconf 89' lang='lat' dir='ltr'><strong>aber</strong></span> <span class='ocrx_word' id='word_1_188' title='bbox 571 1699 659 1732; x_wconf 83' lang='lat' dir='ltr'><strong>susem</strong></span> <span class='ocrx_word' id='word_1_189' title='bbox 678 1682 885 1734; x_wconf 85' lang='lat' dir='ltr'><strong>Mathematicum</strong></span> <span class='ocrx_word' id='word_1_190' title='bbox 905 1685 1011 1744; x_wconf 74' lang='lat' dir='ltr'><strong>betrillh.</strong></span> <span class='ocrx_word' id='word_1_191' title='bbox 1030 1689 1063 1738; x_wconf 90' lang='lat' dir='ltr'><strong>ist</strong></span> <span class='ocrx_word' id='word_1_192' title='bbox 1081 1687 1218 1750; x_wconf 86' lang='lat' dir='ltr'><strong>derselbige</strong></span> <span class='ocrx_word' id='word_1_193' title='bbox 1238 1686 1281 1735; x_wconf 90' lang='lat' dir='ltr'><strong>der</strong></span> <span class='ocrx_word' id='word_1_194' title='bbox 1296 1683 1438 1748; x_wconf 81' lang='lat' dir='ltr'><strong>Meyuung.</strong></span> <span class='ocrx_word' id='word_1_195' title='bbox 1458 1697 1530 1731; x_wconf 79' lang='lat' dir='ltr'><strong>vanu</strong></span> <span class='ocrx_word' id='word_1_196' title='bbox 1549 1696 1577 1730; x_wconf 87' lang='lat' dir='ltr'><strong>er</strong></span> <span class='ocrx_word' id='word_1_197' title='bbox 1596 1696 1644 1730; x_wconf 87' lang='lat' dir='ltr'><strong>nur</strong></span> <span class='ocrx_word' id='word_1_198' title='bbox 1662 1682 1703 1729; x_wconf 88' lang='lat' dir='ltr'><strong>eiu</strong></span> 
     </span>
     <span class='ocr_line' id='line_1_19' title="bbox 338 1753 1704 1822; baseline -0.004 -17"><span class='ocrx_word' id='word_1_199' title='bbox 338 1759 420 1822; x_wconf 86' lang='lat' dir='ltr'><strong>srenig</strong></span> <span class='ocrx_word' id='word_1_200' title='bbox 438 1755 521 1806; x_wconf 80' lang='lat' dir='ltr'><strong>mdcht</strong></span> <span class='ocrx_word' id='word_1_201' title='bbox 539 1755 672 1811; x_wconf 81' lang='lat' dir='ltr'><strong>vandern.</strong></span> <span class='ocrx_word' id='word_1_202' title='bbox 700 1754 748 1804; x_wconf 89' lang='lat' dir='ltr'><strong>sud</strong></span> <span class='ocrx_word' id='word_1_203' title='bbox 769 1754 808 1804; x_wconf 91' lang='lat' dir='ltr'><strong>die</strong></span> <span class='ocrx_word' id='word_1_204' title='bbox 827 1754 896 1804; x_wconf 77' lang='lat' dir='ltr'><strong>Luflt</strong></span> <span class='ocrx_word' id='word_1_205' title='bbox 913 1758 1064 1816; x_wconf 73' lang='lat' dir='ltr'><strong>earundem.</strong></span> <span class='ocrx_word' id='word_1_206' title='bbox 1090 1759 1148 1808; x_wconf 88' lang='lat' dir='ltr'><strong>dass</strong></span> <span class='ocrx_word' id='word_1_207' title='bbox 1177 1773 1203 1808; x_wconf 88' lang='lat' dir='ltr'><strong>es</strong></span> <span class='ocrx_word' id='word_1_208' title='bbox 1222 1756 1339 1807; x_wconf 85' lang='lat' dir='ltr'><strong>alssdeun</strong></span> <span class='ocrx_word' id='word_1_209' title='bbox 1361 1756 1407 1803; x_wconf 91' lang='lat' dir='ltr'><strong>mit</strong></span> <span class='ocrx_word' id='word_1_210' title='bbox 1425 1753 1474 1802; x_wconf 89' lang='lat' dir='ltr'><strong>ihm</strong></span> <span class='ocrx_word' id='word_1_211' title='bbox 1500 1755 1586 1802; x_wconf 86' lang='lat' dir='ltr'><strong>besser</strong></span> <span class='ocrx_word' id='word_1_212' title='bbox 1604 1753 1704 1802; x_wconf 79' lang='lat' dir='ltr'><strong>werden</strong></span> 
     </span>
     <span class='ocr_line' id='line_1_20' title="bbox 337 1823 1704 1889; baseline -0.005 -11"><span class='ocrx_word' id='word_1_213' title='bbox 337 1829 411 1885; x_wconf 85' lang='lat' dir='ltr'><strong>solte;</strong></span> <span class='ocrx_word' id='word_1_214' title='bbox 430 1827 520 1877; x_wconf 80' lang='lat' dir='ltr'><strong>welchs</strong></span> <span class='ocrx_word' id='word_1_215' title='bbox 538 1827 582 1874; x_wconf 79' lang='lat' dir='ltr'><strong>wir</strong></span> <span class='ocrx_word' id='word_1_216' title='bbox 600 1824 650 1874; x_wconf 90' lang='lat' dir='ltr'><strong>ihm</strong></span> <span class='ocrx_word' id='word_1_217' title='bbox 669 1825 802 1874; x_wconf 82' lang='lat' dir='ltr'><strong>eberhart</strong></span> <span class='ocrx_word' id='word_1_218' title='bbox 820 1827 993 1876; x_wconf 80' lang='lat' dir='ltr'><strong>sviderratheu.</strong></span> <span class='ocrx_word' id='word_1_219' title='bbox 1032 1827 1065 1878; x_wconf 91' lang='lat' dir='ltr'><strong>So</strong></span> <span class='ocrx_word' id='word_1_220' title='bbox 1076 1829 1122 1879; x_wconf 86' lang='lat' dir='ltr'><strong>hat</strong></span> <span class='ocrx_word' id='word_1_221' title='bbox 1141 1844 1167 1879; x_wconf 88' lang='lat' dir='ltr'><strong>er</strong></span> <span class='ocrx_word' id='word_1_222' title='bbox 1186 1829 1245 1878; x_wconf 86' lang='lat' dir='ltr'><strong>aber</strong></span> <span class='ocrx_word' id='word_1_223' title='bbox 1264 1826 1327 1877; x_wconf 90' lang='lat' dir='ltr'><strong>doch</strong></span> <span class='ocrx_word' id='word_1_224' title='bbox 1345 1827 1417 1876; x_wconf 87' lang='lat' dir='ltr'><strong>einen</strong></span> <span class='ocrx_word' id='word_1_225' title='bbox 1431 1826 1537 1889; x_wconf 83' lang='lat' dir='ltr'><strong>sigeneu</strong></span> <span class='ocrx_word' id='word_1_226' title='bbox 1549 1823 1629 1886; x_wconf 79' lang='lat' dir='ltr'><strong>Kopi,</strong></span> <span class='ocrx_word' id='word_1_227' title='bbox 1649 1823 1704 1872; x_wconf 84' lang='lat' dir='ltr'><strong>deus</strong></span> 
     </span>
     <span class='ocr_line' id='line_1_21' title="bbox 336 1893 1705 1961; baseline -0.007 -12"><span class='ocrx_word' id='word_1_228' title='bbox 336 1898 418 1949; x_wconf 80' lang='lat' dir='ltr'><strong>hanlit</strong></span> <span class='ocrx_word' id='word_1_229' title='bbox 442 1913 468 1948; x_wconf 89' lang='lat' dir='ltr'><strong>er</strong></span> <span class='ocrx_word' id='word_1_230' title='bbox 492 1898 539 1948; x_wconf 89' lang='lat' dir='ltr'><strong>alle</strong></span> <span class='ocrx_word' id='word_1_231' title='bbox 558 1897 603 1946; x_wconf 89' lang='lat' dir='ltr'><strong>Jar</strong></span> <span class='ocrx_word' id='word_1_232' title='bbox 629 1898 700 1946; x_wconf 91' lang='lat' dir='ltr'><strong>einen</strong></span> <span class='ocrx_word' id='word_1_233' title='bbox 720 1893 825 1961; x_wconf 82' lang='lat' dir='ltr'><strong>eigenen</strong></span> <span class='ocrx_word' id='word_1_234' title='bbox 844 1897 910 1957; x_wconf 82' lang='lat' dir='ltr'><strong>Hut,</strong></span> <span class='ocrx_word' id='word_1_235' title='bbox 940 1899 1018 1948; x_wconf 88' lang='lat' dir='ltr'><strong>demit</strong></span> <span class='ocrx_word' id='word_1_236' title='bbox 1040 1904 1140 1949; x_wconf 86' lang='lat' dir='ltr'><strong>miisseu</strong></span> <span class='ocrx_word' id='word_1_237' title='bbox 1159 1901 1202 1948; x_wconf 82' lang='lat' dir='ltr'><strong>vir</strong></span> <span class='ocrx_word' id='word_1_238' title='bbox 1220 1899 1262 1949; x_wconf 89' lang='lat' dir='ltr'><strong>ihu</strong></span> <span class='ocrx_word' id='word_1_239' title='bbox 1287 1898 1369 1946; x_wconf 86' lang='lat' dir='ltr'><strong>lasaeu</strong></span> <span class='ocrx_word' id='word_1_240' title='bbox 1389 1911 1511 1960; x_wconf 79' lang='lat' dir='ltr'><strong>gesseron.</strong></span> <span class='ocrx_word' id='word_1_241' title='bbox 1550 1895 1618 1944; x_wconf 80' lang='lat' dir='ltr'><strong>Aber</strong></span> <span class='ocrx_word' id='word_1_242' title='bbox 1636 1894 1705 1956; x_wconf 89' lang='lat' dir='ltr'><strong>leydt</strong></span> 
     </span>
     <span class='ocr_line' id='line_1_22' title="bbox 338 1965 1704 2032; baseline -0.006 -12"><span class='ocrx_word' id='word_1_243' title='bbox 338 1985 401 2020; x_wconf 75' lang='lat' dir='ltr'><strong>were</strong></span> <span class='ocrx_word' id='word_1_244' title='bbox 421 1983 447 2018; x_wconf 89' lang='lat' dir='ltr'><strong>es</strong></span> <span class='ocrx_word' id='word_1_245' title='bbox 467 1985 524 2028; x_wconf 81' lang='lat' dir='ltr'><strong>vus,</strong></span> <span class='ocrx_word' id='word_1_246' title='bbox 553 1983 626 2017; x_wconf 79' lang='lat' dir='ltr'><strong>vanu</strong></span> <span class='ocrx_word' id='word_1_247' title='bbox 644 1968 693 2016; x_wconf 89' lang='lat' dir='ltr'><strong>ihm</strong></span> <span class='ocrx_word' id='word_1_248' title='bbox 718 1969 812 2032; x_wconf 78' lang='lat' dir='ltr'><strong>einiger</strong></span> <span class='ocrx_word' id='word_1_249' title='bbox 831 1967 930 2018; x_wconf 90' lang='lat' dir='ltr'><strong>Schade</strong></span> <span class='ocrx_word' id='word_1_250' title='bbox 947 1970 1111 2020; x_wconf 79' lang='lat' dir='ltr'><strong>wlderlahreu</strong></span> <span class='ocrx_word' id='word_1_251' title='bbox 1134 1971 1208 2029; x_wconf 85' lang='lat' dir='ltr'><strong>solta,</strong></span> <span class='ocrx_word' id='word_1_252' title='bbox 1236 1969 1302 2018; x_wconf 92' lang='lat' dir='ltr'><strong>danu</strong></span> <span class='ocrx_word' id='word_1_253' title='bbox 1322 1970 1399 2017; x_wconf 90' lang='lat' dir='ltr'><strong>erist</strong></span> <span class='ocrx_word' id='word_1_254' title='bbox 1423 1969 1567 2031; x_wconf 86' lang='lat' dir='ltr'><strong>ingeniosus</strong></span> <span class='ocrx_word' id='word_1_255' title='bbox 1596 1965 1647 2013; x_wconf 88' lang='lat' dir='ltr'><strong>sud</strong></span> <span class='ocrx_word' id='word_1_256' title='bbox 1665 1966 1704 2012; x_wconf 86' lang='lat' dir='ltr'><strong>ein</strong></span> 
     </span>
     <span class='ocr_line' id='line_1_23' title="bbox 338 2019 1703 2108; baseline -0.005 -18"><span class='ocrx_word' id='word_1_257' title='bbox 338 2042 418 2090; x_wconf 83' lang='lat' dir='ltr'><strong>ieiner</strong></span> <span class='ocrx_word' id='word_1_258' title='bbox 435 2041 559 2104; x_wconf 88' lang='lat' dir='ltr'><strong>gelehrter</strong></span> <span class='ocrx_word' id='word_1_259' title='bbox 577 2039 668 2088; x_wconf 83' lang='lat' dir='ltr'><strong>Gesell.</strong></span> <span class='ocrx_word' id='word_1_260' title='bbox 706 2019 820 2102; x_wconf 68' lang='lat' dir='ltr'><strong>Hegereu</strong></span> <span class='ocrx_word' id='word_1_261' title='bbox 839 2039 976 2089; x_wconf 88' lang='lat' dir='ltr'><strong>derhalben</strong></span> <span class='ocrx_word' id='word_1_262' title='bbox 988 2042 1140 2108; x_wconf 73' lang='lat' dir='ltr'><strong>gutdiglich.</strong></span> <span class='ocrx_word' id='word_1_263' title='bbox 1160 2042 1198 2090; x_wconf 82' lang='lat' dir='ltr'><strong>ihr</strong></span> <span class='ocrx_word' id='word_1_264' title='bbox 1215 2041 1298 2090; x_wconf 90' lang='lat' dir='ltr'><strong>vrollet</strong></span> <span class='ocrx_word' id='word_1_265' title='bbox 1317 2039 1379 2090; x_wconf 90' lang='lat' dir='ltr'><strong>ench</strong></span> <span class='ocrx_word' id='word_1_266' title='bbox 1397 2038 1439 2086; x_wconf 91' lang='lat' dir='ltr'><strong>ihu</strong></span> <span class='ocrx_word' id='word_1_267' title='bbox 1458 2052 1505 2086; x_wconf 88' lang='lat' dir='ltr'><strong>rou</strong></span> <span class='ocrx_word' id='word_1_268' title='bbox 1518 2044 1604 2086; x_wconf 89' lang='lat' dir='ltr'><strong>vusert</strong></span> <span class='ocrx_word' id='word_1_269' title='bbox 1616 2050 1703 2100; x_wconf 75' lang='lat' dir='ltr'><strong>vogen</strong></span> 
     </span>
     <span class='ocr_line' id='line_1_24' title="bbox 337 2107 697 2172; baseline -0.011 -12"><span class='ocrx_word' id='word_1_270' title='bbox 337 2112 419 2162; x_wconf 87' lang='lat' dir='ltr'><strong>lassea</strong></span> <span class='ocrx_word' id='word_1_271' title='bbox 439 2110 553 2161; x_wconf 88' lang='lat' dir='ltr'><strong>heiohlon</strong></span> <span class='ocrx_word' id='word_1_272' title='bbox 571 2124 632 2172; x_wconf 88' lang='lat' dir='ltr'><strong>sayn</strong></span> <span class='ocrx_word' id='word_1_273' title='bbox 651 2107 697 2158; x_wconf 82' lang='lat' dir='ltr'><strong>dte.</strong></span> 
     </span>
    </p>

    <p class='ocr_par' dir='ltr' id='par_1_6' title="bbox 407 2178 1425 2247">
     <span class='ocr_line' id='line_1_25' title="bbox 407 2178 1425 2247; baseline -0.003 -16"><span class='ocrx_word' id='word_1_274' title='bbox 407 2181 502 2231; x_wconf 86' lang='lat' dir='ltr'><strong>Datum</strong></span> <span class='ocrx_word' id='word_1_275' title='bbox 521 2183 547 2230; x_wconf 91' lang='lat' dir='ltr'><strong>iu</strong></span> <span class='ocrx_word' id='word_1_276' title='bbox 565 2194 638 2229; x_wconf 80' lang='lat' dir='ltr'><strong>mser</strong></span> <span class='ocrx_word' id='word_1_277' title='bbox 656 2179 731 2230; x_wconf 79' lang='lat' dir='ltr'><strong>stads</strong></span> <span class='ocrx_word' id='word_1_278' title='bbox 748 2181 797 2230; x_wconf 88' lang='lat' dir='ltr'><strong>vud</strong></span> <span class='ocrx_word' id='word_1_279' title='bbox 815 2180 931 2247; x_wconf 87' lang='lat' dir='ltr'><strong>Vestuag</strong></span> <span class='ocrx_word' id='word_1_280' title='bbox 950 2182 1035 2233; x_wconf 82' lang='lat' dir='ltr'><strong>Caesel</strong></span> <span class='ocrx_word' id='word_1_281' title='bbox 1056 2197 1096 2234; x_wconf 84' lang='lat' dir='ltr'><strong>am</strong></span> <span class='ocrx_word' id='word_1_282' title='bbox 1118 2182 1158 2233; x_wconf 79' lang='lat' dir='ltr'><strong>li.</strong></span> <span class='ocrx_word' id='word_1_283' title='bbox 1179 2180 1242 2245; x_wconf 73' lang='lat' dir='ltr'><strong>Mali</strong></span> <span class='ocrx_word' id='word_1_284' title='bbox 1261 2195 1327 2232; x_wconf 86' lang='lat' dir='ltr'><strong>anuo</strong></span> <span class='ocrx_word' id='word_1_285' title='bbox 1347 2178 1425 2229; x_wconf 74' lang='lat'><strong>15⁰0.</strong></span> 
     </span>
    </p>
   </div>
   <div class='ocr_carea' id='block_1_5' title="bbox 337 2301 1704 2581">
    <p class='ocr_par' dir='ltr' id='par_1_7' title="bbox 337 2301 1704 2581">
     <span class='ocr_line' id='line_1_26' title="bbox 412 2301 1704 2370; baseline 0 -20"><span class='ocrx_word' id='word_1_286' title='bbox 412 2301 497 2366; x_wconf 85' lang='lat' dir='ltr'><strong>Tycha</strong></span> <span class='ocrx_word' id='word_1_287' title='bbox 516 2302 592 2352; x_wconf 80' lang='lat' dir='ltr'><strong>reisrt</strong></span> <span class='ocrx_word' id='word_1_288' title='bbox 608 2301 794 2354; x_wconf 82' lang='lat' dir='ltr'><strong>Rothmauuusu</strong></span> <span class='ocrx_word' id='word_1_289' title='bbox 814 2306 926 2370; x_wconf 79' lang='lat' dir='ltr'><strong>Angusto</strong></span> <span class='ocrx_word' id='word_1_290' title='bbox 945 2320 1031 2357; x_wconf 88' lang='lat' dir='ltr'><strong>mense</strong></span> <span class='ocrx_word' id='word_1_291' title='bbox 1049 2305 1231 2370; x_wconf 86' lang='lat' dir='ltr'><strong>Uraniburgum</strong></span> <span class='ocrx_word' id='word_1_292' title='bbox 1251 2306 1347 2354; x_wconf 88' lang='lat' dir='ltr'><strong>venisse</strong></span> <span class='ocrx_word' id='word_1_293' title='bbox 1367 2311 1393 2354; x_wconf 87' lang='lat' dir='ltr'><strong>et</strong></span> <span class='ocrx_word' id='word_1_294' title='bbox 1410 2318 1455 2366; x_wconf 88' lang='lat' dir='ltr'><strong>per</strong></span> <span class='ocrx_word' id='word_1_295' title='bbox 1473 2302 1567 2367; x_wconf 88' lang='lat' dir='ltr'><strong>aliquot</strong></span> <span class='ocrx_word' id='word_1_296' title='bbox 1586 2303 1704 2364; x_wconf 82' lang='lat' dir='ltr'><strong>septima·</strong></span> 
     </span>
     <span class='ocr_line' id='line_1_27' title="bbox 337 2373 1703 2440; baseline -0.003 -16"><span class='ocrx_word' id='word_1_297' title='bbox 337 2387 384 2424; x_wconf 80' lang='lat' dir='ltr'><strong>uas</strong></span> <span class='ocrx_word' id='word_1_298' title='bbox 402 2387 486 2423; x_wconf 85' lang='lat' dir='ltr'><strong>secum</strong></span> <span class='ocrx_word' id='word_1_299' title='bbox 505 2381 626 2422; x_wconf 87' lang='lat' dir='ltr'><strong>moratum</strong></span> <span class='ocrx_word' id='word_1_300' title='bbox 645 2388 713 2434; x_wconf 86' lang='lat' dir='ltr'><strong>essa,</strong></span> <span class='ocrx_word' id='word_1_301' title='bbox 740 2382 767 2425; x_wconf 86' lang='lat' dir='ltr'><strong>at</strong></span> <span class='ocrx_word' id='word_1_302' title='bbox 783 2389 925 2440; x_wconf 83' lang='lat' dir='ltr'><strong>quanquam</strong></span> <span class='ocrx_word' id='word_1_303' title='bbox 944 2378 989 2426; x_wconf 91' lang='lat' dir='ltr'><strong>sibi</strong></span> <span class='ocrx_word' id='word_1_304' title='bbox 1007 2379 1160 2440; x_wconf 89' lang='lat' dir='ltr'><strong>proposuerit</strong></span> <span class='ocrx_word' id='word_1_305' title='bbox 1176 2377 1235 2426; x_wconf 89' lang='lat' dir='ltr'><strong>hino</strong></span> <span class='ocrx_word' id='word_1_306' title='bbox 1255 2374 1380 2426; x_wconf 83' lang='lat' dir='ltr'><strong>Casuellas</strong></span> <span class='ocrx_word' id='word_1_307' title='bbox 1399 2374 1491 2431; x_wconf 85' lang='lat' dir='ltr'><strong>redire.</strong></span> <span class='ocrx_word' id='word_1_308' title='bbox 1514 2389 1565 2422; x_wconf 91' lang='lat' dir='ltr'><strong>nou</strong></span> <span class='ocrx_word' id='word_1_309' title='bbox 1584 2373 1618 2422; x_wconf 81' lang='lat' dir='ltr'><strong>ad</strong></span> <span class='ocrx_word' id='word_1_310' title='bbox 1637 2373 1703 2435; x_wconf 90' lang='lat' dir='ltr'><strong>prin-</strong></span> 
     </span>
     <span class='ocr_line' id='line_1_28' title="bbox 338 2443 1703 2510; baseline -0.004 -14"><span class='ocrx_word' id='word_1_311' title='bbox 338 2447 418 2508; x_wconf 83' lang='lat' dir='ltr'><strong>cipem</strong></span> <span class='ocrx_word' id='word_1_312' title='bbox 435 2457 558 2494; x_wconf 91' lang='lat' dir='ltr'><strong>reversum</strong></span> <span class='ocrx_word' id='word_1_313' title='bbox 578 2459 640 2495; x_wconf 88' lang='lat' dir='ltr'><strong>esse.</strong></span> <span class='ocrx_word' id='word_1_314' title='bbox 677 2443 763 2496; x_wconf 81' lang='lat' dir='ltr'><strong>Morbo</strong></span> <span class='ocrx_word' id='word_1_315' title='bbox 782 2453 885 2496; x_wconf 66' lang='lat' dir='ltr'><strong>resume</strong></span> <span class='ocrx_word' id='word_1_316' title='bbox 904 2448 1042 2498; x_wconf 71' lang='lat' dir='ltr'><strong>vehementi</strong></span> <span class='ocrx_word' id='word_1_317' title='bbox 1061 2449 1165 2498; x_wconf 88' lang='lat' dir='ltr'><strong>secessit</strong></span> <span class='ocrx_word' id='word_1_318' title='bbox 1182 2449 1209 2497; x_wconf 92' lang='lat' dir='ltr'><strong>in</strong></span> <span class='ocrx_word' id='word_1_319' title='bbox 1227 2447 1312 2496; x_wconf 85' lang='lat' dir='ltr'><strong>urbem</strong></span> <span class='ocrx_word' id='word_1_320' title='bbox 1330 2448 1438 2510; x_wconf 89' lang='lat' dir='ltr'><strong>patriam</strong></span> <span class='ocrx_word' id='word_1_321' title='bbox 1455 2444 1640 2509; x_wconf 86' lang='lat' dir='ltr'><strong>Bernhnrgium</strong></span> <span class='ocrx_word' id='word_1_322' title='bbox 1659 2443 1703 2492; x_wconf 88' lang='lat' dir='ltr'><strong>ibi·</strong></span> 
     </span>
     <span class='ocr_line' id='line_1_29' title="bbox 338 2513 752 2581; baseline -0.002 -16"><span class='ocrx_word' id='word_1_323' title='bbox 338 2530 385 2581; x_wconf 90' lang='lat' dir='ltr'><strong>que</strong></span> <span class='ocrx_word' id='word_1_324' title='bbox 403 2521 513 2566; x_wconf 89' lang='lat' dir='ltr'><strong>mortuus</strong></span> <span class='ocrx_word' id='word_1_325' title='bbox 533 2523 571 2564; x_wconf 90' lang='lat' dir='ltr'><strong>ast</strong></span> <span class='ocrx_word' id='word_1_326' title='bbox 589 2530 655 2566; x_wconf 84' lang='lat' dir='ltr'><strong>anno</strong></span> <span class='ocrx_word' id='word_1_327' title='bbox 677 2513 752 2566; x_wconf 76' lang='lat'><strong>1596.</strong></span> 
     </span>
    </p>
   </div>
   <div class='ocr_carea' id='block_1_6' title="bbox 335 2653 1706 3434">
    <p class='ocr_par' dir='ltr' id='par_1_8' title="bbox 335 2653 1706 3434">
     <span class='ocr_line' id='line_1_30' title="bbox 410 2653 1705 2748; baseline 0 -44"><span class='ocrx_word' id='word_1_328' title='bbox 410 2653 482 2748; x_wconf 53' lang='lat' dir='ltr'><strong>s)“p.</strong></span> <span class='ocrx_word' id='word_1_329' title='bbox 502 2654 562 2705; x_wconf 81' lang='lat'><strong>2⁴5.</strong></span> <span class='ocrx_word' id='word_1_330' title='bbox 599 2656 703 2723; x_wconf 81' lang='lat' dir='ltr'><strong>Spectat</strong></span> <span class='ocrx_word' id='word_1_331' title='bbox 729 2658 767 2707; x_wconf 92' lang='lat' dir='ltr'><strong>his</strong></span> <span class='ocrx_word' id='word_1_332' title='bbox 786 2657 908 2722; x_wconf 89' lang='lat' dir='ltr'><strong>Keplerus</strong></span> <span class='ocrx_word' id='word_1_333' title='bbox 934 2660 1126 2710; x_wconf 86' lang='lat' dir='ltr'><strong>admonitionem</strong></span> <span class='ocrx_word' id='word_1_334' title='bbox 1154 2660 1203 2718; x_wconf 75' lang='lat' dir='ltr'><strong>„ad</strong></span> <span class='ocrx_word' id='word_1_335' title='bbox 1232 2660 1348 2709; x_wconf 85' lang='lat' dir='ltr'><strong>lectorem</strong></span> <span class='ocrx_word' id='word_1_336' title='bbox 1373 2659 1403 2708; x_wconf 92' lang='lat' dir='ltr'><strong>ds</strong></span> <span class='ocrx_word' id='word_1_337' title='bbox 1427 2657 1605 2721; x_wconf 81' lang='lat' dir='ltr'><strong>hypothesibus</strong></span> <span class='ocrx_word' id='word_1_338' title='bbox 1633 2656 1705 2717; x_wconf 86' lang='lat' dir='ltr'><strong>hujus</strong></span> 
     </span>
     <span class='ocr_line' id='line_1_31' title="bbox 338 2727 1704 2865; baseline -0.007 -16"><span class='ocrx_word' id='word_1_339' title='bbox 338 2727 849 2864; x_wconf 61' lang='lat' dir='ltr'><strong>tlttfflttlitttltttttttt</strong></span> <span class='ocrx_word' id='word_1_340' title='bbox 862 2729 1235 2860; x_wconf 63' lang='lat' dir='ltr'><strong>tlttlttli.lllltl</strong></span> <span class='ocrx_word' id='word_1_341' title='bbox 1248 2727 1704 2865; x_wconf 43' lang='lat' dir='ltr'><strong>&amp;gimildliisf‘liiiii</strong></span> 
     </span>
     <span class='ocr_line' id='line_1_32' title="bbox 337 2869 1704 2937; baseline -0.002 -17"><span class='ocrx_word' id='word_1_342' title='bbox 337 2873 390 2921; x_wconf 92' lang='lat' dir='ltr'><strong>tica</strong></span> <span class='ocrx_word' id='word_1_343' title='bbox 407 2884 503 2935; x_wconf 90' lang='lat' dir='ltr'><strong>qnoque</strong></span> <span class='ocrx_word' id='word_1_344' title='bbox 523 2870 598 2921; x_wconf 89' lang='lat' dir='ltr'><strong>coluit</strong></span> <span class='ocrx_word' id='word_1_345' title='bbox 618 2871 853 2936; x_wconf 88' lang='lat' dir='ltr'><strong>imprimendumque</strong></span> <span class='ocrx_word' id='word_1_346' title='bbox 872 2875 968 2922; x_wconf 86' lang='lat' dir='ltr'><strong>curarit</strong></span> <span class='ocrx_word' id='word_1_347' title='bbox 984 2871 1162 2937; x_wconf 81' lang='lat' dir='ltr'><strong>Norisnbergae</strong></span> <span class='ocrx_word' id='word_1_348' title='bbox 1176 2873 1305 2937; x_wconf 82' lang='lat' dir='ltr'><strong>Cepernici</strong></span> <span class='ocrx_word' id='word_1_349' title='bbox 1319 2887 1379 2935; x_wconf 86' lang='lat' dir='ltr'><strong>opus</strong></span> <span class='ocrx_word' id='word_1_350' title='bbox 1392 2872 1423 2920; x_wconf 92' lang='lat' dir='ltr'><strong>de</strong></span> <span class='ocrx_word' id='word_1_351' title='bbox 1436 2869 1524 2920; x_wconf 81' lang='lat' dir='ltr'><strong>Resol.</strong></span> <span class='ocrx_word' id='word_1_352' title='bbox 1539 2869 1704 2918; x_wconf 81' lang='lat' dir='ltr'><strong>Caelestibus.</strong></span> 
     </span>
     <span class='ocr_line' id='line_1_33' title="bbox 338 2941 1706 3006; baseline -0.003 -14"><span class='ocrx_word' id='word_1_353' title='bbox 338 2943 409 2992; x_wconf 84' lang='lat' dir='ltr'><strong>Haec</strong></span> <span class='ocrx_word' id='word_1_354' title='bbox 428 2948 487 2991; x_wconf 90' lang='lat' dir='ltr'><strong>sunt</strong></span> <span class='ocrx_word' id='word_1_355' title='bbox 505 2941 621 2992; x_wconf 88' lang='lat' dir='ltr'><strong>Osiandri</strong></span> <span class='ocrx_word' id='word_1_356' title='bbox 638 2943 725 2992; x_wconf 81' lang='lat' dir='ltr'><strong>rerba:</strong></span> <span class='ocrx_word' id='word_1_357' title='bbox 746 2977 752 2990; x_wconf 93' lang='lat'><strong>.</strong></span> <span class='ocrx_word' id='word_1_358' title='bbox 773 2976 779 2990; x_wconf 94' lang='lat'><strong>.</strong></span> <span class='ocrx_word' id='word_1_359' title='bbox 800 2977 806 2990; x_wconf 91' lang='lat'><strong>.</strong></span> <span class='ocrx_word' id='word_1_360' title='bbox 833 2941 919 3006; x_wconf 82' lang='lat' dir='ltr'><strong>Neque</strong></span> <span class='ocrx_word' id='word_1_361' title='bbox 938 2945 1004 2992; x_wconf 89' lang='lat' dir='ltr'><strong>enim</strong></span> <span class='ocrx_word' id='word_1_362' title='bbox 1022 2959 1125 2994; x_wconf 86' lang='lat' dir='ltr'><strong>neeesse</strong></span> <span class='ocrx_word' id='word_1_363' title='bbox 1144 2951 1193 3004; x_wconf 80' lang='lat' dir='ltr'><strong>est,</strong></span> <span class='ocrx_word' id='word_1_364' title='bbox 1225 2959 1268 2994; x_wconf 83' lang='lat' dir='ltr'><strong>aas</strong></span> <span class='ocrx_word' id='word_1_365' title='bbox 1289 2943 1439 3006; x_wconf 84' lang='lat' dir='ltr'><strong>hypotheses</strong></span> <span class='ocrx_word' id='word_1_366' title='bbox 1465 2955 1520 2992; x_wconf 84' lang='lat' dir='ltr'><strong>esse</strong></span> <span class='ocrx_word' id='word_1_367' title='bbox 1540 2955 1629 2998; x_wconf 82' lang='lat' dir='ltr'><strong>seras.</strong></span> <span class='ocrx_word' id='word_1_368' title='bbox 1657 2942 1706 2988; x_wconf 91' lang='lat' dir='ltr'><strong>imo</strong></span> 
     </span>
     <span class='ocr_line' id='line_1_34' title="bbox 338 3011 1704 3078; baseline -0.003 -14"><span class='ocrx_word' id='word_1_369' title='bbox 338 3029 371 3064; x_wconf 86' lang='lat' dir='ltr'><strong>ue</strong></span> <span class='ocrx_word' id='word_1_370' title='bbox 390 3011 534 3064; x_wconf 80' lang='lat' dir='ltr'><strong>verisimiles</strong></span> <span class='ocrx_word' id='word_1_371' title='bbox 553 3015 665 3078; x_wconf 81' lang='lat' dir='ltr'><strong>quidem,</strong></span> <span class='ocrx_word' id='word_1_372' title='bbox 693 3013 739 3063; x_wconf 86' lang='lat' dir='ltr'><strong>sed</strong></span> <span class='ocrx_word' id='word_1_373' title='bbox 756 3013 862 3071; x_wconf 87' lang='lat' dir='ltr'><strong>sufficit,</strong></span> <span class='ocrx_word' id='word_1_374' title='bbox 888 3016 909 3062; x_wconf 90' lang='lat' dir='ltr'><strong>ai</strong></span> <span class='ocrx_word' id='word_1_375' title='bbox 929 3015 1051 3064; x_wconf 91' lang='lat' dir='ltr'><strong>calculum</strong></span> <span class='ocrx_word' id='word_1_376' title='bbox 1071 3015 1280 3065; x_wconf 86' lang='lat' dir='ltr'><strong>observationibus</strong></span> <span class='ocrx_word' id='word_1_377' title='bbox 1299 3020 1475 3078; x_wconf 78' lang='lat' dir='ltr'><strong>congruentem</strong></span> <span class='ocrx_word' id='word_1_378' title='bbox 1495 3012 1641 3062; x_wconf 85' lang='lat' dir='ltr'><strong>exhibeant.</strong></span> <span class='ocrx_word' id='word_1_379' title='bbox 1656 3045 1663 3059; x_wconf 94' lang='lat'><strong>.</strong></span> <span class='ocrx_word' id='word_1_380' title='bbox 1677 3045 1704 3060; x_wconf 91' lang='lat'><strong>..</strong></span> 
     </span>
     <span class='ocr_line' id='line_1_35' title="bbox 337 3083 1703 3148; baseline -0.006 -11"><span class='ocrx_word' id='word_1_381' title='bbox 337 3085 405 3137; x_wconf 84' lang='lat' dir='ltr'><strong>Satis</strong></span> <span class='ocrx_word' id='word_1_382' title='bbox 423 3091 502 3146; x_wconf 85' lang='lat' dir='ltr'><strong>patet,</strong></span> <span class='ocrx_word' id='word_1_383' title='bbox 522 3086 695 3147; x_wconf 86' lang='lat' dir='ltr'><strong>apparentium</strong></span> <span class='ocrx_word' id='word_1_384' title='bbox 713 3085 879 3148; x_wconf 81' lang='lat' dir='ltr'><strong>inaequalium</strong></span> <span class='ocrx_word' id='word_1_385' title='bbox 898 3092 1008 3134; x_wconf 89' lang='lat' dir='ltr'><strong>motuum</strong></span> <span class='ocrx_word' id='word_1_386' title='bbox 1022 3100 1111 3135; x_wconf 84' lang='lat' dir='ltr'><strong>causas</strong></span> <span class='ocrx_word' id='word_1_387' title='bbox 1131 3089 1306 3136; x_wconf 82' lang='lat' dir='ltr'><strong>astronomiam</strong></span> <span class='ocrx_word' id='word_1_388' title='bbox 1324 3089 1423 3148; x_wconf 88' lang='lat' dir='ltr'><strong>penitus</strong></span> <span class='ocrx_word' id='word_1_389' title='bbox 1438 3090 1464 3134; x_wconf 91' lang='lat' dir='ltr'><strong>et</strong></span> <span class='ocrx_word' id='word_1_390' title='bbox 1476 3083 1622 3146; x_wconf 86' lang='lat' dir='ltr'><strong>simpliciter</strong></span> <span class='ocrx_word' id='word_1_391' title='bbox 1633 3084 1703 3146; x_wconf 91' lang='lat' dir='ltr'><strong>iguo-</strong></span> 
     </span>
     <span class='ocr_line' id='line_1_36' title="bbox 336 3155 1701 3220; baseline -0.003 -14"><span class='ocrx_word' id='word_1_392' title='bbox 336 3171 400 3206; x_wconf 88' lang='lat' dir='ltr'><strong>rare.</strong></span> <span class='ocrx_word' id='word_1_393' title='bbox 438 3157 471 3206; x_wconf 84' lang='lat' dir='ltr'><strong>Et</strong></span> <span class='ocrx_word' id='word_1_394' title='bbox 489 3158 510 3206; x_wconf 94' lang='lat' dir='ltr'><strong>si</strong></span> <span class='ocrx_word' id='word_1_395' title='bbox 528 3169 590 3220; x_wconf 89' lang='lat' dir='ltr'><strong>quas</strong></span> <span class='ocrx_word' id='word_1_396' title='bbox 608 3155 723 3220; x_wconf 87' lang='lat' dir='ltr'><strong>lingendo</strong></span> <span class='ocrx_word' id='word_1_397' title='bbox 742 3157 882 3220; x_wconf 85' lang='lat' dir='ltr'><strong>excogitat,</strong></span> <span class='ocrx_word' id='word_1_398' title='bbox 911 3171 1068 3220; x_wconf 87' lang='lat' dir='ltr'><strong>naquaquam</strong></span> <span class='ocrx_word' id='word_1_399' title='bbox 1087 3165 1171 3206; x_wconf 85' lang='lat' dir='ltr'><strong>tamen</strong></span> <span class='ocrx_word' id='word_1_400' title='bbox 1196 3158 1220 3206; x_wconf 93' lang='lat' dir='ltr'><strong>in</strong></span> <span class='ocrx_word' id='word_1_401' title='bbox 1239 3157 1286 3208; x_wconf 91' lang='lat' dir='ltr'><strong>hoc</strong></span> <span class='ocrx_word' id='word_1_402' title='bbox 1306 3159 1445 3220; x_wconf 85' lang='lat' dir='ltr'><strong>excogitat.</strong></span> <span class='ocrx_word' id='word_1_403' title='bbox 1472 3162 1501 3205; x_wconf 87' lang='lat' dir='ltr'><strong>ut</strong></span> <span class='ocrx_word' id='word_1_404' title='bbox 1518 3156 1557 3204; x_wconf 86' lang='lat' dir='ltr'><strong>ita</strong></span> <span class='ocrx_word' id='word_1_405' title='bbox 1575 3168 1632 3203; x_wconf 81' lang='lat' dir='ltr'><strong>esse</strong></span> <span class='ocrx_word' id='word_1_406' title='bbox 1651 3155 1701 3202; x_wconf 87' lang='lat' dir='ltr'><strong>cui·</strong></span> 
     </span>
     <span class='ocr_line' id='line_1_37' title="bbox 337 3224 1703 3294; baseline -0.004 -16"><span class='ocrx_word' id='word_1_407' title='bbox 337 3241 411 3291; x_wconf 86' lang='lat' dir='ltr'><strong>quam</strong></span> <span class='ocrx_word' id='word_1_408' title='bbox 433 3227 597 3291; x_wconf 86' lang='lat' dir='ltr'><strong>persuadeat,</strong></span> <span class='ocrx_word' id='word_1_409' title='bbox 621 3228 665 3278; x_wconf 90' lang='lat' dir='ltr'><strong>sed</strong></span> <span class='ocrx_word' id='word_1_410' title='bbox 689 3233 787 3276; x_wconf 89' lang='lat' dir='ltr'><strong>tantum</strong></span> <span class='ocrx_word' id='word_1_411' title='bbox 810 3233 837 3276; x_wconf 94' lang='lat' dir='ltr'><strong>ut</strong></span> <span class='ocrx_word' id='word_1_412' title='bbox 857 3227 978 3278; x_wconf 88' lang='lat' dir='ltr'><strong>calculum</strong></span> <span class='ocrx_word' id='word_1_413' title='bbox 1003 3233 1071 3278; x_wconf 88' lang='lat' dir='ltr'><strong>recte</strong></span> <span class='ocrx_word' id='word_1_414' title='bbox 1096 3229 1235 3278; x_wconf 86' lang='lat' dir='ltr'><strong>instituant.</strong></span> <span class='ocrx_word' id='word_1_415' title='bbox 1274 3225 1389 3276; x_wconf 81' lang='lat' dir='ltr'><strong>sinamus</strong></span> <span class='ocrx_word' id='word_1_416' title='bbox 1414 3228 1490 3294; x_wconf 90' lang='lat' dir='ltr'><strong>igitur</strong></span> <span class='ocrx_word' id='word_1_417' title='bbox 1513 3232 1540 3276; x_wconf 91' lang='lat' dir='ltr'><strong>et</strong></span> <span class='ocrx_word' id='word_1_418' title='bbox 1557 3224 1606 3274; x_wconf 85' lang='lat' dir='ltr'><strong>has</strong></span> <span class='ocrx_word' id='word_1_419' title='bbox 1624 3238 1703 3273; x_wconf 80' lang='lat' dir='ltr'><strong>ueras</strong></span> 
     </span>
     <span class='ocr_line' id='line_1_38' title="bbox 335 3295 1704 3364; baseline -0.001 -18"><span class='ocrx_word' id='word_1_420' title='bbox 335 3297 484 3361; x_wconf 81' lang='lat' dir='ltr'><strong>hypotheses</strong></span> <span class='ocrx_word' id='word_1_421' title='bbox 503 3299 567 3348; x_wconf 90' lang='lat' dir='ltr'><strong>inter</strong></span> <span class='ocrx_word' id='word_1_422' title='bbox 585 3303 679 3348; x_wconf 89' lang='lat' dir='ltr'><strong>veteres</strong></span> <span class='ocrx_word' id='word_1_423' title='bbox 697 3298 773 3348; x_wconf 92' lang='lat' dir='ltr'><strong>nihilo</strong></span> <span class='ocrx_word' id='word_1_424' title='bbox 792 3297 970 3348; x_wconf 86' lang='lat' dir='ltr'><strong>verisimiliores</strong></span> <span class='ocrx_word' id='word_1_425' title='bbox 990 3299 1152 3350; x_wconf 86' lang='lat' dir='ltr'><strong>innotescere.</strong></span> <span class='ocrx_word' id='word_1_426' title='bbox 1192 3297 1280 3362; x_wconf 83' lang='lat' dir='ltr'><strong>Neque</strong></span> <span class='ocrx_word' id='word_1_427' title='bbox 1298 3301 1428 3364; x_wconf 86' lang='lat' dir='ltr'><strong>quisquam</strong></span> <span class='ocrx_word' id='word_1_428' title='bbox 1447 3298 1511 3362; x_wconf 93' lang='lat' dir='ltr'><strong>qnod</strong></span> <span class='ocrx_word' id='word_1_429' title='bbox 1531 3296 1565 3345; x_wconf 90' lang='lat' dir='ltr'><strong>ad</strong></span> <span class='ocrx_word' id='word_1_430' title='bbox 1583 3295 1704 3359; x_wconf 86' lang='lat' dir='ltr'><strong>hypothe-</strong></span> 
     </span>
     <span class='ocr_line' id='line_1_39' title="bbox 338 3369 1644 3434; baseline 0.001 -18"><span class='ocrx_word' id='word_1_431' title='bbox 338 3383 378 3418; x_wconf 90' lang='lat' dir='ltr'><strong>ses</strong></span> <span class='ocrx_word' id='word_1_432' title='bbox 397 3370 488 3420; x_wconf 84' lang='lat' dir='ltr'><strong>attinet</strong></span> <span class='ocrx_word' id='word_1_433' title='bbox 505 3369 638 3433; x_wconf 81' lang='lat' dir='ltr'><strong>quidquam</strong></span> <span class='ocrx_word' id='word_1_434' title='bbox 656 3369 717 3420; x_wconf 87' lang='lat' dir='ltr'><strong>certi</strong></span> <span class='ocrx_word' id='word_1_435' title='bbox 736 3370 768 3419; x_wconf 89' lang='lat' dir='ltr'><strong>ab</strong></span> <span class='ocrx_word' id='word_1_436' title='bbox 787 3370 939 3421; x_wconf 72' lang='lat' dir='ltr'><strong>ethonomia</strong></span> <span class='ocrx_word' id='word_1_437' title='bbox 957 3376 1092 3434; x_wconf 81' lang='lat' dir='ltr'><strong>exspectet,</strong></span> <span class='ocrx_word' id='word_1_438' title='bbox 1111 3385 1168 3421; x_wconf 85' lang='lat' dir='ltr'><strong>cunr</strong></span> <span class='ocrx_word' id='word_1_439' title='bbox 1189 3371 1244 3434; x_wconf 89' lang='lat' dir='ltr'><strong>ipsa</strong></span> <span class='ocrx_word' id='word_1_440' title='bbox 1261 3369 1321 3418; x_wconf 91' lang='lat' dir='ltr'><strong>nihil</strong></span> <span class='ocrx_word' id='word_1_441' title='bbox 1339 3371 1392 3420; x_wconf 89' lang='lat' dir='ltr'><strong>tale</strong></span> <span class='ocrx_word' id='word_1_442' title='bbox 1409 3375 1538 3433; x_wconf 84' lang='lat' dir='ltr'><strong>praestare</strong></span> <span class='ocrx_word' id='word_1_443' title='bbox 1556 3373 1644 3432; x_wconf 89' lang='lat' dir='ltr'><strong>queat.</strong></span> 
     </span>
    </p>
   </div>
   <div class='ocr_carea' id='block_1_7' title="bbox 336 3505 1704 4572">
    <p class='ocr_par' dir='ltr' id='par_1_9' title="bbox 336 3505 1704 4572">
     <span class='ocr_line' id='line_1_40' title="bbox 410 3505 1702 3574; baseline 0 -16"><span class='ocrx_word' id='word_1_444' title='bbox 410 3507 457 3572; x_wconf 89' lang='grc'><strong>10)</strong></span> <span class='ocrx_word' id='word_1_445' title='bbox 475 3526 499 3574; x_wconf 84' lang='lat' dir='ltr'><strong>p.</strong></span> <span class='ocrx_word' id='word_1_446' title='bbox 520 3505 580 3558; x_wconf 78' lang='lat'><strong>25³.</strong></span> <span class='ocrx_word' id='word_1_447' title='bbox 617 3508 657 3558; x_wconf 91' lang='lat' dir='ltr'><strong>De</strong></span> <span class='ocrx_word' id='word_1_448' title='bbox 679 3509 868 3573; x_wconf 81' lang='lat' dir='ltr'><strong>Hieronymo</strong></span> <span class='ocrx_word' id='word_1_449' title='bbox 892 3511 1097 3562; x_wconf 87' lang='lat' dir='ltr'><strong>Fracastorio</strong></span> <span class='ocrx_word' id='word_1_450' title='bbox 1123 3511 1186 3562; x_wconf 85' lang='lat' dir='ltr'><strong>haec</strong></span> <span class='ocrx_word' id='word_1_451' title='bbox 1205 3512 1353 3562; x_wconf 87' lang='lat' dir='ltr'><strong>Weidlcrum</strong></span> <span class='ocrx_word' id='word_1_452' title='bbox 1379 3511 1458 3562; x_wconf 91' lang='lat' dir='ltr'><strong>secuti</strong></span> <span class='ocrx_word' id='word_1_453' title='bbox 1483 3516 1609 3560; x_wconf 80' lang='lat' dir='ltr'><strong>notamus</strong></span> <span class='ocrx_word' id='word_1_454' title='bbox 1648 3507 1702 3566; x_wconf 80' lang='lat' dir='ltr'><strong>Mc·</strong></span> 
     </span>
     <span class='ocr_line' id='line_1_41' title="bbox 337 3579 1704 3646; baseline -0.002 -14"><span class='ocrx_word' id='word_1_455' title='bbox 337 3583 421 3639; x_wconf 83' lang='lat' dir='ltr'><strong>dicus,</strong></span> <span class='ocrx_word' id='word_1_456' title='bbox 447 3580 604 3646; x_wconf 90' lang='lat' dir='ltr'><strong>philosophus</strong></span> <span class='ocrx_word' id='word_1_457' title='bbox 631 3586 657 3630; x_wconf 90' lang='lat' dir='ltr'><strong>et</strong></span> <span class='ocrx_word' id='word_1_458' title='bbox 682 3586 756 3643; x_wconf 74' lang='lat' dir='ltr'><strong>poeta</strong></span> <span class='ocrx_word' id='word_1_459' title='bbox 775 3580 925 3632; x_wconf 84' lang='lat' dir='ltr'><strong>Veronensis</strong></span> <span class='ocrx_word' id='word_1_460' title='bbox 954 3580 1022 3644; x_wconf 89' lang='lat' dir='ltr'><strong>(nat.</strong></span> <span class='ocrx_word' id='word_1_461' title='bbox 1047 3597 1071 3632; x_wconf 89' lang='lat' dir='ltr'><strong>a.</strong></span> <span class='ocrx_word' id='word_1_462' title='bbox 1094 3580 1175 3640; x_wconf 78' lang='grc'>1183,</span> <span class='ocrx_word' id='word_1_463' title='bbox 1204 3585 1265 3633; x_wconf 85' lang='lat' dir='ltr'><strong>obiit</strong></span> <span class='ocrx_word' id='word_1_464' title='bbox 1282 3597 1305 3634; x_wconf 86' lang='lat' dir='ltr'><strong>a</strong></span> <span class='ocrx_word' id='word_1_465' title='bbox 1329 3579 1418 3642; x_wconf 82' lang='grc'>1518.)</span> <span class='ocrx_word' id='word_1_466' title='bbox 1442 3582 1531 3630; x_wconf 89' lang='lat' dir='ltr'><strong>librum</strong></span> <span class='ocrx_word' id='word_1_467' title='bbox 1556 3582 1604 3630; x_wconf 86' lang='lat' dir='ltr'><strong>sub</strong></span> <span class='ocrx_word' id='word_1_468' title='bbox 1632 3581 1704 3630; x_wconf 89' lang='lat' dir='ltr'><strong>titulo</strong></span> 
     </span>
     <span class='ocr_line' id='line_1_42' title="bbox 339 3649 1702 3718; baseline -0.003 -14"><span class='ocrx_word' id='word_1_469' title='bbox 339 3653 619 3712; x_wconf 82' lang='lat' dir='ltr'><strong>„Homoeeutrica“</strong></span> <span class='ocrx_word' id='word_1_470' title='bbox 639 3651 717 3702; x_wconf 88' lang='lat' dir='ltr'><strong>edidit</strong></span> <span class='ocrx_word' id='word_1_471' title='bbox 735 3649 839 3712; x_wconf 82' lang='lat' dir='ltr'><strong>(venet.</strong></span> <span class='ocrx_word' id='word_1_472' title='bbox 863 3650 938 3702; x_wconf 79' lang='lat'><strong>¹5³8.</strong></span> <span class='ocrx_word' id='word_1_473' title='bbox 974 3653 1003 3703; x_wconf 93' lang='lat' dir='ltr'><strong>ln</strong></span> <span class='ocrx_word' id='word_1_474' title='bbox 1024 3653 1176 3717; x_wconf 80' lang='lat' dir='ltr'><strong>„Operibus“</strong></span> <span class='ocrx_word' id='word_1_475' title='bbox 1201 3669 1264 3718; x_wconf 86' lang='lat' dir='ltr'><strong>quae</strong></span> <span class='ocrx_word' id='word_1_476' title='bbox 1284 3667 1349 3704; x_wconf 85' lang='lat' dir='ltr'><strong>auno</strong></span> <span class='ocrx_word' id='word_1_477' title='bbox 1369 3650 1435 3701; x_wconf 77' lang='lat'>1591</span> <span class='ocrx_word' id='word_1_478' title='bbox 1459 3653 1576 3717; x_wconf 80' lang='lat' dir='ltr'><strong>Lugduni</strong></span> <span class='ocrx_word' id='word_1_479' title='bbox 1604 3651 1702 3714; x_wconf 86' lang='lat' dir='ltr'><strong>prodia-</strong></span> 
     </span>
     <span class='ocr_line' id='line_1_43' title="bbox 338 3720 1703 3789; baseline -0.003 -15"><span class='ocrx_word' id='word_1_480' title='bbox 338 3730 396 3774; x_wconf 89' lang='lat' dir='ltr'><strong>ruut</strong></span> <span class='ocrx_word' id='word_1_481' title='bbox 414 3729 496 3774; x_wconf 78' lang='lat' dir='ltr'><strong>exstat</strong></span> <span class='ocrx_word' id='word_1_482' title='bbox 513 3724 555 3773; x_wconf 90' lang='lat' dir='ltr'><strong>ille</strong></span> <span class='ocrx_word' id='word_1_483' title='bbox 572 3727 697 3774; x_wconf 87' lang='lat' dir='ltr'><strong>tractatus</strong></span> <span class='ocrx_word' id='word_1_484' title='bbox 715 3729 781 3772; x_wconf 87' lang='lat' dir='ltr'><strong>torno</strong></span> <span class='ocrx_word' id='word_1_485' title='bbox 800 3720 855 3784; x_wconf 90' lang='grc' dir='ltr'>ΙΙ.).</span> <span class='ocrx_word' id='word_1_486' title='bbox 894 3723 988 3789; x_wconf 84' lang='lat' dir='ltr'><strong>Scopas</strong></span> <span class='ocrx_word' id='word_1_487' title='bbox 1012 3727 1065 3787; x_wconf 85' lang='lat' dir='ltr'><strong>ejus</strong></span> <span class='ocrx_word' id='word_1_488' title='bbox 1084 3733 1123 3776; x_wconf 88' lang='lat' dir='ltr'><strong>est</strong></span> <span class='ocrx_word' id='word_1_489' title='bbox 1147 3724 1232 3775; x_wconf 89' lang='lat' dir='ltr'><strong>tollere</strong></span> <span class='ocrx_word' id='word_1_490' title='bbox 1252 3725 1355 3776; x_wconf 88' lang='lat' dir='ltr'><strong>circulos</strong></span> <span class='ocrx_word' id='word_1_491' title='bbox 1373 3723 1530 3787; x_wconf 87' lang='lat' dir='ltr'><strong>planetarum</strong></span> <span class='ocrx_word' id='word_1_492' title='bbox 1550 3723 1703 3772; x_wconf 84' lang='lat' dir='ltr'><strong>cccentu&#39;cus</strong></span> 
     </span>
     <span class='ocr_line' id='line_1_44' title="bbox 338 3793 1700 3860; baseline -0.001 -16"><span class='ocrx_word' id='word_1_493' title='bbox 338 3801 365 3845; x_wconf 92' lang='lat' dir='ltr'><strong>et</strong></span> <span class='ocrx_word' id='word_1_494' title='bbox 382 3807 426 3857; x_wconf 87' lang='lat' dir='ltr'><strong>per</strong></span> <span class='ocrx_word' id='word_1_495' title='bbox 443 3793 638 3844; x_wconf 87' lang='lat' dir='ltr'><strong>homocentricos</strong></span> <span class='ocrx_word' id='word_1_496' title='bbox 662 3808 747 3842; x_wconf 88' lang='lat' dir='ltr'><strong>omues</strong></span> <span class='ocrx_word' id='word_1_497' title='bbox 765 3803 846 3844; x_wconf 87' lang='lat' dir='ltr'><strong>motus</strong></span> <span class='ocrx_word' id='word_1_498' title='bbox 864 3795 984 3844; x_wconf 86' lang='lat' dir='ltr'><strong>coelestes</strong></span> <span class='ocrx_word' id='word_1_499' title='bbox 1003 3796 1133 3858; x_wconf 79' lang='lat' dir='ltr'><strong>explicare.</strong></span> <span class='ocrx_word' id='word_1_500' title='bbox 1172 3796 1244 3856; x_wconf 83' lang='lat' dir='ltr'><strong>Quod</strong></span> <span class='ocrx_word' id='word_1_501' title='bbox 1266 3803 1295 3845; x_wconf 89' lang='grc' dir='ltr'><strong>ιιι</strong></span> <span class='ocrx_word' id='word_1_502' title='bbox 1317 3796 1412 3846; x_wconf 80' lang='lat' dir='ltr'><strong>eliciat</strong></span> <span class='ocrx_word' id='word_1_503' title='bbox 1436 3796 1509 3860; x_wconf 84' lang='lat' dir='ltr'><strong>fingit</strong></span> <span class='ocrx_word' id='word_1_504' title='bbox 1529 3795 1700 3854; x_wconf 79' lang='lat' dir='ltr'><strong>„circitorem“</strong></span> 
     </span>
     <span class='ocr_line' id='line_1_45' title="bbox 337 3865 1703 3930; baseline -0.001 -16"><span class='ocrx_word' id='word_1_505' title='bbox 337 3865 443 3928; x_wconf 79' lang='lat' dir='ltr'><strong>aliquem</strong></span> <span class='ocrx_word' id='word_1_506' title='bbox 466 3865 561 3915; x_wconf 90' lang='lat' dir='ltr'><strong>duobus</strong></span> <span class='ocrx_word' id='word_1_507' title='bbox 584 3865 691 3914; x_wconf 85' lang='lat' dir='ltr'><strong>motibus</strong></span> <span class='ocrx_word' id='word_1_508' title='bbox 708 3866 862 3928; x_wconf 84' lang='lat' dir='ltr'><strong>praeditum,</strong></span> <span class='ocrx_word' id='word_1_509' title='bbox 887 3881 988 3930; x_wconf 88' lang='lat' dir='ltr'><strong>quorum</strong></span> <span class='ocrx_word' id='word_1_510' title='bbox 1008 3866 1071 3918; x_wconf 88' lang='lat' dir='ltr'><strong>alter</strong></span> <span class='ocrx_word' id='word_1_511' title='bbox 1095 3881 1111 3916; x_wconf 87' lang='lat' dir='ltr'><strong>a</strong></span> <span class='ocrx_word' id='word_1_512' title='bbox 1130 3868 1329 3918; x_wconf 85' lang='lat' dir='ltr'><strong>circumducente</strong></span> <span class='ocrx_word' id='word_1_513' title='bbox 1348 3867 1441 3930; x_wconf 89' lang='lat' dir='ltr'><strong>pendet</strong></span> <span class='ocrx_word' id='word_1_514' title='bbox 1464 3879 1511 3930; x_wconf 84' lang='lat' dir='ltr'><strong>que</strong></span> <span class='ocrx_word' id='word_1_515' title='bbox 1531 3867 1703 3916; x_wconf 75' lang='lat' dir='ltr'><strong>circumfertur</strong></span> 
     </span>
     <span class='ocr_line' id='line_1_46' title="bbox 337 3934 1703 4003; baseline 0 -19"><span class='ocrx_word' id='word_1_516' title='bbox 337 3934 440 3998; x_wconf 89' lang='lat' dir='ltr'><strong>planeta</strong></span> <span class='ocrx_word' id='word_1_517' title='bbox 463 3937 488 3985; x_wconf 93' lang='lat' dir='ltr'><strong>iu</strong></span> <span class='ocrx_word' id='word_1_518' title='bbox 512 3935 683 3986; x_wconf 82' lang='lat' dir='ltr'><strong>latitudinem.</strong></span> <span class='ocrx_word' id='word_1_519' title='bbox 711 3935 775 3985; x_wconf 85' lang='lat' dir='ltr'><strong>alter</strong></span> <span class='ocrx_word' id='word_1_520' title='bbox 800 3938 909 4000; x_wconf 91' lang='lat' dir='ltr'><strong>proprius</strong></span> <span class='ocrx_word' id='word_1_521' title='bbox 934 3943 1037 4002; x_wconf 85' lang='lat' dir='ltr'><strong>estque</strong></span> <span class='ocrx_word' id='word_1_522' title='bbox 1060 3939 1198 3988; x_wconf 85' lang='lat' dir='ltr'><strong>successive</strong></span> <span class='ocrx_word' id='word_1_523' title='bbox 1226 3939 1329 4003; x_wconf 90' lang='lat' dir='ltr'><strong>planeta</strong></span> <span class='ocrx_word' id='word_1_524' title='bbox 1353 3940 1378 3986; x_wconf 90' lang='lat' dir='ltr'><strong>in</strong></span> <span class='ocrx_word' id='word_1_525' title='bbox 1397 3939 1511 4001; x_wconf 85' lang='lat' dir='ltr'><strong>opposita</strong></span> <span class='ocrx_word' id='word_1_526' title='bbox 1529 3945 1660 3987; x_wconf 83' lang='lat' dir='ltr'><strong>moveatur</strong></span> <span class='ocrx_word' id='word_1_527' title='bbox 1677 3944 1703 3986; x_wconf 90' lang='lat' dir='ltr'><strong>et</strong></span> 
     </span>
     <span class='ocr_line' id='line_1_47' title="bbox 339 4006 1702 4074; baseline 0.001 -19"><span class='ocrx_word' id='word_1_528' title='bbox 339 4007 504 4069; x_wconf 88' lang='lat' dir='ltr'><strong>trepidatione</strong></span> <span class='ocrx_word' id='word_1_529' title='bbox 522 4006 631 4071; x_wconf 86' lang='lat' dir='ltr'><strong>quadam</strong></span> <span class='ocrx_word' id='word_1_530' title='bbox 648 4007 755 4066; x_wconf 82' lang='lat' dir='ltr'><strong>leretur,</strong></span> <span class='ocrx_word' id='word_1_531' title='bbox 781 4008 847 4057; x_wconf 89' lang='lat' dir='ltr'><strong>unde</strong></span> <span class='ocrx_word' id='word_1_532' title='bbox 867 4009 972 4073; x_wconf 88' lang='lat' dir='ltr'><strong>apogaei</strong></span> <span class='ocrx_word' id='word_1_533' title='bbox 998 4015 1024 4058; x_wconf 85' lang='lat' dir='ltr'><strong>et</strong></span> <span class='ocrx_word' id='word_1_534' title='bbox 1041 4010 1151 4074; x_wconf 89' lang='lat' dir='ltr'><strong>perigasi</strong></span> <span class='ocrx_word' id='word_1_535' title='bbox 1169 4011 1273 4060; x_wconf 81' lang='lat' dir='ltr'><strong>variatio</strong></span> <span class='ocrx_word' id='word_1_536' title='bbox 1292 4011 1411 4074; x_wconf 89' lang='lat' dir='ltr'><strong>originem</strong></span> <span class='ocrx_word' id='word_1_537' title='bbox 1432 4009 1534 4058; x_wconf 85' lang='lat' dir='ltr'><strong>habeat.</strong></span> <span class='ocrx_word' id='word_1_538' title='bbox 1571 4007 1627 4058; x_wconf 86' lang='lat' dir='ltr'><strong>Peli</strong></span> <span class='ocrx_word' id='word_1_539' title='bbox 1645 4022 1702 4056; x_wconf 83' lang='lat' dir='ltr'><strong>vero</strong></span> 
     </span>
     <span class='ocr_line' id='line_1_48' title="bbox 339 4077 1702 4136; baseline 0.001 -11"><span class='ocrx_word' id='word_1_540' title='bbox 339 4077 404 4126; x_wconf 89' lang='lat' dir='ltr'><strong>orbis</strong></span> <span class='ocrx_word' id='word_1_541' title='bbox 423 4078 572 4128; x_wconf 71' lang='lat' dir='ltr'><strong>conuarecti</strong></span> <span class='ocrx_word' id='word_1_542' title='bbox 596 4091 612 4127; x_wconf 89' lang='lat' dir='ltr'><strong>a</strong></span> <span class='ocrx_word' id='word_1_543' title='bbox 632 4079 776 4135; x_wconf 80' lang='lat' dir='ltr'><strong>„circitore“</strong></span> <span class='ocrx_word' id='word_1_544' title='bbox 801 4079 837 4128; x_wconf 87' lang='lat' dir='ltr'><strong>sic</strong></span> <span class='ocrx_word' id='word_1_545' title='bbox 856 4085 997 4136; x_wconf 87' lang='lat' dir='ltr'><strong>moventur,</strong></span> <span class='ocrx_word' id='word_1_546' title='bbox 1024 4095 1074 4130; x_wconf 90' lang='lat' dir='ltr'><strong>uon</strong></span> <span class='ocrx_word' id='word_1_547' title='bbox 1097 4087 1125 4130; x_wconf 88' lang='grc' dir='ltr'><strong>ιιι</strong></span> <span class='ocrx_word' id='word_1_548' title='bbox 1149 4080 1252 4132; x_wconf 87' lang='lat' dir='ltr'><strong>circulus</strong></span> <span class='ocrx_word' id='word_1_549' title='bbox 1275 4081 1371 4130; x_wconf 85' lang='lat' dir='ltr'><strong>iaciant</strong></span> <span class='ocrx_word' id='word_1_550' title='bbox 1392 4081 1417 4128; x_wconf 95' lang='lat' dir='ltr'><strong>in</strong></span> <span class='ocrx_word' id='word_1_551' title='bbox 1435 4094 1462 4128; x_wconf 88' lang='lat' dir='ltr'><strong>se</strong></span> <span class='ocrx_word' id='word_1_552' title='bbox 1481 4079 1630 4129; x_wconf 87' lang='lat' dir='ltr'><strong>redeuntes.</strong></span> <span class='ocrx_word' id='word_1_553' title='bbox 1658 4077 1702 4127; x_wconf 85' lang='lat' dir='ltr'><strong>ssd</strong></span> 
     </span>
     <span class='ocr_line' id='line_1_49' title="bbox 336 4146 1701 4216; baseline 0 -18"><span class='ocrx_word' id='word_1_554' title='bbox 336 4146 429 4198; x_wconf 89' lang='lat' dir='ltr'><strong>helices</strong></span> <span class='ocrx_word' id='word_1_555' title='bbox 448 4151 528 4213; x_wconf 88' lang='lat' dir='ltr'><strong>magis</strong></span> <span class='ocrx_word' id='word_1_556' title='bbox 547 4155 574 4198; x_wconf 91' lang='lat' dir='ltr'><strong>et</strong></span> <span class='ocrx_word' id='word_1_557' title='bbox 591 4149 718 4200; x_wconf 90' lang='lat' dir='ltr'><strong>umbilicos</strong></span> <span class='ocrx_word' id='word_1_558' title='bbox 737 4147 783 4198; x_wconf 79' lang='lat' dir='ltr'><strong>dte.</strong></span> <span class='ocrx_word' id='word_1_559' title='bbox 819 4149 915 4200; x_wconf 88' lang='lat' dir='ltr'><strong>Motum</strong></span> <span class='ocrx_word' id='word_1_560' title='bbox 937 4148 1004 4200; x_wconf 90' lang='lat' dir='ltr'><strong>huuc</strong></span> <span class='ocrx_word' id='word_1_561' title='bbox 1024 4151 1256 4214; x_wconf 80' lang='lat' dir='ltr'><strong>„tripudiatiouem“</strong></span> <span class='ocrx_word' id='word_1_562' title='bbox 1276 4150 1469 4216; x_wconf 89' lang='lat' dir='ltr'><strong>nuncupandum</strong></span> <span class='ocrx_word' id='word_1_563' title='bbox 1492 4157 1588 4200; x_wconf 85' lang='lat' dir='ltr'><strong>censet.</strong></span> <span class='ocrx_word' id='word_1_564' title='bbox 1627 4149 1701 4200; x_wconf 85' lang='lat' dir='ltr'><strong>Hanc</strong></span> 
     </span>
     <span class='ocr_line' id='line_1_50' title="bbox 337 4219 1700 4286; baseline 0.001 -18"><span class='ocrx_word' id='word_1_565' title='bbox 337 4219 485 4284; x_wconf 78' lang='lat' dir='ltr'><strong>hypothesin</strong></span> <span class='ocrx_word' id='word_1_566' title='bbox 503 4220 606 4285; x_wconf 88' lang='lat' dir='ltr'><strong>singulis</strong></span> <span class='ocrx_word' id='word_1_567' title='bbox 624 4221 731 4270; x_wconf 88' lang='lat' dir='ltr'><strong>motibus</strong></span> <span class='ocrx_word' id='word_1_568' title='bbox 749 4220 905 4284; x_wconf 86' lang='lat' dir='ltr'><strong>planetarum</strong></span> <span class='ocrx_word' id='word_1_569' title='bbox 924 4229 949 4271; x_wconf 88' lang='lat' dir='ltr'><strong>et</strong></span> <span class='ocrx_word' id='word_1_570' title='bbox 967 4221 1071 4272; x_wconf 84' lang='lat' dir='ltr'><strong>fixarum</strong></span> <span class='ocrx_word' id='word_1_571' title='bbox 1083 4223 1256 4274; x_wconf 87' lang='lat' dir='ltr'><strong>accommodat</strong></span> <span class='ocrx_word' id='word_1_572' title='bbox 1274 4229 1300 4272; x_wconf 92' lang='lat' dir='ltr'><strong>et</strong></span> <span class='ocrx_word' id='word_1_573' title='bbox 1313 4222 1434 4286; x_wconf 90' lang='lat' dir='ltr'><strong>quomodo</strong></span> <span class='ocrx_word' id='word_1_574' title='bbox 1447 4222 1632 4271; x_wconf 80' lang='lat' dir='ltr'><strong>ohservationes</strong></span> <span class='ocrx_word' id='word_1_575' title='bbox 1645 4235 1700 4271; x_wconf 88' lang='lat' dir='ltr'><strong>anm</strong></span> 
     </span>
     <span class='ocr_line' id='line_1_51' title="bbox 337 4289 1699 4356; baseline 0.001 -17"><span class='ocrx_word' id='word_1_576' title='bbox 337 4289 382 4340; x_wconf 85' lang='lat' dir='ltr'><strong>illa</strong></span> <span class='ocrx_word' id='word_1_577' title='bbox 403 4291 553 4342; x_wconf 83' lang='lat' dir='ltr'><strong>conveniant</strong></span> <span class='ocrx_word' id='word_1_578' title='bbox 576 4297 714 4340; x_wconf 83' lang='lat' dir='ltr'><strong>monstrare</strong></span> <span class='ocrx_word' id='word_1_579' title='bbox 732 4293 826 4341; x_wconf 89' lang='lat' dir='ltr'><strong>nititur.</strong></span> <span class='ocrx_word' id='word_1_580' title='bbox 863 4293 935 4343; x_wconf 86' lang='lat' dir='ltr'><strong>Haec</strong></span> <span class='ocrx_word' id='word_1_581' title='bbox 954 4300 1109 4351; x_wconf 83' lang='lat' dir='ltr'><strong>commenta.</strong></span> <span class='ocrx_word' id='word_1_582' title='bbox 1135 4294 1205 4343; x_wconf 91' lang='lat' dir='ltr'><strong>addit</strong></span> <span class='ocrx_word' id='word_1_583' title='bbox 1222 4295 1373 4350; x_wconf 84' lang='lat' dir='ltr'><strong>Weidlerns,</strong></span> <span class='ocrx_word' id='word_1_584' title='bbox 1399 4293 1562 4344; x_wconf 86' lang='lat' dir='ltr'><strong>Thebitianas</strong></span> <span class='ocrx_word' id='word_1_585' title='bbox 1580 4292 1699 4356; x_wconf 84' lang='lat' dir='ltr'><strong>quodam·</strong></span> 
     </span>
     <span class='ocr_line' id='line_1_52' title="bbox 338 4361 1699 4429; baseline -0.001 -17"><span class='ocrx_word' id='word_1_586' title='bbox 338 4362 411 4412; x_wconf 83' lang='lat' dir='ltr'><strong>modo</strong></span> <span class='ocrx_word' id='word_1_587' title='bbox 429 4361 528 4412; x_wconf 84' lang='lat' dir='ltr'><strong>lahulas</strong></span> <span class='ocrx_word' id='word_1_588' title='bbox 546 4363 659 4425; x_wconf 83' lang='lat' dir='ltr'><strong>sapiunt,</strong></span> <span class='ocrx_word' id='word_1_589' title='bbox 683 4363 716 4412; x_wconf 88' lang='lat' dir='ltr'><strong>ad</strong></span> <span class='ocrx_word' id='word_1_590' title='bbox 733 4362 835 4412; x_wconf 82' lang='lat' dir='ltr'><strong>ineundi</strong></span> <span class='ocrx_word' id='word_1_591' title='bbox 853 4364 941 4414; x_wconf 88' lang='lat' dir='ltr'><strong>calculi</strong></span> <span class='ocrx_word' id='word_1_592' title='bbox 958 4365 1068 4414; x_wconf 88' lang='lat' dir='ltr'><strong>rationes</strong></span> <span class='ocrx_word' id='word_1_593' title='bbox 1086 4366 1172 4429; x_wconf 88' lang='lat' dir='ltr'><strong>inepta</strong></span> <span class='ocrx_word' id='word_1_594' title='bbox 1189 4372 1255 4415; x_wconf 88' lang='lat' dir='ltr'><strong>sunt.</strong></span> <span class='ocrx_word' id='word_1_595' title='bbox 1291 4365 1401 4416; x_wconf 89' lang='lat' dir='ltr'><strong>Iuliciari</strong></span> <span class='ocrx_word' id='word_1_596' title='bbox 1418 4371 1504 4414; x_wconf 87' lang='lat' dir='ltr'><strong>tamen</strong></span> <span class='ocrx_word' id='word_1_597' title='bbox 1523 4378 1573 4413; x_wconf 88' lang='lat' dir='ltr'><strong>non</strong></span> <span class='ocrx_word' id='word_1_598' title='bbox 1591 4377 1699 4428; x_wconf 82' lang='lat' dir='ltr'><strong>possum.</strong></span> 
     </span>
     <span class='ocr_line' id='line_1_53' title="bbox 338 4433 1697 4502; baseline -0.001 -18"><span class='ocrx_word' id='word_1_599' title='bbox 338 4447 369 4484; x_wconf 83' lang='lat' dir='ltr'><strong>ex</strong></span> <span class='ocrx_word' id='word_1_600' title='bbox 386 4439 440 4483; x_wconf 91' lang='lat' dir='ltr'><strong>toto</strong></span> <span class='ocrx_word' id='word_1_601' title='bbox 458 4433 521 4483; x_wconf 87' lang='lat' dir='ltr'><strong>libro</strong></span> <span class='ocrx_word' id='word_1_602' title='bbox 538 4433 653 4483; x_wconf 77' lang='lat' dir='ltr'><strong>foecundi</strong></span> <span class='ocrx_word' id='word_1_603' title='bbox 671 4433 820 4485; x_wconf 83' lang='lat' dir='ltr'><strong>Fracsstorii</strong></span> <span class='ocrx_word' id='word_1_604' title='bbox 838 4435 932 4500; x_wconf 85' lang='lat' dir='ltr'><strong>ingenii</strong></span> <span class='ocrx_word' id='word_1_605' title='bbox 949 4435 1096 4486; x_wconf 84' lang='lat' dir='ltr'><strong>facultatem</strong></span> <span class='ocrx_word' id='word_1_606' title='bbox 1114 4437 1211 4488; x_wconf 85' lang='lat' dir='ltr'><strong>elusere</strong></span> <span class='ocrx_word' id='word_1_607' title='bbox 1229 4437 1416 4502; x_wconf 86' lang='lat' dir='ltr'><strong>solertiamque.</strong></span> <span class='ocrx_word' id='word_1_608' title='bbox 1444 4450 1518 4500; x_wconf 90' lang='lat' dir='ltr'><strong>quam</strong></span> <span class='ocrx_word' id='word_1_609' title='bbox 1539 4437 1565 4484; x_wconf 91' lang='lat' dir='ltr'><strong>iu</strong></span> <span class='ocrx_word' id='word_1_610' title='bbox 1584 4435 1697 4484; x_wconf 79' lang='lat' dir='ltr'><strong>observa-</strong></span> 
     </span>
     <span class='ocr_line' id='line_1_54' title="bbox 338 4505 1638 4572; baseline -0.001 -16"><span class='ocrx_word' id='word_1_611' title='bbox 338 4505 458 4564; x_wconf 85' lang='lat' dir='ltr'><strong>tionibns‚</strong></span> <span class='ocrx_word' id='word_1_612' title='bbox 477 4518 580 4570; x_wconf 84' lang='lat' dir='ltr'><strong>quarum</strong></span> <span class='ocrx_word' id='word_1_613' title='bbox 599 4507 750 4556; x_wconf 85' lang='lat' dir='ltr'><strong>mentionem</strong></span> <span class='ocrx_word' id='word_1_614' title='bbox 768 4505 854 4568; x_wconf 77' lang='lat' dir='ltr'><strong>injicit,</strong></span> <span class='ocrx_word' id='word_1_615' title='bbox 873 4506 1031 4556; x_wconf 85' lang='lat' dir='ltr'><strong>instituendis</strong></span> <span class='ocrx_word' id='word_1_616' title='bbox 1048 4507 1169 4566; x_wconf 84' lang='lat' dir='ltr'><strong>adhibuit,</strong></span> <span class='ocrx_word' id='word_1_617' title='bbox 1188 4521 1234 4558; x_wconf 87' lang='lat' dir='ltr'><strong>sua</strong></span> <span class='ocrx_word' id='word_1_618' title='bbox 1251 4507 1324 4558; x_wconf 90' lang='lat' dir='ltr'><strong>laude</strong></span> <span class='ocrx_word' id='word_1_619' title='bbox 1342 4508 1486 4572; x_wconf 87' lang='lat' dir='ltr'><strong>privandam</strong></span> <span class='ocrx_word' id='word_1_620' title='bbox 1503 4522 1554 4556; x_wconf 88' lang='lat' dir='ltr'><strong>non</strong></span> <span class='ocrx_word' id='word_1_621' title='bbox 1573 4521 1638 4556; x_wconf 83' lang='lat' dir='ltr'><strong>esse.</strong></span> 
     </span>
    </p>
   </div>
   <div class='ocr_carea' id='block_1_8' title="bbox 337 4642 1696 4858">
    <p class='ocr_par' dir='ltr' id='par_1_10' title="bbox 337 4642 1696 4858">
     <span class='ocr_line' id='line_1_55' title="bbox 411 4642 1696 4712; baseline 0.001 -16"><span class='ocrx_word' id='word_1_622' title='bbox 411 4645 455 4707; x_wconf 92' lang='grc'><strong>11)</strong></span> <span class='ocrx_word' id='word_1_623' title='bbox 473 4661 498 4710; x_wconf 89' lang='lat' dir='ltr'><strong>p.</strong></span> <span class='ocrx_word' id='word_1_624' title='bbox 513 4642 572 4696; x_wconf 80' lang='lat'><strong>254.</strong></span> <span class='ocrx_word' id='word_1_625' title='bbox 604 4645 790 4697; x_wconf 82' lang='lat' dir='ltr'><strong>Weldlarus</strong></span> <span class='ocrx_word' id='word_1_626' title='bbox 801 4643 878 4708; x_wconf 80' lang='lat' dir='ltr'><strong>(ffist.</strong></span> <span class='ocrx_word' id='word_1_627' title='bbox 893 4647 959 4696; x_wconf 76' lang='lat' dir='ltr'><strong>Astr.</strong></span> <span class='ocrx_word' id='word_1_628' title='bbox 972 4663 996 4712; x_wconf 92' lang='lat' dir='ltr'><strong>p.</strong></span> <span class='ocrx_word' id='word_1_629' title='bbox 1013 4644 1068 4709; x_wconf 81' lang='grc'>68.)</span> <span class='ocrx_word' id='word_1_630' title='bbox 1081 4651 1166 4700; x_wconf 79' lang='lat' dir='ltr'><strong>refert:</strong></span> <span class='ocrx_word' id='word_1_631' title='bbox 1188 4650 1259 4710; x_wconf 82' lang='lat' dir='ltr'><strong>Quod</strong></span> <span class='ocrx_word' id='word_1_632' title='bbox 1273 4651 1363 4701; x_wconf 77' lang='lat' dir='ltr'><strong>Graeci</strong></span> <span class='ocrx_word' id='word_1_633' title='bbox 1381 4655 1474 4698; x_wconf 89' lang='lat' dir='ltr'><strong>motum</strong></span> <span class='ocrx_word' id='word_1_634' title='bbox 1487 4648 1551 4698; x_wconf 85' lang='lat' dir='ltr'><strong>Solis</strong></span> <span class='ocrx_word' id='word_1_635' title='bbox 1565 4648 1696 4704; x_wconf 81' lang='lat' dir='ltr'><strong>athanas,</strong></span> 
     </span>
     <span class='ocr_line' id='line_1_56' title="bbox 338 4718 1696 4782; baseline 0 -14"><span class='ocrx_word' id='word_1_636' title='bbox 338 4718 460 4782; x_wconf 83' lang='lat' dir='ltr'><strong>adquam</strong></span> <span class='ocrx_word' id='word_1_637' title='bbox 479 4732 574 4768; x_wconf 73' lang='lat' dir='ltr'><strong>nuum</strong></span> <span class='ocrx_word' id='word_1_638' title='bbox 593 4732 664 4768; x_wconf 89' lang='lat' dir='ltr'><strong>suum</strong></span> <span class='ocrx_word' id='word_1_639' title='bbox 683 4719 831 4768; x_wconf 77' lang='lat' dir='ltr'><strong>conformem</strong></span> <span class='ocrx_word' id='word_1_640' title='bbox 850 4719 996 4782; x_wconf 83' lang='lat' dir='ltr'><strong>cupiebant,</strong></span> <span class='ocrx_word' id='word_1_641' title='bbox 1024 4719 1126 4771; x_wconf 84' lang='lat' dir='ltr'><strong>Homeri</strong></span> <span class='ocrx_word' id='word_1_642' title='bbox 1146 4729 1172 4771; x_wconf 89' lang='lat' dir='ltr'><strong>et</strong></span> <span class='ocrx_word' id='word_1_643' title='bbox 1188 4723 1291 4772; x_wconf 84' lang='lat' dir='ltr'><strong>Hesiodi</strong></span> <span class='ocrx_word' id='word_1_644' title='bbox 1311 4727 1395 4771; x_wconf 85' lang='lat' dir='ltr'><strong>aetate</strong></span> <span class='ocrx_word' id='word_1_645' title='bbox 1420 4720 1460 4771; x_wconf 85' lang='lat' dir='ltr'><strong>vel</strong></span> <span class='ocrx_word' id='word_1_646' title='bbox 1478 4719 1547 4771; x_wconf 83' lang='lat' dir='ltr'><strong>hand</strong></span> <span class='ocrx_word' id='word_1_647' title='bbox 1565 4721 1603 4770; x_wconf 86' lang='lat' dir='ltr'><strong>ita</strong></span> <span class='ocrx_word' id='word_1_648' title='bbox 1621 4719 1696 4768; x_wconf 87' lang='lat' dir='ltr'><strong>multe</strong></span> 
     </span>
     <span class='ocr_line' id='line_1_57' title="bbox 337 4787 1694 4858; baseline 0.001 -20"><span class='ocrx_word' id='word_1_649' title='bbox 337 4794 394 4852; x_wconf 85' lang='lat' dir='ltr'><strong>post</strong></span> <span class='ocrx_word' id='word_1_650' title='bbox 411 4803 462 4840; x_wconf 87' lang='lat' dir='ltr'><strong>nea</strong></span> <span class='ocrx_word' id='word_1_651' title='bbox 480 4790 560 4840; x_wconf 88' lang='lat' dir='ltr'><strong>obiter</strong></span> <span class='ocrx_word' id='word_1_652' title='bbox 576 4789 727 4852; x_wconf 89' lang='lat' dir='ltr'><strong>propositum</strong></span> <span class='ocrx_word' id='word_1_653' title='bbox 744 4787 889 4848; x_wconf 83' lang='lat' dir='ltr'><strong>habuerint,</strong></span> <span class='ocrx_word' id='word_1_654' title='bbox 919 4790 1142 4856; x_wconf 73' lang='lat' dir='ltr'><strong>Olympiadem</strong></span> <span class='ocrx_word' id='word_1_655' title='bbox 1167 4795 1277 4844; x_wconf 78' lang='lat' dir='ltr'><strong>inventio</strong></span> <span class='ocrx_word' id='word_1_656' title='bbox 1296 4799 1322 4844; x_wconf 88' lang='lat' dir='ltr'><strong>at</strong></span> <span class='ocrx_word' id='word_1_657' title='bbox 1339 4807 1398 4843; x_wconf 87' lang='lat' dir='ltr'><strong>usus</strong></span> <span class='ocrx_word' id='word_1_658' title='bbox 1415 4793 1512 4858; x_wconf 83' lang='lat' dir='ltr'><strong>probat</strong></span> <span class='ocrx_word' id='word_1_659' title='bbox 1540 4790 1627 4842; x_wconf 86' lang='lat' dir='ltr'><strong>Prima</strong></span> <span class='ocrx_word' id='word_1_660' title='bbox 1644 4792 1694 4855; x_wconf 89' lang='lat' dir='ltr'><strong>qui·</strong></span> 
     </span>
    </p>
   </div>
   <div class='ocr_carea' id='block_1_9' title="bbox 0 0 1842 5528">
    <p class='ocr_par' dir='ltr' id='par_1_11' title="bbox 0 0 1842 5528">
     <span class='ocr_line' id='line_1_58' title="bbox 0 0 1842 5528; baseline 0 0"><span class='ocrx_word' id='word_1_661' title='bbox 0 0 1842 5528; x_wconf 95' lang='lat' dir='ltr'><strong> </strong></span> 
     </span>
    </p>
   </div>
  </div>
 </body>
</html>
