3586 5518
646 1229 932 1309 PRAEFATIO
959 1229 1028 1304 en
1055 1229 1322 1306 merom.

920 1439 1050 1456 -u--e-v

393 1581 586 1662 Propositum
601 1591 649 1650 est
663 1583 749 1657 mibi,
766 1585 874 1658 leem,
900 1583 956 1649 hoc
972 1584 1073 1648 libello
1088 1585 1312 1659 demonstrare,
1328 1584 1409 1663 quod
1425 1581 1557 1652 Creator
1573 1581 1670 1662 Opti-

304 1689 371 1734 mus
394 1671 559 1748 Maximus,
593 1673 622 1738 iu
647 1673 799 1740 creatione
833 1673 935 1742 muudi
958 1673 1046 1753 hujus
1074 1673 1193 1746 mobilis
1222 1681 1255 1736 et
1285 1671 1485 1750 dispositione
1514 1672 1670 1737 coelorum

305 1761 345 1822 ad
374 1759 428 1827 ille
456 1762 585 1840 quinque
614 1761 765 1840 regularia
792 1779 932 1840 cerpcra,
967 1761 1035 1824 inde
1065 1779 1085 1822 a
1115 1762 1291 1844 Pythagora
1323 1767 1355 1822 et
1381 1760 1511 1826 Platane
1543 1760 1585 1822 ad
1611 1778 1670 1823 noa

304 1867 399 1928 usque
423 1849 679 1924 celebratissima,
704 1850 886 1930 respexerit,
911 1859 1003 1930 atque
1027 1849 1066 1914 ad
1090 1849 1206 1915 illorum
1230 1856 1369 1913 naturam
1388 1848 1542 1918 coelorum
1557 1868 1668 1914 nnme-

304 1955 384 2013 rntn,
408 1939 635 2018 proportiones,
670 1947 701 2002 et
716 1946 856 2010 *luctuum
880 1939 1028 2008 rationem
1053 1938 1367 2010 commendaverim)
1415 1935 1479 2001 Sed
1500 1944 1669 2017 antequam

305 2033 336 2089 te
361 2026 398 2088 ad
422 2046 486 2090 rem
510 2027 607 2106 ipsam
630 2028 734 2090 venire
757 2027 873 2107 patiar,
900 2047 966 2097 cum
990 2028 1027 2088 de
1051 2027 1209 2098 occasione
1233 2027 1319 2108 hujus
1346 2025 1443 2100 libelli
1471 2034 1535 2088 tum
1560 2026 1596 2087 de
1613 2045 1668 2088 ra-

304 2113 386 2180 tione
410 2113 468 2176 mei
492 2115 624 2180 instituti
656 2117 759 2196 aliqua
789 2124 889 2182 tecum
921 2135 1025 2195 agam,
1060 2134 1136 2196 quae
1169 2123 1201 2176 et
1229 2115 1268 2178 ad
1297 2124 1378 2179 tuum
1412 2115 1603 2179 intellectum
1636 2121 1670 2174 ct

303 2203 343 2274 ad
367 2221 464 2271 meam
488 2204 598 2268 lamam
617 2203 768 2285 pertinere
792 2205 957 2274 arbitratus
981 2205 1074 2266 fuere.

393 2289 461 2361 Qun
493 2299 627 2372 tempore
651 2292 822 2372 Tubingae,
849 2292 958 2359 abhinc
990 2291 1132 2358 sexennio
1161 2289 1330 2359 clarissimo
1361 2290 1425 2352 viro
1449 2290 1492 2352 hl.
1517 2290 1668 2357 Michaeli

302 2379 468 2446 Maestlinc
492 2399 614 2460 operam
639 2380 762 2456 dabam,
787 2388 886 2448 motus
910 2379 1067 2459 multiplici
1085 2379 1332 2442 incommoditate
1347 2379 1481 2441 usitatae
1500 2378 1537 2440 de
1553 2379 1667 2440 mundo

303 2467 465 2546 opinionis,
491 2470 567 2536 adeo
591 2469 760 2532 delectatus
783 2488 848 2538 snnr
869 2467 1055 2548 *Oopernicm
1084 2469 1170 2547 cnjus
1193 2468 1244 2533 ille
1268 2469 1296 2530 in
1321 2466 1579 2546 praelectionibus
1603 2468 1668 2528 suis
1788 2477 1789 2480 ’

302 2555 460 2636 pltniw
484 2558 667 2632 mentionem
691 2557 840 2631 faciebat,
867 2565 981 2622 utnon
1006 2565 1122 2628 tantum
1136 2557 1242 2620 crebro
1267 2557 1344 2635 ejus
1356 2555 1470 2637 placita
1483 2555 1514 2616 in
1530 2556 1668 2638 physicis

304 2645 557 2725 disputationibus
582 2646 809 2709 candidatorum
824 2645 1032 2719 defenderem,
1056 2645 1219 2711 sedetiam
1233 2652 1409 2708 accuratam
1425 2645 1667 2724 disputationem

303 2731 340 2795 de
365 2741 447 2795 motu
472 2735 582 2814 primo,
609 2736 686 2814 quod
702 2735 815 2799 Terrae
830 2734 982 2806 volutione
998 2732 1173 2806 aecidetl),
1199 2733 1430 2799 conscriberem.
1477 2732 1609 2814 Jamque
1636 2735 1664 2793 in

303 2839 339 2881 eo
363 2840 458 2897 eram,
489 2833 524 2885 nt
546 2823 644 2884 eidem
667 2823 760 2885 etiam
784 2822 896 2884 Telluri
920 2829 1033 2894 motum
1057 2821 1249 2896 solmam),
1273 2829 1306 2900 ut
1330 2820 1518 2901 Copemicus
1541 2822 1665 2884 matbe-

303 2909 438 2986 maticis‚
473 2911 517 2973 sic
545 2930 602 2992 ego
634 2911 781 2993 physicis.
810 2929 867 2976 sen
888 2910 1001 2984 mavis,
1031 2910 1244 2992 metaphysicis
1273 2909 1440 2971 rationibus
1469 2908 1665 2972 ascriberem.

302 2999 404 3078 Atque
429 2999 458 3060 in
482 3001 559 3062 bunc
582 3019 667 3067 usum
688 2999 800 3078 pertint
824 3019 862 3064 ex
884 3017 936 3064 ore
951 2999 1122 3071 Maestlini,
1145 2998 1257 3077 partim
1281 2998 1479 3070 meo-Marce,
1503 3016 1579 3078 quas
1600 2995 1667 3061 Oo-

302 3087 442 3167 pernicus
465 3087 496 3150 in
520 3089 647 3153 mathesi
671 3107 742 3166 prae
766 3088 942 3154 Ptolemaeo
963 3087 1058 3151 hebet
1081 3087 1327 3162 commoditates,
1360 3087 1509 3166 paulatim
1533 3086 1665 3166 collegi:

245 3187 249 3193 ·
300 3193 359 3254 quo
383 3175 491 3240 labore
526 3197 574 3243 me
603 3177 692 3241 facile
722 3176 851 3248 liberere
878 3175 1029 3255 potuisset
1059 3175 1235 3246 Jonchimus
1263 3175 1426 3250 Rbeticus,
1461 3174 1512 3254 qui
1545 3174 1668 3254 singula

299 3261 433 3325 breviter
465 3273 496 3326 et
522 3266 679 3344 perspicue
709 3266 807 3344 prima
834 3282 891 3326 sna
913 3263 1094 3328 Narratione
1123 3273 1302 3342 persecutus
1332 3273 1390 3326 est.
1440 3266 1564 3326 Interea
1595 3264 1665 3326 dum

300 3349 373 3412 illud
388 3371 494 3415 saxum
509 3354 607 3427 volvo,
623 3353 678 3416 sed
691 3374 856 3432 napspyeoe,
871 3371 957 3414 secus
972 3351 1171 3434 theologiam:
1197 3352 1352 3415 commode
1369 3351 1493 3427 accidit,
1509 3359 1545 3414 ut
1561 3350 1664 3414 Grae-

301 3438 375 3500 tinm
403 3441 551 3515 venirem,
586 3449 676 3521 atque
706 3441 746 3503 ibi
771 3439 904 3521 Georgio
929 3440 1036 3503 Studio
1059 3460 1090 3521 p.
1114 3460 1153 3503 m.
1168 3435 1211 3516 ²')
1241 3441 1449 3504 succederem:
1492 3441 1543 3502 ubi
1574 3439 1667 3504 officii

303 3526 382 3591 ratio
417 3548 463 3590 me
498 3529 610 3592 arctius
639 3529 685 3592 his
718 3528 827 3592 studiis
860 3529 1030 3591 obstrinxit.
1080 3529 1127 3591 Ibi
1158 3530 1189 3592 in
1217 3529 1418 3608 explicatione
1449 3531 1666 3610 principiorum

302 3615 504 3680 astronomiae
528 3637 637 3698 magno
661 3618 731 3680 mihi
754 3617 821 3680 usui
845 3615 966 3678 fuerunt
988 3616 1088 3678 omnia
1110 3617 1179 3692 illa,
1208 3638 1284 3699 quae
1312 3627 1404 3680 antea
1426 3619 1475 3680 vel
1499 3639 1519 3679 a
1542 3619 1666 3680 Maesa

301 3705 362 3766 lico
386 3707 573 3781 audiveram,
599 3707 647 3768 vel
663 3706 728 3786 ipse
753 3707 977 3770 affectaveram.
1024 3705 1126 3785 Atque
1140 3707 1218 3769 utin
1233 3707 1364 3788 Virgilio
1390 3707 1471 3770 fama
1490 3707 1665 3769 mobilitate

300 3791 384 3871 viget
406 3794 544 3876 viresque
568 3795 696 3875 acquirit
719 3794 833 3857 eundo:
864 3793 908 3856 sic
932 3794 1005 3856 mibi
1027 3793 1133 3856 harum
1156 3815 1256 3859 rernm
1279 3795 1410 3874 diligens
1433 3795 1584 3876 cogitatio
1610 3814 1665 3859 co-

231 3945 233 3948 .
301 3880 457 3960 gitationis
493 3883 644 3946 ulterioris
678 3902 772 3944 causa
800 3883 867 3946 fuit.
922 3883 1027 3944 Donec
1062 3883 1187 3945 tandem
1216 3903 1294 3946 anno
1330 3880 1429 3960 1595,
1464 3902 1533 3946 cum
1571 3885 1667 3947 otium

294 3971 518 4034 electionibus
541 3991 679 4052 cuperem
703 3972 779 4032 bene
803 3978 835 4033 et
858 3989 896 4033 ex
919 3971 1008 4034 officii
1032 3969 1148 4034 ratione
1174 3971 1363 4052 transigere,
1394 3981 1459 4035 toto
1488 3972 1584 4034 animi
1608 3973 1666 4035 im-

301 4065 374 4138 petn
397 4059 427 4120 in
450 4061 527 4123 hauc
550 4061 709 4122 materiam
733 4057 862 4121 incubui.

390 4147 431 4209 Et
449 4149 509 4211 tria
523 4148 710 4228 potissimum
728 4155 830 4222 erant,
855 4164 979 4226 quornm
993 4164 1049 4226 ego
1063 4165 1186 4222 causas,
1212 4167 1265 4210 cur
1281 4149 1338 4223 ita,
1365 4147 1530 4210 annaliter
1550 4157 1667 4224 esseut,

202 4298 205 4305 ,
301 4235 497 4313 pertinaciter
521 4239 715 4317 quaerebam,
750 4253 929 4306 numerus,
954 4235 1153 4315 quantitas
1178 4243 1211 4297 et
1234 4245 1353 4298 metus
1379 4237 1503 4299 orbium.
1548 4238 1593 4300 Ut
1611 4239 1669 4300 hoc

302 4324 443 4386 auderem
480 4327 580 4388 effecit
615 4325 668 4388 illa
703 4324 830 4406 pulchra
866 4323 1082 4404 quiescentium
1119 4323 1288 4400 harmonia,
1332 4323 1429 4400 Solis,
1472 4326 1602 4388 fixarum
1639 4335 1670 4388 et

302 4411 470 4475 intermedii
513 4434 579 4477 cum
616 4415 682 4476 Deo
721 4414 831 4486 Patre,
877 4419 910 4472 et
949 4411 1025 4472 Filio
1067 4419 1098 4474 et
1135 4409 1168 4474 S.
1208 4413 1343 4494 Spiritu:
1391 4433 1480 4493 qnam
1522 4415 1668 4478 similitu-

302 4499 400 4562 dinem
438 4520 494 4582 ego
532 4503 560 4562 in
594 4500 825 4580 cosmographia
861 4517 1025 4580 persequar
1063 4499 1241 4579 comitant)
1288 4501 1365 4564 Cum
1403 4502 1495 4581 igitur
1528 4503 1574 4566 ita
1612 4504 1668 4566 ha-

302 4588 410 4650 berent
432 4589 632 4669 quiescentia,
667 4607 725 4651 nnn
754 4587 929 4649 dubitabam
958 4588 994 4649 de
1023 4588 1198 4664 mobilibus,
1233 4591 1303 4670 quin
1330 4609 1364 4652 se
1391 4590 1573 4674 praebitura
1595 4592 1667 4654 sint.

303 4675 393 4737 Initio
416 4695 479 4738 rem
502 4677 633 4738 :sumeris
656 4694 820 4754 aggressus
845 4695 926 4749 snm,
958 4684 990 4737 et
1017 4675 1220 4752 consideravi,
1255 4686 1354 4740 utrum
1382 4697 1459 4742 unns
1483 4679 1568 4742 orbis
1592 4679 1669 4742 alins

305 4762 444 4840 duplum,
479 4764 618 4844 triplum,
663 4763 878 4845 quadruplum,
917 4771 969 4826 aut
1005 4763 1075 4844 qnid
1112 4766 1236 4828 tandem
1273 4766 1419 4830 heberet:
1463 4776 1668 4853 quantumque
