3542 5528
302 323 347 402 bl
893 335 1054 387 Prooemium

299 512 420 562 movere
442 497 572 562 fortasse
596 489 776 578 postulando
804 497 921 581 possit:
954 497 979 560 si
1009 495 1086 560 foite
1111 495 1234 559 fortuito
1257 491 1319 558 illic
1343 497 1473 560 locorum
1497 503 1661 558 transeant
1758 509 1759 520 ¹

299 575 596 668 Gruppenba'ehiani.
734 649 736 660 ,

388 675 434 740 En
452 676 552 739 habes
576 676 734 756 epistolam
756 675 832 736 bene
857 677 986 755 longam,
1012 683 1044 736 et
1067 675 1231 754 longiorem
1255 675 1395 752 fortasse,
1420 693 1509 756 quam
1523 691 1661 755 occupa-

300 767 399 829 tiones
422 783 507 827 meae
532 765 682 846 nuptiales
702 765 778 826 ferre
799 773 936 850 posant.
985 761 1122 842 Optarim
1148 772 1257 835 antem,
1281 771 1315 825 ut
1338 773 1369 826 et
1390 780 1445 845 per
1469 763 1575 824 literas
1600 781 1660 842 pe-

301 857 344 931 tii,
371 855 486 935 aliquos
510 873 547 916 ex
569 863 670 916 vestro
696 851 841 933 Collegio,
868 863 897 914 te
920 853 1097 934 praesertim
1119 861 1208 933 atque
1228 853 1271 915 M.
1287 854 1438 915 Millerum
1462 851 1510 914 hic
1534 851 1659 914 adesse.

300 943 362 1008 Sed
386 944 455 1024 quia
479 945 514 1004 de
538 953 569 1005 ta
593 943 649 1008 hoc
673 961 794 1024 sperare
819 961 876 1003 non
900 959 1041 1021 possum,
1066 941 1138 1003 illud
1163 941 1258 1003 selum
1281 951 1312 1016 te
1337 959 1426 1022 rogo,
1455 951 1489 1004 ut
1513 941 1552 1002 ad
1576 941 1661 1002 dem

300 1034 462 1116 nuptialem
486 1031 708 1114 tuisprecibus
731 1031 802 1094 mihi
826 1040 948 1111 praesto
970 1031 1026 1094 eis.
1073 1031 1185 1093 Rerum
1209 1051 1342 1094 mearum
1367 1040 1466 1097 status
1479 1049 1570 1111 porro
1585 1031 1661 1093 talis

240 1177 243 1186 ,
300 1133 356 1197 est,
382 1129 415 1204 qt
439 1122 464 1184 si
487 1121 596 1184 moriar
618 1121 700 1184 intra
723 1139 840 1196 annum,
865 1119 917 1182 vix
941 1138 1117 1204 quemqnam
1140 1120 1238 1200 major
1256 1121 1418 1183 infelicitas
1437 1127 1585 1182 mortuum
1605 1139 1660 1180 se-

300 1212 349 1293 qui
372 1211 479 1291 possit.
527 1210 631 1292 Magni
656 1218 770 1272 sumtus
794 1210 831 1272 de
854 1228 920 1272 meo
944 1209 1074 1286 faeieqdi
1098 1217 1187 1272 sunt:
1220 1210 1319 1271 solent
1342 1229 1371 1272 n.
1396 1210 1444 1272 hic
1468 1206 1656 1288 splendidis-

300 1302 373 1363 sime
398 1300 536 1382 apparari
561 1301 692 1381 nuptiae.
740 1298 794 1363 Sin
818 1309 920 1362 autern
943 1298 1025 1361 Deus
1049 1299 1122 1360 mihi
1146 1295 1238 1360 vitam
1262 1311 1417 1382 proroget,
1450 1309 1565 1380 ceptum
1598 1310 1660 1369 est,

301 1390 425 1471 ligatum
449 1398 481 1450 at
504 1389 701 1455 constrictum
724 1407 770 1450 me
794 1408 862 1450 esse
886 1389 915 1450 in
940 1389 1017 1451 hunc
1041 1389 1155 1460 locum,
1182 1389 1320 1468 quicquid
1343 1389 1465 1450 tandem
1490 1387 1525 1448 de
1550 1397 1661 1449 nostra
1694 1424 1721 1465 ·„

300 1479 404 1540 schola
433 1480 496 1541 fiat.
543 1478 621 1544 Sunt
653 1478 732 1538 enim
762 1495 890 1558 sponsae
919 1485 1004 1539 mea'e
1028 1476 1084 1539 hoc
1108 1476 1172 1539 loco
1196 1478 1339 1556 praedia,
1373 1486 1443 1539 sunt
1466 1478 1573 1554 amici,
1610 1485 1663 1538 est
1702 1471 1714 1492 “’

299 1577 387 1650 pater
419 1569 571 1648 loeuples;
605 1576 638 1630 ut
669 1568 730 1629 fere
760 1566 872 1628 salario
895 1585 1159 1652 nonmagnopere
1183 1565 1317 1646 indigere
1340 1566 1445 1628 videar
1466 1577 1538 1646 post
1560 1585 1661 1628 annos

300 1659 423 1740 aliquot,
449 1657 474 1718 si
499 1657 569 1719 mihi
592 1657 649 1718 hoc
673 1658 813 1719 decorum
836 1665 929 1718 esset.
971 1655 1035 1718 Nec
1055 1655 1126 1717 mihi
1144 1663 1232 1736 patet
1247 1657 1344 1718 exitus
1360 1675 1397 1717 ex
1415 1656 1472 1718 hac
1490 1655 1659 1736 provincia,

299 1747 356 1808 nisi
379 1755 432 1809 ant
454 1745 574 1827 publica
597 1745 762 1806 calamitas
780 1753 832 1808 aut
854 1745 974 1824 privata
997 1743 1188 1806 interveniat.
1224 1743 1374 1820 Publica,
1406 1746 1431 1806 si
1460 1765 1565 1825 nempe
1590 1743 1659 1806 Lu-

297 1837 434 1898 therano'
448 1854 506 1898 non
530 1835 658 1915 amplius
681 1842 748 1896 tuta
771 1834 811 1895 sit
834 1833 1005 1913 provincia,
1040 1841 1093 1895 aut
1120 1834 1147 1896 si
1171 1853 1189 1894 a
1212 1833 1309 1896 Turc‘a
1331 1833 1453 1915 propius
1476 1834 1659 1897 infestetur:

299 1925 348 2008 qui
373 1925 489 2007 quidam
509 1925 576 2005 jam
599 1923 756 1988 nunciatur
780 1941 845 1984 eum
869 1923 1021 1985 sexcentis
1044 1923 1184 1986 millibus·
1198 1921 1347 1984 bominum
1361 1922 1390 1984 in
1405 1925 1559 2003 procinctu
1575 1942 1659 1984 esse.

245 2021 248 2030 ’
299 2013 423 2077 Privata
445 2031 516 2075 vero
540 2013 699 2075 calamitas
728 2011 756 2072 si
787 2030 854 2073 mea
877 2031 952 2074 uxor
974 2013 1127 2079 moriatur.
1174 2009 1226 2074 Sic
1249 2013 1341 2076 etiam
1365 2013 1500 2074 umbram
1524 2011 1659 2094 aliquam

298 2110 398 2166 status
414 2095 479 2164 ‘mel
503 2102 598 2164 vides.
647 2101 676 2163 A
697 2101 764 2162 Deo
787 2101 874 2180 plura
895 2111 1000 2182 petere
1024 2120 1081 2163 non
1106 2101 1210 2174 audeo,
1237 2120 1326 2182 quam
1349 2102 1404 2164 boc
1428 2110 1560 2182 ternpore
1582 2101 1661 2163 mibi

299 2191 447 2253 eveniunt.
494 2193 528 2254 In
559 2190 746 2253 naturalibus
779 2197 879 2252 autem
911 2190 1010 2254 causis
1043 2209 1174 2272 agnosco
1199 2191 1337 2253 affectum
1363 2191 1538 2254 directionis
1560 2191 1661 2252 Medii

243 2351 246 2358 ‚
298 2281 373 2342 coeli
397 2279 561 2348 addonem
586 2279 619 2341 'et
642 2277 796 2352 sextilQ.
830 2278 1070 2358 Asaadffl,
1096 2278 1176 2354 0⁰9,
1200 2279 1289 2355 ΔΜ,
1315 2277 1354 2358 Θ
1380 2279 1418 2340 ad
1441 2279 1538 2352 A).
1573 2277 1660 2350 Quid

299 2369 422 2432 directio
445 2371 471 2442 1)
498 2370 537 2432 ad
562 2373 588 2442 00
612 2371 634 2448 d
657 2376 688 2431 et
710 2363 746 2434 [l
769 2375 794 2438 d
817 2376 907 2449 atque
931 2369 1077 2431 transitus
1100 2367 1150 2430 ille
1175 2371 1214 2432 ad
1237 2369 1367 2431 futurum
1391 2367 1421 2432 8.
1444 2367 1493 2432 18.
1510 2365 1658 2448 Septem-

297 2457 360 2522 bris
392 2459 538 2521 allaturus
571 2457 630 2531 sit,
664 2464 790 2538 expecto
821 2473 890 2518 non·
909 2457 1084 2520 meticuloso
1109 2459 1225 2534 animo,
1260 2477 1326 2520 cum
1349 2457 1446 2520 Deum
1470 2459 1658 2538 superiorem

298 2567 470 2628 agnoscam.
517 2549 551 2611 In
575 2564 684 2627 magno
708 2565 774 2608 meo
799 2546 960 2609 infortunio
986 2547 1058 2608 illud
1081 2547 1293 2609 oblectationis
1313 2546 1422 2622 habui,
1452 2549 1529 2628 quod
1554 2549 1659 2612 omnia

297 2637 342 2699 ita
375 2655 441 2698 cum
471 2637 555 2698 coelo
589 2643 814 2698 consenserunt.
874 2635 1009 2697 Directio
1043 2644 1109 2698 erat
1140 2655 1212 2716 prae
1246 2637 1378 2700 foribus:
1417 2637 1471 2697 sed
1504 2635 1657 2698 Saturnus

298 2726 449 2790 transibat
471 2744 526 2806 per
549 2725 719 2808 oppositum
741 2723 828 2786 Jovis
853 2732 883 2785 et
908 2724 1168 2807 appropinquabat
1189 2727 1335 2807 quadrato
1350 2725 1551 2801 ascendentis,
1576 2727 1657 2787 unde

298 2816 398 2878 omnia
421 2816 566 2896 impedita
589 2824 673 2888 sunt,
704 2833 797 2894 usqne
821 2829 868 2886 eo,
892 2813 959 2875 dum
984 2811 1133 2876 Saturnus
1156 2825 1275 2877 cursum
1297 2825 1377 2878 retro
1401 2817 1538 2877 flecteret
1562 2835 1656 2894 supe-

297 2904 366 2967 riori
389 2903 543 2968 Januario.
585 2904 645 2966 Est
668 2913 769 2966 autem
792 2902 864 2964 mihi
887 2901 917 2978 il
941 2903 970 2964 in
999 2899 1037 2966 19
1060 2909 1098 2978 li,
1123 2905 1251 2966 Asc.·in
1276 2901 1318 2968 25
1343 2903 1451 2985 gemin.
1500 2903 1562 2966 Sed
1587 2905 1657 2966 linis

296 2995 422 3056 chartae
455 2996 551 3057 adest
597 2993 663 3074 Ego
688 2993 728 3055 H.
754 2993 847 3055 Tuam
872 2990 1141 3072 ascoperam.
1173 2995 1367 3068 commendo,
1402 2991 1451 3074 qui
1474 2993 1529 3055 tibi
1554 2995 1657 3056 cmuia

293 3084 419 3164 largiter
441 3084 598 3146 retribuat.
646 3080 680 3143 Si
703 3091 820 3144 tantum
845 3081 897 3142 otii
922 3081 976 3143 tibi
1001 3093 1157 3162 superest:
1191 3101 1303 3163 quaeso
1327 3083 1511 3145 solummodo
1536 3083 1574 3144 de
1600 3102 1655 3144 ca-

295 3173 428 3235 lendario
451 3173 643 3252 respondeas.
690 3170 770 3231 Vale
793 3170 976 3248 Praeceptor
1000 3171 1217 3234 amantissime.
1247 3181 1251 3190 '

384 3257 416 3324 9.
440 3261 556 3341 Aprilis
580 3253 661 3343 stylo
685 3277 762 3320 novo
786 3277 863 3320 anno
891 3252 984 3321 1597.

817 3347 856 3409 H.
881 3345 916 3408 T.
943 3345 1030 3410 Grat.
1055 3349 1128 3412 disc.

1195 3437 1197 3440 ’
1306 3437 1353 3502 Μ.
1378 3439 1410 3503 J.
1434 3437 1565 3522 Kepler.

366 3577 468 3631 Addidit
485 3577 633 3642 Koplerue
626 3591 652 3626 m
669 3575 708 3626 his
726 3576 802 3628 literis
820 3577 940 3630 nonnulla
958 3578 988 3629 da
1008 3577 1156 3634 Calendaria
1174 3580 1337 3669 Gregorieno.
1362 3597 1426 3648 quae
1443 3583 1576 3635 referenda
1595 3599 1655 3636 aaa·

294 3654 386 3702 mimum
405 3652 438 3701 ad
457 3664 531 3716 opera
548 3647 650 3714 Kepleri
670 3647 842 3715 chronologice
860 3645 929 3712 [Vel.
946 3647 1014 3713 IV.).
1153 3665 1158 3672 ·

363 3719 534 3772 Maestliui
552 3733 671 3784 responsa
688 3734 787 3778 eorum,
814 3719 900 3788 quibus
918 3738 979 3786 opus
997 3722 1116 3773 donatum
1134 3725 1182 3780 sit
1202 3725 1317 3778 nomina
1336 3727 1487 3791 pretiumque
1506 3725 1655 3790 typothetae

294 3794 417 3848 solutum,
444 3794 556 3856 aliaque.
584 3805 649 3856 queo
672 3791 756 3841 aliena
778 3792 897 3843 hocloco
916 3800 988 3852 eunt,
1014 3795 1123 3846 referunt
1142 3792 1203 3856 (rid.
1223 3795 1377 3862 Hanecbmp
1400 3795 1431 3846 ld
1443 3793 1491 3858 ἰ).
1529 3797 1654 3862 Keplerur

295 3863 427 3914 Maestlino
445 3864 569 3927 rescripsit
587 3862 724 3927 Septembri
742 3865 802 3913 anui
822 3861 908 3914 lter:
1112 3877 1115 3891 ¹

383 3969 519 4032 Salutem
542 3969 710 4049 plurimam.
758 3969 792 4033 Si
815 3989 870 4032 vos
894 3971 999 4042 isthic,
1025 3963 1057 4032 u't
1080 3979 1159 4051 opto,
1185 3972 1309 4050 valetis,
1334 3983 1452 4053 gratum
1476 3975 1550 4048 mihi
1576 3995 1652 4036 nun-

294 4058 377 4120 tium.
424 4057 499 4137 regu·
514 4067 545 4120 et
567 4077 635 4121 mea
658 4060 773 4140 ooanx,
799 4059 888 4122 sicuti
912 4070 1059 4140 optamus,
1083 4061 1293 4141 eonjugialiter
1311 4065 1460 4126 valeniae:
1484 4064 1567 4144 quod
1582 4083 1651 4126 ver-

295 4148 361 4209 bum
387 4148 455 4228 quid
481 4148 641 4227 significet,
667 4149 721 4212 Sol
745 4150 930 4230 patefaciet,
950 4149 999 4212 ubi
1022 4150 1061 4211 ad
1085 4151 1262 4232 quadratum
1286 4151 1324 4214 ab
1348 4152 1433 4215 initio
1451 4155 1556 4215 locum
1581 4168 1653 4234 per-

293 4237 427 4309 venerit,
462 4236 487 4298 si
517 4239 580 4298 Deo
613 4236 771 4319 placuerit.
817 4239 885 4302 Non
909 4256 1030 4318 possum
1055 4248 1085 4300 te
1110 4237 1285 4304 Clarissimo
1314 4241 1442 4304 Domine
1470 4253 1653 4322 praeceptor

293 4345 350 4386 non
371 4325 528 4388 certiorem
550 4328 684 4401 reddere,
710 4328 782 4390 mihi
805 4347 858 4407 pro
884 4329 964 4389 edito
989 4329 1089 4390 libello
1113 4329 1191 4391 hunc
1215 4329 1356 4392 bonorem
1380 4330 1510 4394 aGallis
1534 4331 1649 4403 baberi,

291 4412 326 4476 ui
348 4411 464 4495 Regius
487 4416 639 4494 professor
663 4417 803 4479 Lutetiae
827 4417 1010 4478 Parisiorum
1033 4437 1070 4478 ex
1092 4428 1182 4498 pacto
1206 4420 1387 4481 coristitutus
1411 4439 1467 4502 ego
1493 4421 1565 4496 sim,
1601 4409 1672 4482 aut'

293 4513 374 4566 certe
398 4503 489 4576 illum,
516 4505 564 4584 qui
588 4506 663 4566 baec
687 4505 725 4566 ad
748 4525 794 4567 me
820 4505 950 4590 scripsit,
958 4507 1101 4568 stultum
1126 4507 1218 4570 fuisse
1243 4527 1365 4570 neeesse
1389 4509 1439 4570 sit.
1473 4507 1556 4580 Quia
1580 4527 1650 4570 vero

292 4593 327 4666 is,
355 4592 404 4674 qui
427 4592 498 4654 mihi
524 4597 588 4655 loco
613 4594 718 4657 cedere
743 4596 883 4669 volebat,
918 4595 1033 4657 interea
1057 4589 1189 4670 mortuus
1213 4605 1280 4670 est,
1305 4607 1337 4659 et
1359 4600 1460 4677 procul
1484 4599 1577 4660 dubio
1603 4599 1651 4661 di-

290 4699 398 4744 versae
423 4682 589 4744 sententiae
614 4701 819 4746 successorem
838 4685 901 4766 jam
926 4683 1077 4764 reliquit,
1080 4685 1147 4747 ideo
1173 4685 1301 4760 decrevi,
1327 4687 1425 4767 quoad
1441 4687 1511 4750 Deo
1523 4687 1650 4768 placue-

292 4769 352 4842 rit,
384 4778 487 4851 spreta
514 4771 598 4852 regia
620 4773 859 4852 professionem
884 4773 990 4856 Styria
1005 4791 1136 4835 manere.
1182 4773 1346 4858 Exemplar
1370 4776 1518 4856 epistolae
1544 4778 1585 4838 ad
1604 4795 1650 4838 me

292 4859 402 4921 missae
425 4857 480 4921 tibi
500 4861 750 4938 transmitterem,
773 4863 832 4925 nisi
856 4863 927 4926 milui
942 4870 1106 4931 constaret,
1130 4870 1161 4924 te
1183 4863 1213 4926 id
1227 4862 1344 4946 pridem
1362 4865 1482 4928 habere.
1526 4864 1652 4951 Scripta
1699 4945 1703 4950 .
