3718 5520
714 296 870 364 neeerogrse
889 297 1040 350 camaena.
1485 293 1550 363 425

195 457 364 522 variatione
387 457 464 521 varii
487 456 567 523 modi
590 456 773 532 reflexionis,
798 477 875 539 qnae
899 463 949 521 est
972 477 991 520 a
1012 455 1107 522 variis
1130 455 1353 539 superficiebus.
1399 458 1469 522 Non
1493 475 1552 540 agn

192 549 259 630 jam
282 549 319 610 de
342 547 396 612 illa
418 547 591 622 reflexione,
617 565 694 628 quae
719 553 768 610 est
790 567 810 610 a
832 547 989 628 superficie
1012 548 1162 628 speculari
1197 553 1229 609 et
1246 547 1412 610 reflectitur
1435 569 1454 609 a
1475 566 1550 627 qno-

196 637 271 700 lihet
293 636 357 717 ejus
379 643 490 717 puncto
514 636 542 698 in
566 637 684 699 unicum
708 637 818 698 saltem
841 643 1000 717 punctum:
1035 637 1090 699 sed
1113 637 1150 699 de
1175 635 1229 698 illa
1251 637 1429 710 reflexione,
1462 655 1551 717 qnam

196 725 344 788 cernimus
371 725 402 788 in
431 725 565 804 quolibet
591 726 725 805 pariete,
758 725 925 805 inaequalis
953 724 1045 788 etiam
1073 733 1105 788 et
1132 744 1260 806 asperae
1288 725 1469 805 superficiei,
1502 724 1553 806 qui

196 816 303 889 lucem,
330 833 389 894 qua
411 814 560 894 pingitur,
584 814 729 876 imbutam
752 833 788 876 eo
812 815 912 876 colore
939 833 1027 896 quem
1050 814 1156 889 habet,
1181 835 1201 876 a
1219 813 1353 897 quolibet
1373 820 1485 894 puncto
1506 814 1552 876 sni

195 903 226 966 in
253 910 351 966 totum
379 902 631 983 hemisphaerium
660 903 800 966 reflectit.
845 902 926 966 Nam
958 904 1010 965 lux
1038 903 1166 965 aLnna
1194 903 1232 964 ad
1256 921 1311 964 nos
1339 904 1454 965 reflexa
1480 921 1552 983 per-

197 992 281 1055 venit
303 993 369 1067 hoc,
395 1009 454 1053 non
478 991 530 1054 illo
553 991 658 1066 modo;
683 991 760 1054 alias
783 1009 841 1054 non
865 1010 979 1054 cornua
1001 992 1030 1053 in
1049 992 1148 1062 Luna,
1172 992 1226 1054 sed
1248 992 1471 1072 imagunculam
1490 990 1552 1055 So-

168 1081 235 1144 ·lis
264 1099 384 1161 semper
405 1080 566 1143 rotundam
596 1099 796 1142 cerneremus.
843 1081 950 1161 Itaque
984 1081 1170 1160 geometrica
1194 1080 1353 1160 dispositio
1385 1080 1553 1162 superficiei

196 1169 272 1232 nihil
295 1169 343 1233 hio
366 1167 425 1230 nisi
443 1169 527 1247 ¹forte
550 1169 696 1246 maculas,
721 1170 825 1251 quales
849 1170 880 1231 in
903 1171 990 1233 Luna
1013 1170 1172 1244 cernimus,
1197 1170 1301 1231 elficit.

487 1273 494 1282 “
728 1259 859 1321 Thesis
882 1258 1018 1322 XXVII.

284 1344 404 1411 Causae
425 1361 498 1406 uero
523 1345 600 1408 alins
624 1354 715 1427 atque
739 1348 816 1410 alius
839 1347 1010 1412 reflexionis
1035 1350 1144 1422 (causa
1158 1345 1316 1427 qualitatis
1339 1345 1369 1407 in
1390 1345 1476 1408 radio
1500 1363 1551 1407 re-

196 1437 290 1510 flexo)
322 1443 394 1498 snnt
426 1435 612 1498 reflectentis
646 1437 813 1516 superficiei
846 1437 973 1500 colores.
1024 1436 1127 1498 Velim
1165 1435 1214 1497 hic
1246 1435 1350 1497 andire
1390 1434 1553 1515 chymicos,

197 1525 337 1606 quidnam
360 1524 477 1588 colores
499 1523 529 1584 in
552 1525 749 1588 terrestribus
773 1526 948 1606 corporibus
971 1525 1080 1588 variet.
1128 1522 1254 1588 Colores
1270 1524 1389 1604 quidem
1413 1523 1498 1585 iridis
1522 1524 1552 1584 in

197 1614 274 1678 duas
298 1613 519 1676 distribuuntur
541 1614 659 1677 classes
666 1633 675 1688 ;
709 1615 810 1678 altera
832 1623 932 1677 ortum
953 1615 1048 1677 habet
1071 1614 1109 1677 ab
1133 1612 1383 1676 obtenebratione
1411 1631 1464 1674 seu
1489 1612 1553 1692 pri-

198 1703 320 1766 vatione
344 1703 436 1774 lucis,
468 1702 567 1764 altera
599 1723 619 1764 a
641 1703 822 1765 refractione
856 1722 910 1765 een
937 1703 1092 1766 tinctione.
1140 1702 1304 1783 Utriusque
1328 1701 1438 1764 classis
1467 1701 1554 1781 prin-

196 1791 306 1874 prinm
330 1798 379 1854 eat
402 1790 440 1854 ab
463 1790 616 1870 ipsissima
640 1793 720 1868 luce,
752 1811 806 1854 seu
830 1792 899 1854 albo
923 1793 1023 1856 calore
1047 1791 1122 1854 lucis
1153 1791 1300 1871 ἀναλογῳ,
1333 1809 1409 1873 qnae
1435 1789 1552 1870 quidem

196 1883 249 1945 lux
271 1881 402 1944 medinm
425 1879 510 1942 iridis
533 1880 677 1943 circulum
700 1881 857 1958 obtinens,
886 1899 954 1942 enm
982 1881 1012 1942 in
1036 1881 1094 1944 dno
1125 1881 1212 1960 quasi
1240 1887 1337 1944 secat.
1383 1879 1433 1942 Ex
1456 1879 1555 1940 altera

199 1989 327 2050 namque
350 1975 439 2050 parte
462 1968 644 2044 diminuitur,
670 1989 708 2032 ex
731 1971 832 2033 altera
854 1969 1045 2050 refringitur:
1075 1969 1213 2050 utrinqne
1237 1961 1360 2032 tandem
1383 1968 1412 2030 iu
1436 1969 1554 2048 nigrnrn

198 2079 252 2122 sen
279 2059 422 2122 tenebras
449 2057 571 2120 desinit.
618 2059 653 2121 ln
685 2058 891 2122 diminutionis
918 2059 1015 2139 primo
1046 2047 1141 2139 gradu
1170 2059 1205 2121 fit
1236 2059 1332 2132 flava,
1367 2056 1554 2119 insecundo

199 2147 305 2223 rubet,
335 2155 398 2210 tnm
421 2147 523 2209 fusca:
557 2153 589 2208 et
618 2147 745 2228 deniqne
775 2148 870 2228 nigra.
921 2147 1005 2210 Idem
1035 2154 1164 2228 apparet
1191 2148 1220 2208 in
1249 2146 1377 2209 nubibus
1405 2143 1477 2207 Sole
1505 2145 1554 2206 vel

198 2255 308 2300 occaso
335 2236 385 2298 vel
415 2234 538 2298 orituro.
584 2236 669 2298 Idem
696 2238 727 2298 in
756 2237 857 2300 stellis
886 2237 967 2300 circa
989 2237 1190 2311 horizontem,
1224 2235 1302 2298 idem
1329 2236 1360 2296 in
1389 2234 1554 2314 eclipsibus

201 2325 373 2400 Solarihns;
401 2342 469 2388 cnm
496 2324 575 2388 oculi
597 2325 707 2402 nostri,
739 2326 899 2406 inquibus
930 2333 979 2388 est
1001 2326 1075 2388 haec
1104 2324 1241 2396 fallacia,
1274 2323 1374 2385 subito
1397 2322 1554 2404 privantur

199 2415 264 2478 lnce
288 2413 379 2478 Solis.
425 2413 461 2476 In
491 2413 661 2476 reflexionis
685 2432 756 2476 vero
778 2415 875 2495 primo
899 2415 1011 2495 gradu,
1043 2413 1168 2490 viridis,
1200 2421 1272 2493 post
1299 2412 1452 2488 caerulea,
1484 2410 1552 2474 dein

198 2521 360 2584 purpurea,
394 2510 426 2566 et
456 2501 583 2584 deniqne
612 2503 731 2566 omnino
759 2505 848 2584 nigra
876 2522 930 2565 sen
958 2502 1158 2566 obtenebrata
1181 2501 1321 2564 cernitur.
1370 2498 1447 2565 Onm
1480 2519 1552 2581 ergo

197 2591 246 2656 hio
274 2591 315 2655 sit
343 2592 417 2655 ordo
440 2589 518 2654 inter
547 2592 662 2654 colores
692 2592 722 2653 in
752 2591 857 2656 iride:‘
875 2600 1112 2656 consentaneum
1139 2597 1188 2654 est
1215 2591 1341 2654 eundern
1369 2609 1438 2652 esse
1468 2597 1500 2652 et
1523 2589 1553 2650 in

198 2680 360 2744 reflexione
367 2699 377 2756 ;
405 2685 440 2742 nt
469 2679 634 2742 fortissime
662 2681 777 2744 radium
807 2681 946 2744 reflectat
973 2679 1146 2760 superficies
1174 2680 1245 2743 alba
1252 2699 1262 2756 3
1294 2685 1366 2760 post
1388 2677 1492 2741 viridis
1523 2683 1554 2738 et

198 2771 295 2846 flava3
318 2777 383 2834 tum
397 2770 538 2832 caerulea
560 2776 592 2831 et
605 2769 700 2832 rubea
706 2789 716 2845 3
741 2770 810 2832 dein
824 2787 976 2850 purpurea
994 2779 1025 2831 et
1044 2769 1144 2844 insca3
1168 2767 1352 2832 debilissima
1371 2785 1443 2829 vern
1458 2765 1553 2846 nigra

720 2859 852 2922 Thesis
875 2858 1028 2922 XXVIII.

288 2945 384 3027 Niger
413 2951 515 3008 antem
543 2945 662 3008 fortiter
691 2947 863 3011 illustratus
891 2947 1015 3010 rubeum
1042 2943 1161 3026 spargit
1192 2944 1318 3007 radium.
1365 2943 1401 3006 Id
1429 2949 1556 3023 apparet

200 3054 239 3097 ex
261 3033 415 3117 chalybeia
439 3033 587 3115 speculis,
617 3034 666 3098 nbi
691 3036 779 3099 faciei
804 3037 886 3100 color
909 3036 997 3097 albus
1030 3041 1062 3098 ct
1084 3033 1199 3113 speculi
1222 3033 1306 3113 niger
1330 3033 1446 3096 confusi
1469 3031 1555 3094 rubi-

199 3124 371 3188 cundiorem
395 3131 625 3204 repraesentant
648 3125 765 3188 faciem.
812 3124 915 3198 Quare
938 3124 1106 3186 rectissime
1136 3122 1202 3202 quis
1225 3122 1336 3185 Martis
1360 3120 1482 3184 stellam
1505 3119 1554 3181 di-

197 3212 277 3275 xerit
299 3212 454 3293 superlicio
477 3212 566 3293 nigra
596 3213 767 3294 praeditam
791 3232 871 3288 esse,
897 3231 963 3276 com
986 3213 1089 3276 radius
1113 3211 1178 3290 ejus
1202 3211 1346 3274 sitvalde
1363 3209 1554 3272 rubicundus.

198 3299 383 3365 Debilitatur
405 3301 497 3380 igitur
520 3301 585 3381 ejns
609 3304 723 3365 reflexa
745 3304 813 3379 lux,
843 3322 900 3365 non
925 3301 1017 3381 igitur
1039 3301 1165 3362 multum
1188 3300 1359 3374 humectat,
1385 3307 1417 3360 et
1439 3299 1470 3360 in
1493 3299 1551 3360 hu·

199 3391 290 3454 moris
314 3389 433 3454 defectu
456 3397 514 3453 est.
560 3390 678 3454 Eodem
700 3393 809 3455 coloris
832 3399 865 3454 et
887 3389 1121 3455 humectationis
1146 3395 1323 3469 argomento
1342 3385 1474 3450 Saturno
1498 3385 1555 3448 tri-

198 3479 324 3543 buemus
349 3479 450 3542 albam
472 3487 504 3542 et
527 3498 667 3560 asperam
690 3482 887 3562 superficiem,
914 3482 984 3561 qnia
998 3479 1098 3542 colore
1114 3485 1162 3540 est
1175 3477 1324 3558 plumbeo,
1348 3476 1418 3540 Jovi
1433 3474 1557 3538 rubeam

199 3570 248 3633 vel
272 3587 467 3650 pnrpuream,
501 3570 573 3649 qnia
595 3571 692 3632 flavus
717 3570 858 3633 subrufus
882 3577 1026 3650 apparet,
1056 3567 1170 3630 Veneri
1193 3569 1305 3630 flavam
1327 3567 1377 3628 vel
1400 3564 1501 3626 albam
1524 3571 1556 3624 et

200 3657 485 3739 aequabilissimam,
510 3677 578 3723 cnm
601 3658 732 3735 omnium
755 3659 797 3722 sit
819 3659 1034 3740 pulcherrima:
1059 3657 1209 3720 Mercurio
1226 3656 1395 3719 caeruleum
1417 3653 1468 3716 rel
1481 3651 1557 3714 viri-

199 3746 276 3820 dem,
299 3767 367 3811 cnm
391 3755 554 3828 argenteus
578 3756 743 3829 appareat,
767 3748 865 3828 magis
889 3747 1105 3810 scintillatione
1128 3765 1182 3810 seu
1205 3746 1300 3809 diluto
1325 3743 1442 3824 fulgore
1466 3760 1554 3824 qnam

200 3837 300 3900 colore
323 3837 432 3900 clarus.

741 3924 875 3987 Thesis
897 3922 1017 3988 XXIX.
1150 3976 1154 3984 ,

287 4013 356 4076 Lux
377 4011 500 4095 propria
518 4013 638 4096 quidem
662 4012 731 4093 ipsa
754 4013 846 4076 etiam
868 4013 1005 4076 variatur
1026 4029 1082 4093 per
1104 4008 1290 4091 superficiem
1311 4007 1456 4089 corporis,
1481 4008 1559 4071 unde

202 4103 293 4180 venit,
317 4109 351 4165 nt
374 4102 464 4165 alium
489 4111 521 4165 et
543 4102 633 4164 alium
658 4103 788 4165 colorem
812 4109 1037 4184 repraesentet:
1063 4100 1117 4162 sed
1141 4098 1252 4180 gradus
1276 4097 1471 4161 calfactandae
1495 4097 1558 4158 vir-

201 4193 275 4255 tutis
300 4191 476 4273 adipiscitur
499 4191 538 4254 ab
561 4191 669 4254 intima
691 4191 825 4271 corporis
850 4193 896 4255 sui
919 4190 1127 4272 dispositione.
1174 4187 1237 4251 Sed
1250 4196 1351 4250 tamen
1376 4187 1444 4267 ipsa
1463 4187 1556 4249 etiarn

202 4280 374 4363 superficies
407 4280 445 4342 de
473 4280 607 4360 corporis
640 4279 837 4361 dispositione
868 4287 1018 4344 testatur:
1052 4286 1085 4341 ut
1118 4277 1163 4340 ita
1190 4277 1382 4340 humectandi
1412 4277 1509 4338 virtus
1539 4285 1567 4336 a*

202 4370 379 4434 caliactoria
406 4370 623 4450 quodammodo
654 4369 833 4449 dependeat
879 4371 926 4433 Ac
955 4388 1029 4431 sane
1059 4367 1085 4429 si
1107 4366 1191 4428 color
1218 4366 1389 4428 interventu
1418 4365 1494 4427 lucis
1521 4363 1559 4424 ab

204 4478 262 4522 nno
286 4477 413 4540 corpore
435 4458 466 4520 in
491 4460 620 4522 alienum
644 4459 801 4522 transferri
826 4465 858 4520 et
880 4458 1043 4540 propagari
1066 4461 1178 4537 potest,
1202 4453 1345 4518 credibile
1360 4462 1409 4516 est
1432 4461 1464 4513 et
1482 4451 1559 4512 alias

201 4549 365 4628 qualitates
388 4565 495 4627 posse;
518 4549 556 4610 de
579 4549 680 4611 calore
704 4547 783 4610 enim
807 4548 1008 4610 certissimum
1031 4557 1089 4609 est.
1136 4544 1223 4607 Unde
1243 4562 1333 4624 quam
1347 4541 1471 4621 quisque
1486 4539 1557 4619 pla-

201 4643 273 4699 neta
300 4637 443 4700 virtutem
470 4636 500 4700 in
531 4638 640 4699 effectu
669 4641 819 4712 ostentat,
853 4637 920 4715 eJus
944 4637 1093 4716 analogon
1122 4632 1255 4714 aliquam
1275 4629 1504 4710 dispositIonem
1528 4627 1558 4688 in

201 4722 268 4804 ipso
289 4727 433 4806 planetae
457 4744 581 4806 corpore
610 4743 678 4787 esse
703 4731 937 4787 consentaneum
961 4724 1091 4786 videtur.
1138 4721 1227 4793 Quod
1255 4719 1280 4781 si
1307 4719 1402 4780 locum
1426 4715 1555 4789 obtinet,

203 4813 242 4877 ad
264 4813 416 4880 mirabilia
438 4815 566 4880 artificia
588 4833 678 4879 monn
701 4815 810 4878 ducere
840 4832 895 4877 nos
923 4820 1036 4895 potest.
1085 4811 1181 4876 Verbi
1204 4807 1305 4890 gratia
1331 4825 1386 4886 per
1409 4811 1560 4868 aestatem
