3586 5518
726 256 808 324 capue
825 255 866 310 Ην
1403 257 1469 326 12³

132 411 247 474 hnmano
269 431 367 491 more,
392 424 427 479 ut
448 416 582 479 homines
603 417 822 500 intelligamus)
846 428 936 502 atque
959 419 1028 483 idea
1050 419 1091 482 sit
1114 419 1156 482 rei
1178 419 1302 501 prioris,
1324 421 1366 483 sit
1388 439 1470 494 vero,

131 508 160 562 ut
175 502 257 564 modo
275 503 465 581 dictumest,
488 508 532 569 rei
556 509 695 587 optimae,
721 520 754 572 ut
778 511 874 572 iorma
897 511 987 573 futuri
1010 510 1108 590 operis
1132 517 1164 571 et
1186 511 1253 590 ipsa
1276 511 1329 574 liat
1347 511 1470 591 optima,

129 597 205 670 patet
226 593 301 671 quud
326 594 375 660 his
400 595 526 676 legibus,
550 616 623 680 quas
638 599 720 661 Deus
743 601 808 680 ipse
832 619 887 662 sua
910 600 1043 662 bonitate
1067 597 1125 661 sibi
1147 599 1335 678 praescribit,
1359 599 1470 662 nullius

130 679 165 740 rei
187 679 281 744 ideam
302 701 357 764 pro
382 685 591 748 constituendo
616 689 723 750 mundo
747 687 898 769 suscipere
921 688 1069 770 potuerit,
1093 707 1181 768 quam
1204 709 1276 750 suae
1300 689 1393 770 ipsius
1417 707 1470 750 es-

129 769 252 832 sentiae:
277 791 354 854 quae
370 773 521 850 bifariam,
546 793 634 856 quam
652 789 813 857 praestans
837 785 927 858 atque
951 777 1053 841 divina
1077 777 1126 851 sit,
1151 777 1334 840 considerari
1357 784 1476 858 potest,

127 857 210 937 primo
230 860 262 922 iu
286 882 334 938 se,
360 871 508 942 quatenus
532 872 580 926 est
600 885 661 929 una
683 867 712 929 in
736 867 884 943 essentia,
909 867 988 930 trina
1009 869 1039 930 in
1063 867 1216 947 personis,
1241 867 1347 930 deinde
1370 867 1469 929 culla-
1548 861 1555 868 '

128 949 198 1012 tione
221 949 394 1014 saetacum
417 953 573 1016 creaturis.

204 1039 290 1102 Hauc
304 1041 477 1122 imaginem,
501 1042 578 1107 hanc
600 1044 699 1107 ideam
722 1046 830 1108 mundo
853 1043 1021 1126 imprimere
1044 1044 1148 1118 voluit,
1174 1051 1207 1107 ut
1229 1045 1255 1107 is
1279 1045 1365 1106 lieret
1387 1045 1470 1124 opti·
1552 1053 1556 1061 '

127 1145 183 1188 mus
197 1137 286 1209 atque
300 1130 529 1210 pulcherrimus,
553 1141 643 1214 utque
666 1135 692 1194 is
717 1153 781 1196 eam
805 1135 956 1214 suscipere
979 1135 1093 1214 pdsset,
1118 1132 1299 1205 Quantum
1323 1133 1467 1208 condidit,

127 1219 362 1301 quantitatesque
387 1221 624 1301 sapientissimus
647 1225 784 1286 conditor
806 1225 1000 1305 excogitavit,
1024 1243 1146 1305 quarum
1165 1222 1270 1297 omnis,
1296 1230 1330 1285 ut
1352 1223 1397 1284 ita
1420 1223 1468 1283 di-

127 1323 192 1382 oam,
216 1310 351 1372 essentia
374 1310 403 1372 in
428 1311 502 1372 haec
525 1312 583 1375 duo
607 1313 779 1375 discrimina
801 1315 935 1388 caderet,
957 1323 1071 1375 rectum
1095 1320 1126 1375 et
1147 1331 1277 1387 curvum,
1303 1331 1340 1373 ex
1363 1311 1469 1392 quibus

128 1393 236 1458 curium
260 1399 349 1461 nobis
373 1401 488 1462 duobus
518 1401 578 1464 illis
602 1404 690 1466 modo
714 1402 802 1466 dictis
826 1403 922 1465 modis
945 1402 1040 1465 Deum
1064 1409 1316 1482 repraesentaret.
1364 1401 1469 1482 Neque

127 1486 193 1548 enim
215 1487 449 1564 existimandum
473 1498 529 1566 est,
553 1499 665 1554 temere
689 1491 828 1554 extitisse
851 1499 915 1554 tam
938 1501 1012 1572 apta
1028 1491 1256 1572 praefigurando
1271 1491 1336 1553 Deo
1360 1489 1468 1552 discri-

127 1575 212 1648 mina,
246 1586 291 1639 ut
302 1578 387 1642 Deus
409 1597 467 1640 nou
491 1579 528 1641 de
551 1582 598 1643 his
621 1582 696 1662 ipsis
725 1581 921 1662 cogitaverit,
955 1582 1008 1642 aed
1037 1589 1178 1662 qnantum
1210 1597 1317 1660 corpus
1344 1585 1469 1659 propter

127 1665 193 1726 alias
214 1685 325 1729 causas
349 1668 467 1749 alioque
491 1670 615 1733 consilio
645 1671 830 1745 condiderit,
862 1679 952 1752 atque
981 1678 1091 1752 postea
1119 1669 1194 1733 recti
1223 1679 1255 1730 et
1276 1669 1358 1731 curvi
1381 1686 1467 1730 conr·

127 1755 232 1834 paratio
257 1764 290 1817 et
311 1757 388 1819 haec
411 1776 477 1821 cum
500 1758 565 1822 Deo
593 1760 756 1823 similitudo
783 1769 890 1840 suapte
918 1771 1025 1841 sponte
1053 1759 1140 1841 qussi
1167 1759 1290 1821 fortuito
1319 1757 1468 1819 extiterit.

204 1843 284 1916 Quin
306 1847 408 1928 potius
426 1847 585 1911 verisimile
606 1857 662 1919 est,
685 1850 770 1912 initio
794 1849 923 1912 omnium
948 1859 1030 1913 certo
1054 1848 1178 1911 consilio
1201 1865 1322 1909 curvum
1347 1854 1379 1908 et
1401 1865 1469 1909 rec-

127 1941 182 1996 tum
203 1955 221 1996 a
242 1936 310 1998 Deo
334 1935 433 1998 electa
457 1939 495 2002 ad
519 1939 752 2002 adumbrandam
775 1941 806 2002 in
830 1940 938 2001 mundo
964 1939 1151 2002 divinitatem
1173 1935 1353 2011 Conditoria
1379 1943 1469 2016 etqua

127 2023 237 2086 uthsec
252 2025 429 2100 existerent,
455 2027 640 2106 quantitates
655 2029 758 2104 inisse,
783 2035 874 2110 atque
897 2037 931 2092 ut
954 2027 1108 2110 quantitas
1123 2027 1292 2100 haberetur,
1317 2024 1469 2088 conditum

129 2133 187 2174 esse
209 2114 303 2193 primo
328 2115 457 2178 omnium
480 2133 598 2197 corpus.
1541 2113 1543 2120 ’

206 2203 370 2266 Videamus
393 2204 491 2278 modo,
515 2205 697 2286 ecquomodo
722 2203 850 2268 Creator
871 2205 1001 2286 optimus
1025 2207 1081 2267 has
1104 2204 1291 2285 quantitates
1316 2201 1345 2265 in
1370 2201 1468 2265 mundi

130 2289 233 2354 lubrica
254 2293 434 2366 adhibuerit,
458 2301 491 2354 et
514 2296 582 2376 quid
605 2294 766 2356 verisimile
785 2295 827 2356 sit
845 2293 956 2358 nostris
971 2293 1250 2359 ratiocinationibus
1270 2290 1468 2354 achditore

130 2381 230 2442 lactum
252 2401 340 2457 esse,
373 2391 406 2444 ut
437 2383 509 2445 illud
541 2394 649 2465 posteo
677 2403 742 2446 cum
775 2384 805 2444 in
838 2384 969 2465 antiquis
999 2392 1061 2446 tum
1089 2383 1118 2445 iu
1143 2382 1227 2446 novis
1251 2381 1467 2462 hypothesibus

129 2486 308 2548 quaeramus,
334 2469 420 2551 eique
442 2473 574 2551 palmam
596 2474 776 2542 tribuemus,
798 2491 892 2554 penes
916 2493 1001 2554 quem
1025 2473 1098 2536 illud
1121 2472 1295 2552 reperietur.

206 2560 347 2623 Mundum
371 2562 462 2641 igitur
484 2569 581 2626 totum
603 2565 698 2643 ligura
724 2563 823 2626 claudi
851 2563 1023 2644 sphaerica,
1055 2561 1172 2624 abunde
1201 2561 1279 2623 satis
1303 2559 1469 2638 disputavit

130 2647 299 2712 Aristoteles
323 2651 415 2724 (libro
439 2652 469 2712 ll
492 2653 528 2714 de
552 2654 670 2724 coelo),
704 2653 802 2714 ductis
826 2654 904 2715 inter
927 2660 1028 2714 cetera
1051 2671 1088 2713 ex
1111 2650 1269 2713 nobilitate
1293 2647 1468 2728 sphaericae

130 2737 281 2814 superficiei
309 2741 514 2819 argumentis:
548 2741 653 2822 quibus
685 2743 846 2804 etiamnum
873 2742 979 2804 ultima
1003 2739 1161 2822 Oopernici
1191 2741 1314 2802 lixarum
1337 2736 1468 2816 sphaera

130 2827 251 2904 quamvis
269 2835 352 2890 motu
374 2845 479 2892 carens
503 2832 627 2893 eandem
645 2832 770 2913 liguram
794 2839 904 2907 tuetur,
928 2830 1090 2910 recipitque
1106 2828 1206 2890 Solem
1228 2838 1370 2906 tanquam
1392 2845 1466 2888 cen·

130 2923 198 2976 trum
219 2917 246 2980 in
269 2917 406 2980 intimum
429 2920 533 2981 sinum.
580 2919 678 2984 Orbes
702 2939 772 2981 vero
800 2931 917 2983 ceteros
944 2919 1089 2981 rotundos
1119 2935 1187 2978 esse
1211 2915 1365 2979 circularis
1389 2914 1466 2976 stel-

132 3003 216 3066 larum
243 3015 340 3070 motus
371 3008 480 3087 arguit.
529 3007 659 3072 Curvnnr
688 3011 781 3090 igitur
813 3011 850 3072 ad
885 3008 983 3072 mundi
1016 3014 1154 3069 crustum
1189 3004 1355 3068 adhibitum
1388 3013 1466 3078 esse,

132 3092 258 3157 ulteriore
280 3096 458 3175 probatione
481 3116 539 3160 non
563 3108 643 3180 eget.
691 3097 767 3162 Oum
791 3107 892 3161 autem
922 3099 981 3159 tria
1005 3095 1206 3177 quantitatum
1229 3112 1341 3175 genera
1363 3092 1468 3154 videa-

132 3199 188 3242 mus
209 3183 236 3244 in
260 3186 378 3259 mundo,
401 3187 534 3265 liguram,
559 3207 712 3254 numerum
727 3196 757 3250 et
771 3187 995 3269 amplitudinem
1009 3203 1181 3265 corporum:
1206 3201 1327 3246 curvum
1351 3181 1468 3263 quidam

132 3271 216 3334 adhuc
236 3274 266 3335 iu
289 3275 355 3336 sola
377 3275 472 3355 ligura
495 3277 667 3357 reperimus.
713 3277 818 3358 Neque
842 3277 920 3339 enim
949 3273 1153 3356 amplitudinis
1181 3274 1244 3337 ulla
1272 3272 1349 3334 ratio
1373 3291 1411 3332 ex
1434 3289 1469 3334 eo

132 3367 190 3434 est,
220 3364 293 3444 quud
318 3363 493 3445 inscriptum
517 3366 605 3428 simili
629 3366 775 3446 (sphaera
798 3367 963 3447 sphaerae,
996 3365 1124 3427 circulus
1147 3363 1273 3436 circulo)
1304 3381 1341 3422 ex
1365 3359 1469 3423 eodem

132 3459 222 3512 centro
244 3461 294 3514 aut
317 3453 505 3535 undiquaque
528 3456 627 3535 tangit
650 3463 702 3517 aut
725 3455 850 3518 nullibi:
880 3463 913 3517 et
935 3454 1122 3535 sphaericum
1144 3454 1260 3533 ipsum,
1286 3469 1351 3512 curu
1374 3450 1469 3512 solnm

133 3545 159 3597 et
180 3541 288 3603 unicum
312 3543 353 3604 sit
374 3542 405 3604 in
425 3561 478 3604 suo
498 3544 677 3625 quantitatis
699 3561 824 3623 genere,
849 3563 906 3606 non
931 3551 1034 3624 potest
1056 3543 1133 3604 alius
1156 3542 1267 3604 numeri
1292 3557 1381 3621 quam
1403 3546 1468 3600 ter-

134 3627 198 3688 narii
218 3631 382 3710 subjeetum
405 3651 483 3694 esse.
520 3632 609 3704 Quod
633 3634 658 3695 si
681 3634 773 3713 igitur
796 3634 891 3696 solum
916 3651 1036 3696 curvum
1059 3633 1142 3693 Deus
1165 3633 1195 3694 in
1218 3630 1340 3712 conditu
1363 3647 1468 3709 respe-

133 3715 232 3793 xisset,
262 3727 383 3800 praeter
405 3719 507 3784 Solen
530 3722 560 3785 in
589 3729 711 3797 centro,
743 3723 792 3802 qui
819 3724 933 3803 patris,
968 3721 1127 3801 sphaeram
1154 3722 1279 3782 lixanum
1303 3718 1351 3780 rel
1375 3736 1468 3798 aquas

135 3802 271 3870 Moesicas
294 3811 323 3871 in
347 3810 472 3885 ambitu,
498 3830 573 3892 quae
596 3811 664 3887 lilii,
689 3831 792 3873 auram
816 3812 977 3874 coelestem
1001 3811 1101 3872 omnia
1123 3810 1302 3891 replentem,
1327 3808 1390 3869 sive
1412 3825 1469 3867 ex·
1509 3862 1512 3868 .

136 3895 283 3962 tensionem
305 3906 338 3961 et
360 3899 576 3964 firmamentum
599 3900 685 3976 illud,
716 3901 792 3980 quod
816 3899 948 3980 Spiritus
975 3899 1074 3977 imago
1103 3906 1205 3961 esset:
1236 3905 1357 3978 praeter
1380 3897 1465 3968 haec,

135 3980 250 4061 iuquam,
278 3987 352 4051 nihil
379 3989 526 4052 existeret
548 3991 577 4051 in
600 3991 657 4052 hcc
680 3989 814 4052 aedificio
838 3991 995 4051 mundano.
1042 3989 1129 4051 Nunc
1151 4005 1223 4050 vero
1246 4005 1313 4048 cum
1337 3995 1369 4049 et
1391 3987 1468 4048 lirae

136 4069 187 4132 sint
211 4076 456 4154 inumnerabiles,
486 4087 517 4141 et
548 4079 699 4142 mobilium
727 4097 784 4140 non
808 4079 1025 4141 incertissimus
1049 4077 1226 4157 catalogus,
1258 4085 1289 4137 et
1317 4077 1467 4138 coelorum

135 4165 335 4239 magnitudines
360 4167 533 4249 inaequales
556 4169 692 4242 invicem,
717 4186 840 4230 necesse
861 4173 910 4228 est
929 4187 1037 4230 causas
1061 4184 1161 4229 eurum
1185 4167 1314 4228 omniurn
1338 4185 1376 4229 ex
1400 4183 1467 4227 rec-

137 4247 245 4315 titudine
266 4263 413 4336 petamus.
459 4257 527 4320 Nisi
551 4258 627 4319 forts
651 4258 747 4319 Deum
774 4257 945 4336 putabimus
974 4257 1131 4338 quicquam
1160 4256 1189 4318 in
1216 4255 1325 4316 mundo
1353 4262 1464 4316 temere
1531 4245 1543 4259 '

137 4335 241 4418 fecisse,
265 4345 332 4406 dum
356 4345 488 4408 rationes
512 4347 642 4426 optimae
666 4354 875 4424 suppeterent,
900 4347 931 4408 id
955 4345 1032 4426 quod
1057 4363 1142 4406 nemo
1166 4345 1237 4407 mihi
1260 4339 1462 4423 persuadebit,

139 4433 166 4484 ul
183 4432 224 4492 vel
246 4433 280 4494 de
303 4433 371 4495 lixis
396 4435 535 4511 sentiam,
559 4455 682 4516 quarum
707 4443 807 4497 tamen
823 4435 899 4496 situs
915 4435 1044 4498 maxime
1059 4433 1189 4496 omniurn
1204 4433 1355 4505 confusus,
1380 4427 1464 4508 quasi

140 4511 258 4582 locutus
280 4523 425 4585 sementis
443 4525 545 4605 jactus
568 4524 655 4586 uobis
680 4524 806 4585 videtur.

210 4608 368 4674 Veniamus
392 4613 483 4692 igitur
506 4613 543 4676 ad
567 4621 692 4676 rectas
715 4612 958 4693 quantitates.
1004 4609 1092 4673 Sicut
1115 4616 1216 4671 autem
1239 4599 1464 4702 anteansphpe-

140 4689 190 4754 rica
208 4701 369 4780 superficies
394 4701 461 4762 ideo
485 4704 621 4766 assumta
644 4701 803 4779 est,·qnia
824 4699 1042 4770 perfectissima
1067 4697 1122 4759 luit
1145 4695 1313 4774 quantitas.
1338 4697 1381 4749 tta
1399 4705 1466 4764 Jem

142 4796 188 4844 tuo
206 4787 277 4852 saltu
300 4793 338 4856 sd
362 4809 489 4874 curpett
512 4801 715 4876 transeamus,
745 4799 778 4854 ut
801 4807 876 4885 quae
900 4807 938 4852 ex
961 4788 1051 4866 rectis
1074 4785 1226 4874 perlectae
1249 4784 1319 4840 sunt
1342 4774 1466 4866 quanti·
1564 4863 1567 4872 γ
