3718 5520
327 241 394 318 ιιι
888 244 929 296 ιιι
946 243 1126 298 emmae·

419 403 619 470 Differentiae
644 423 715 484 ergo
739 405 770 467 in
793 404 965 468 universnm
990 403 1166 486 quindecim.
1211 401 1282 468 Jam
1300 401 1467 481 rideamus,
1491 401 1615 486 quinam
1637 402 1685 466 iu-

329 503 376 562 ter
399 495 455 560 has
479 495 625 568 delectus,
650 501 682 556 et
706 513 853 576 quaenam
876 494 939 556 siut
961 494 1141 557 naturaliter
1164 493 1337 558 dromos.

733 591 736 598 '
870 582 1000 646 Thesln
1023 582 1143 646 XXHl.

420 671 553 734 Primum
577 671 690 733 nullum
714 690 871 734 excessum
899 672 947 734 vel
978 671 1128 736 defectum
1152 670 1320 734 solitarium
1347 671 1413 734 sine
1441 669 1689 751 compensatione

330 759 499 824 consistere
523 779 651 840 aequum
675 766 733 824 est.
779 761 828 822 Ex
849 761 994 824 solitariis
1017 761 1120 842 itaque
1144 779 1211 835 sex,
1245 767 1372 840 quatuor
1400 761 1521 824 cadunt
1566 759 1689 822 Medio-

332 851 427 913 critas
452 868 522 912 vero
546 848 657 912 caloris
682 849 938 923 (mediocritatem
961 850 1153 933 proportione
1176 849 1288 926 muudi,
1313 869 1370 912 non
1395 849 1567 930 quantitate
1591 847 1689 911 aesti-

329 939 493 1015 mabimus)
518 938 631 1000 collata
654 946 703 1003 est
725 938 754 1000 in
779 957 888 1019 eorpus
904 937 1022 1014 Solare,
1048 939 1099 1020 qui
1120 958 1201 1000 mere
1225 939 1346 1024 propria
1359 940 1425 1002 loce
1439 938 1548 1002 utitur:
1572 937 1690 1000 medio-

330 1027 423 1091 critas
446 1027 638 1092 humectandi
661 1029 691 1090 iu
716 1046 823 1108 corpus
847 1029 978 1101 Lauare,
1003 1047 1078 1108 quae
1095 1047 1176 1091 mere
1199 1029 1374 1091 mutuatitia
1395 1027 1479 1092 Solis
1503 1036 1535 1090 et
1555 1027 1689 1090 siderum

329 1119 396 1180 luce
419 1117 523 1180 utitur.

868 1203 1001 1266 Thesis
1024 1204 1144 1268 XXIV.

420 1292 538 1357 Deinde
562 1311 657 1376 neque
682 1311 826 1356 excessus
851 1293 995 1356 cumulari
1023 1292 1207 1374 expediebat
1233 1293 1283 1356 rel
1311 1293 1458 1356 delectus.
1506 1289 1587 1354 Sunt
1611 1291 1690 1356 enim

336 1390 488 1446 enatura
510 1384 601 1464 paulo
624 1383 799 1458 alieniores,
831 1401 887 1445 nec
910 1381 969 1446 nisi
992 1383 1210 1465 contemperati
1234 1400 1378 1446 excessus
1401 1401 1468 1444 cum
1492 1381 1614 1442 deiectu
1636 1401 1689 1443 re-

333 1473 491 1553 cipiuntur.
537 1475 644 1553 ltaque
668 1471 767 1534 nullus
791 1472 914 1552 planeta
937 1472 1037 1534 lactus
1061 1479 1118 1547 est,
1143 1471 1193 1552 qui
1216 1480 1373 1552 utrumque
1396 1473 1446 1534 rel
1460 1487 1620 1534 excessum
1643 1471 1692 1532 rel

333 1563 484 1625 defectum
509 1561 705 1641 suscepisset.
752 1560 886 1624 Restant
904 1579 975 1640 ergo
1001 1561 1189 1623 differentiae
1213 1580 1252 1623 ex
1269 1559 1542 1625 combinationibus
1562 1567 1689 1640 septem.

332 1653 429 1716 Porro
452 1671 490 1712 ex
513 1649 560 1712 his
583 1649 630 1712 bis
653 1649 742 1711 binae
767 1650 871 1712 eodem
895 1650 1043 1712 recidunt.
1089 1649 1206 1712 Eadem
1230 1649 1308 1712 enirn
1331 1657 1381 1712 est
1401 1648 1556 1732 proportio
1580 1667 1690 1712 exces-

333 1760 385 1802 sus
413 1740 523 1802 caloris
551 1740 590 1802 ad
620 1738 862 1803 mediocritatem
891 1738 1038 1812 humoris,
1074 1757 1151 1818 quae
1180 1739 1402 1802 mediocritatis
1430 1737 1542 1800 caloris
1570 1736 1611 1800 ad
1634 1737 1689 1800 dc-

334 1831 446 1894 lectum
480 1829 627 1892 humoris:
662 1827 766 1890 eadem
796 1827 931 1890 delectus
961 1826 1071 1890 caloris
1099 1829 1138 1890 ad
1171 1827 1411 1892 mediocritatem
1433 1825 1584 1903 humoris,
1614 1845 1691 1906 quae

333 1917 553 1982 mediocritatis
578 1917 688 1980 caloris
713 1917 753 1978 ad
776 1935 934 1980 excessum
957 1916 1104 1992 humoris,
1139 1917 1218 1998 qood
1240 1917 1289 1980 rel
1321 1917 1352 1980 io
1380 1918 1477 1996 ligura
1504 1915 1605 1980 lineae
1633 1936 1692 1997 pa-

338 2007 437 2071 ralleli
454 2009 626 2070 ostendunt.
673 2006 758 2070 Idem
773 2005 810 2068 de
831 2006 946 2086 junctis
961 2005 1137 2068 excessibus
1151 2005 1302 2086 judicium,
1326 2006 1376 2068 rel
1395 2005 1575 2068 defectibus.
1615 2004 1694 2068 Sunt

335 2115 406 2176 ergo
430 2115 519 2158 verae
544 2095 733 2159 differentiae
758 2095 895 2176 quinque,
920 2103 983 2157 tres
998 2094 1160 2198 simplices,
1186 2095 1263 2158 duae
1278 2103 1313 2158 ut
1330 2095 1396 2174 jam
1419 2095 1520 2176 patuit
1543 2095 1692 2174 qnbdaru-

334 2186 423 2248 modo
453 2185 602 2265 duplices,
635 2203 688 2246 seu
721 2183 820 2263 potios
855 2185 979 2247 duorum
1011 2184 1178 2258 nominum,
1212 2203 1272 2246 ona
1303 2185 1403 2247 trium.
1450 2182 1498 2246 Ac
1530 2201 1600 2245 eom
1631 2184 1693 2246 aiot

335 2274 498 2338 inmundo
527 2271 695 2364 quinque
679 2273 772 2336 etiam
794 2273 949 2352 planetae,
983 2279 1045 2336 tres
1070 2272 1240 2352 superiores
1263 2281 1296 2336 et
1323 2275 1382 2336 duo
1405 2271 1582 2346 inferiores,
1617 2291 1692 2334 cou-

335 2369 512 2424 sentaneum
537 2359 674 2443 equidem
698 2369 756 2438 est,
782 2362 831 2423 rel
852 2363 889 2424 ob
913 2362 990 2424 banc
1014 2361 1110 2424 solam
1134 2380 1256 2424 causam
1280 2362 1433 2443 (quamvis
1458 2369 1490 2424 et
1512 2361 1593 2424 aliae
1618 2379 1691 2441 sup-

334 2452 456 2532 petant)
481 2457 528 2514 tot
550 2469 671 2513 numero
696 2450 795 2512 iactos
820 2470 908 2512 esse:
937 2449 1015 2512 adeo
1039 2450 1112 2512 nihil
1135 2451 1236 2530 aptius
1268 2471 1337 2515 esse
1364 2451 1467 2533 potuit
1492 2451 1551 2512 hac
1573 2449 1690 2513 combi-

334 2539 487 2603 nationum
511 2539 620 2603 iutsr'
613 2559 696 2623 rpsos
720 2538 946 2603 distributione:
971 2558 1061 2619 quam
1084 2539 1141 2602 hac
1164 2540 1281 2604 tabella
1303 2540 1342 2604 ob
1366 2541 1469 2604 oculos
1491 2557 1581 2620 pono.

495 2715 649 2782 Excessus
755 2716 770 2777 l
815 2713 847 2778 V
891 2715 917 2780 P
961 2717 976 2778 l
1021 2715 1048 2778 T
1091 2713 1119 2776 Ε
1151 2715 1194 2778 Β
1311 2716 1465 2782 Excessus

677 2803 701 2870 S
729 2821 793 2896 mer¹
1167 2803 1191 2872 S
1236 2803 1261 2870 S

739 2891 770 2954 Α
881 2910 918 2954 cu
1017 2891 1049 2952 V
1160 2892 1191 2958 R

431 3001 465 3052 0
815 2980 842 3044 T
885 2979 916 3044 N
1013 2979 1040 3043 n'
1089 2981 1121 3046 A
1549 2997 1581 3059 tu

433 3057 463 3153 ἓ
736 3067 795 3132 VB
885 3069 915 3130 V
1010 3069 1044 3131 M
1151 3090 1188 3132 us
1548 3059 1570 3158 Ξ

342 3157 463 3224 Sol*
433 3121 454 3276 Ξ
495 3157 764 3223 Mediocri
809 3157 840 3219 V
885 3158 911 3219 P
955 3159 972 3222 1
1017 3157 1043 3220 T
1087 3156 1115 3223 Ε
1160 3158 1190 3222 R
1311 3159 1509 3224 Mediocritas
1547 3159 1693 3298 {Luna

722 3265 786 3310 mer
884 3245 907 3308 S
1011 3245 1041 3310 R
1158 3246 1182 3310 S

433 3223 464 3420 Ξ
813 3333 1118 3400 RcuVN
1548 3299 1582 3402 ἓ·

744 3411 1184 3488 ANriV

677 3513 712 3575 M
736 3511 795 3576 VR
1139 3534 1176 3576 os
1220 3510 1245 3582 S

498 3599 644 3663 Defectus
732 3602 748 3665 I
793 3601 824 3663 V
869 3599 895 3662 P
939 3601 955 3664 I
1003 3601 1029 3664 T
1073 3599 1101 3665 Ε
1146 3601 1177 3666 R
1313 3601 1462 3668 Defectus

879 3776 1014 3840 Thesis
1036 3777 1139 3843 XXV.
1667 3803 1676 3808 ’

422 3863 471 3926 Ex
493 3862 541 3926 his
571 3863 719 3944 sequitur,
752 3866 893 3947 planetas
925 3863 1054 3948 quinque
1077 3885 1137 3930 non
1165 3873 1284 3931 tantum
1318 3867 1494 3932 mutuatitia
1517 3869 1602 3934 Solis
1625 3871 1692 3934 luce

334 3950 402 4023 frui,
429 3954 482 4015 sed
507 3953 599 4016 etiam
623 3954 659 4017 de
684 3973 738 4016 suo
762 3955 876 4033 aliquid
898 3956 1027 4020 addere:
1053 3957 1132 4036 quod
1156 3957 1275 4038 quidem
1299 3965 1330 4020 st
1353 3957 1432 4020 aliae
1456 3959 1594 4022 rationes
1617 3980 1690 4022 sua·

336 4043 419 4104 dent.
464 4043 544 4106 Nam
568 4043 594 4105 si
617 4044 714 4106 multa
736 4043 816 4124 apud
838 4064 893 4106 nos
915 4045 1042 4128 physica
1065 4064 1193 4126 corpora
1211 4047 1307 4108 locem
1321 4047 1436 4112 habent
1455 4047 1595 4125 insitam,
1622 4050 1691 4130 quid

336 4131 493 4213 prohibet,
516 4133 629 4195 habers
655 4133 795 4208 eandem,
825 4141 946 4213 praeter
970 4133 1087 4210 Solem,
1112 4144 1146 4197 et
1168 4135 1244 4198 alios
1267 4135 1375 4214 globos
1398 4138 1573 4201 coelestes?
1619 4139 1693 4202 Turn

335 4221 367 4283 si
385 4228 524 4283 carerent
546 4221 687 4302 planetae
712 4224 775 4285 luce
799 4223 937 4302 propria,
962 4222 1102 4288 videntur
1126 4225 1216 4288 etiam
1241 4225 1362 4302 laniem,
1387 4233 1421 4289 ut
1444 4227 1549 4302 Luna,
1574 4235 1691 4291 motare

336 4309 455 4375 debere.
502 4310 639 4391 Denique
663 4311 805 4374 credibile
830 4322 887 4389 ιιι,
913 4313 1070 4416 fulgorem
1084 4322 1116 4376 et
1134 4315 1382 4380 scintillationem
1396 4324 1610 4397 argumentum
1624 4337 1691 4380 esse

334 4399 410 4464 lucis
433 4400 584 4482 propriae,
608 4375 840 4464 nebulositatem
864 4410 897 4463 st
919 4401 1072 4483 pigritiem
1097 4403 1225 4466 alienas.

873 4491 1011 4553 Thesis
1033 4491 1154 4556 XXVI.

385 4575 682 4641 Considerandum
706 4597 782 4640 nuno
806 4577 897 4642 etiarn
920 4580 978 4643 lroc
1002 4589 1064 4656 est,
1090 4581 1232 4662 quidnam
1255 4579 1287 4644 id
1309 4579 1366 4654 sit,
1397 4581 1477 4664 quod
1499 4582 1691 4663 planetarum

332 4665 389 4728 has
411 4667 492 4729 vires
521 4666 551 4729 in
576 4684 732 4728 excessum
761 4667 888 4731 medium
918 4677 951 4732 et
983 4669 1132 4742 delectum
1163 4669 1349 4750 distinguere
1381 4671 1490 4751 possit
1536 4671 1690 4734 Motuati-

334 4754 408 4816 tiam
430 4755 532 4838 itaque
555 4756 652 4820 lucem
676 4773 742 4820 curu
766 4777 785 4819 a
808 4757 970 4824 reflexione
993 4759 1215 4832 deduxerimus,
1238 4760 1542 4828 considerandi-sont
1563 4779 1619 4843 pon
1634 4760 1690 4824 itae
