3628 5518
829 244 1160 316 uaeas-cammaro

527 404 694 468 Adamides
718 423 817 468 rernm
841 426 928 470 ouras
952 407 1069 488 agitare
1093 410 1238 474 suarum?

526 493 666 574 Respicis
689 494 883 571 immeritum,
908 497 992 558 vehis
1016 497 1046 558 in
1071 497 1213 568 sublime,
1236 499 1368 564 Deorum

526 583 656 646 Tantum
679 603 736 644 non
761 603 856 663 genus
881 594 941 659 est,
966 595 1069 648 tantos
1095 587 1213 667 largiris
1237 587 1378 660 honores,

526 671 776 754 Magnificumqne
802 681 894 752 capnt
917 673 1012 754 cingis
1037 676 1223 749 diademate,
1248 675 1364 756 Regem
1437 697 1442 710 ·

443 777 446 784 ·
527 759 753 842 Constituisque
777 781 866 842 snper
889 782 1030 826 manuum
1054 773 1245 830 monuments
1267 772 1395 830 tuarum.

527 848 616 920 Quod
640 869 731 930 snpra
753 859 846 930 caput
869 860 932 927 est,
956 871 1081 929 magnos
1104 871 1170 916 cum
1194 853 1322 931 motibus
1346 854 1449 931 orbes,

525 937 656 1019 Subjicis
681 939 820 1020 ingenio:
846 939 984 1021 quioquid
1009 943 1127 1006 Tellure
1152 951 1284 1016 creatur,

444 1083 449 1088 .
524 1027 638 1092 Natum
661 1029 761 1108 operis
784 1047 876 1108 pecus
900 1039 990 1111 atque
1015 1030 1076 1093 aris
1101 1031 1285 1094 minantibus
1308 1038 1425 1110 aptum,

524 1113 669 1198 Quaeque
693 1117 834 1181 habitant
856 1119 951 1180 siluas
974 1119 1155 1198 reliquarum
1179 1120 1282 1182 saecla
1307 1120 1452 1194 terarum,

525 1202 671 1286 Quodque
695 1225 804 1286 genus,
830 1209 981 1281 volucres,
1008 1208 1124 1272 levibus
1148 1209 1220 1272 ierit
1243 1215 1317 1272 abra
1339 1210 1461 1288 pennu,

524 1290 642 1372 Quique
666 1295 758 1358 maris
783 1303 900 1358 tractus
924 1305 1049 1361 tranant
1072 1305 1104 1359 et
1127 1298 1262 1369 flumina,
1286 1297 1399 1377 pisces,

525 1379 623 1444 Ornos
642 1384 732 1464 J'ubes
756 1402 891 1462 premere
914 1385 1039 1464 imperio
1064 1386 1230 1466 dextraque
1253 1386 1381 1464 potenti.

568 1539 648 1602 Jova
671 1549 756 1604 sator
778 1543 898 1618 Mundi,
922 1553 1115 1626 nostrumque
1138 1553 1266 1606 aeterna
1287 1552 1428 1626 potestas

525 1627 647 1701 Quanta
669 1638 724 1694 tua
746 1639 795 1694 est
818 1651 936 1696 ornnem
960 1635 1116 1696 Terrarum
1142 1633 1222 1696 fama
1246 1651 1299 1714 par
1322 1633 1445 1696 orbem?
1538 1693 1547 1706 ,

648 1895 692 1960 IN
717 1893 856 1965 CAPUT
879 1895 1119 1962 VIOESIMUM
1142 1897 1331 1985 TERTIUM

770 2092 777 2096 ,
838 2023 952 2078 nurse
971 2021 1148 2076 lucrosus.

391 2121 422 2194 ι)
442 2127 503 2180 Non
527 2135 619 2183 tamen
643 2130 739 2185 statim
763 2133 797 2184 de
821 2131 1014 2202 conjunctione
1038 2131 1155 2185 omnium
1179 2133 1354 2201 planetarum
1379 2131 1430 2184 sub
1450 2132 1548 2184 mem
1572 2129 1680 2183 aodiaci

311 2205 402 2277 gradu
416 2207 578 2262 concludere
593 2223 750 2278 possumus:
761 2211 883 2275 sufficit,
909 2212 932 2264 si
946 2212 1073 2266 saltem'
1066 2229 1093 2264 ιιι
1107 2228 1212 2283 genero
1231 2211 1316 2266 merit
1329 2212 1426 2282 aliqua
1446 2209 1611 2264 harmonica
1624 2209 1679 2264 dis·

311 2285 413 2356 positio
434 2292 464 2342 ot
484 2288 589 2346 zodiaci
609 2307 659 2358 per
678 2291 809 2360 planetas
830 2292 936 2354 divisio,
959 2292 1054 2346 sinon
1075 2309 1111 2345 ex
1126 2293 1238 2355 Terrae,
1260 2301 1292 2346 ιι
1310 2292 1410 2346 saltem
1430 2307 1467 2344 ex
1481 2290 1556 2345 Solis
1571 2296 1678 2352 centra

312 2365 373 2420 ride
389 2367 483 2420 Herm.
499 2368 547 2425 lib.
564 2370 611 2423 IV.
626 2387 687 2438 cap.
705 2371 731 2424 2.
747 2372 818 2426 ei3.

392 2443 422 2512 bl
444 2448 506 2502 Non
529 2449 634 2506 tolerat
648 2452 826 2516 astronomia,
852 2449 999 2522 supposita
1021 2451 1195 2520 periodorum
1213 2450 1425 2522 aequabilitate,
1450 2457 1482 2506 ut
1496 2449 1678 2504 constellatio

312 2527 382 2584 baec
395 2528 554 2598 perficiatur
568 2531 657 2600 adque
671 2547 775 2584 meram
789 2532 976 2588 harmonicam
990 2531 1195 2602 dispositionem
1210 2531 1365 2602 redigatur.

392 2601 420 2672 c)
444 2607 503 2661 Nec
524 2610 577 2664 hcc
600 2610 794 2676 necessarium,
819 2630 869 2666 nec
892 2611 1045 2668 auotoritas
1060 2618 1184 2668 veterum
1209 2611 1298 2684 rigide
1319 2612 1445 2681 urgendo
1466 2612 1500 2666 do
1515 2609 1675 2664 creatione:

311 2685 404 2760 potuit
422 2687 493 2742 enim
515 2689 625 2761 frugum
646 2699 797 2762 proventus
818 2691 883 2760 (non
906 2691 1052 2745 creationis
1075 2685 1220 2760 memoria)
1236 2707 1349 2745 causam
1370 2691 1444 2760 dare,
1471 2707 1519 2744 cur
1533 2706 1600 2743 anns
1592 2689 1675 2743 'finis

312 2773 458 2821 autumnus
482 2769 642 2823 haberetur.

392 2843 420 2912 d)
446 2849 516 2912 Quid
531 2849 553 2903 si
568 2867 602 2903 ne
616 2851 669 2903 hoc
684 2849 808 2920 quidem?
832 2852 895 2921 quid
915 2852 936 2905 si
953 2869 1006 2905 non
1022 2852 1048 2905 in
1064 2852 1203 2906 absidibus
1224 2851 1310 2906 creati
1325 2850 1466 2919 planetae,
1491 2857 1523 2904 ιιι
1537 2849 1565 2902 in
1581 2853 1675 2902 extre·

290 2937 293 2944 '
311 2927 369 2991 mis,
384 2928 432 2982 ubi
446 2929 578 2999 aequatio
591 2931 678 2994 nulla,
688 2927 742 2984 'sed
756 2931 784 2985 in
798 2931 947 2986 intervallo
962 2931 1058 2996 medio,
1073 2933 1121 2987 ubi
1136 2933 1266 3002 aequatio
1282 2930 1425 2985 maxima?
1460 2931 1559 3000 ltaque
1579 2943 1675 2998 super·

311 3015 355 3061 est
369 3009 533 3064 exercitatio
555 3009 611 3064 ista
633 3011 779 3080 proposita
802 3013 925 3067 omnibus
950 3013 1166 3070 calculatoribus
1186 3010 1385 3072 astronomicis,
1409 3015 1440 3063 st
1458 3011 1545 3078 plena
1568 3008 1675 3079 quidem

311 3087 375 3157 piae
399 3090 586 3158 persuasionis
609 3093 643 3144 de
667 3097 730 3145 ortu
751 3092 890 3161 temporis.
932 3093 1097 3147 Maestlinus
1122 3093 1218 3163 aliqua
1239 3091 1367 3146 tentarit.
1410 3089 1512 3159 Accipe
1537 3095 1568 3142 et
1591 3104 1610 3142 a
1633 3105 1674 3140 me

312 3166 403 3230 aliam,
428 3169 476 3222 ubi
499 3187 536 3223 ex
550 3177 645 3226 denuo
660 3170 732 3226 Solis
755 3173 847 3228 omnia
869 3173 897 3227 in
913 3172 980 3226 locis
999 3173 1134 3244 oppositis
1158 3179 1188 3228 et
1201 3172 1353 3242 quadratis,
1377 3177 1408 3224 et
1431 3169 1540 3239 punctis
1564 3167 1673 3238 quidem

312 3247 510 3302 cardinalibus.

392 3327 526 3382 Currente
548 3335 614 3387 anto
637 3343 732 3384 ueram
754 3336 876 3386 nostram
897 3332 1042 3403 vulgarem
1064 3349 1136 3388 anno
1151 3331 1229 3388 ³993
1243 3331 1357 3386 Juliano
1379 3336 1455 3386 retro
1477 3333 1606 3390 extenso.
1632 3327 1673 3380 dle

313 3406 359 3462 24.
374 3405 441 3460 Julii
462 3409 496 3462 ad
511 3424 655 3478 vesperam
677 3407 825 3479 incipiente
847 3409 876 3464 in
890 3412 1033 3470 Chaldaea
1056 3413 1127 3468 feria
1141 3414 1270 3476 secunda,
1291 3412 1338 3466 Sol
1352 3417 1382 3466 et
1395 3413 1476 3464 Luna
1498 3408 1525 3462 in
1541 3406 1675 3477 principio

312 3486 404 3541 canori
418 3503 505 3557 prope
519 3506 565 3544 cor
580 3489 676 3552 leonis,
702 3506 794 3544 omnes
808 3489 905 3545 Lunae
927 3501 1016 3548 motus
1040 3493 1068 3548 in
1083 3491 1283 3564 quadrantibus
1298 3497 1370 3556 sunt,
1395 3498 1427 3544 ut
1449 3495 1479 3540 et
1493 3505 1587 3542 omnes
1611 3487 1673 3542 reli·

312 3566 370 3638 qui:
396 3565 531 3622 Saturnus
546 3576 576 3622 et
588 3568 739 3624 Mercurius
760 3587 855 3626 versus
871 3571 959 3625 librae
976 3573 1089 3636 initium,
1113 3573 1232 3644 Jupiter,
1252 3571 1348 3626 Tellus
1363 3583 1459 3624 versus
1474 3567 1672 3638 capricornum,

311 3647 399 3710 Luna,
424 3648 508 3712 Mars,
532 3651 626 3702 Venus
649 3665 745 3703 versus
760 3667 897 3705 cancrum.
936 3653 966 3706 In
981 3653 1116 3708 Mercurio
1138 3653 1283 3707 abundant
1296 3653 1403 3722 gradm
1418 3647 1533 3718 aliquot,
1559 3649 1608 3702 sed
1629 3646 1673 3716 qui

311 3727 433 3780 consumi
454 3735 572 3797 possunt
594 3727 655 3796 ejus
670 3731 835 3800 aequatione
859 3732 980 3787 maxima
1003 3733 1137 3794 ablativa,
1163 3732 1186 3786 si
1209 3734 1287 3785 modo
1309 3731 1378 3785 satis
1402 3728 1531 3800 cognitus
1547 3733 1591 3781 est
1614 3725 1672 3794 ejus

311 3812 400 3860 motus
415 3807 527 3870 medius,
547 3815 580 3862 ut
594 3825 647 3861 non
660 3825 712 3878 per
725 3809 807 3880 hrrjus
827 3811 1023 3868 correctionem
1037 3814 1241 3866 consumantur.
1278 3813 1307 3866 In
1323 3813 1431 3864 Venere
1447 3807 1531 3861 etiam
1548 3807 1673 3861 abundat

311 3884 423 3955 aliquid,
448 3889 517 3957 quod
534 3887 700 3958 aequatione
723 3891 785 3944 tolli
805 3907 859 3945 non
873 3900 975 3960 potest.
1014 3892 1096 3948 Faria
1108 3895 1230 3947 secunda
1243 3899 1288 3946 est
1301 3888 1473 3950 firmamenti,
1500 3904 1551 3941 seu
1566 3902 1671 3956 expau-

312 3963 395 4019 sicnis
409 3966 482 4021 inter
496 3983 582 4038 squas
597 3974 627 4020 et
640 3985 740 4039 squam
755 3971 835 4042 quasi
850 3973 930 4027 orbes
946 3991 995 4028 sau
1009 3975 1152 4042 planetae,
1169 3990 1219 4042 per
1232 3973 1305 4026 banc
1318 3969 1520 4040 expansionem
1535 3967 1578 4020 ire
1589 3965 1669 4036 jussi,

312 4044 428 4099 statim
420 4064 448 4099 rn
462 4047 522 4116 ipso
537 4053 598 4102 ortu
613 4049 739 4118 expansi,
755 4050 918 4120 coeperint
910 4070 963 4116 ηις
979 4053 1051 4110 ferie
1063 4068 1129 4108 vero
1144 4059 1244 4123 quarta
1257 4054 1363 4106 domum
1383 4053 1552 4106 exornatum
1569 4048 1672 4102 coelum

311 4125 443 4180 extimum
456 4127 528 4189 lixis,
544 4135 574 4182 et
586 4127 634 4183 Sol
648 4135 678 4184 et
690 4129 771 4184 Luna
784 4138 837 4186 etc.
852 4133 951 4186 ultima
964 4150 1046 4188 manu
1061 4133 1200 4204 imposita.
1210 4123 1246 4196 1ηι

391 4201 419 4268 a)
441 4207 551 4278 Dogma
570 4207 742 4264 innitebatur
761 4211 824 4264 huic
843 4217 874 4265 ιιι
892 4213 1021 4282 primario
1042 4213 1232 4268 fundamento.
1256 4212 1325 4282 quod
1350 4211 1423 4264 inter
1437 4207 1521 4262 orbes
1537 4207 1671 4259 coelestes

311 4285 349 4340 sit
370 4286 512 4355 proportio
535 4286 598 4351 illa,
624 4305 694 4358 qnae
718 4297 762 4343 est
785 4290 889 4344 orbium
913 4292 1141 4364 geometricorum
1169 4290 1331 4362 cujuslibet,
1361 4307 1398 4341 ex
1423 4289 1545 4360 quinque
1568 4283 1671 4356 ligastis.

311 4366 424 4420 illarum
442 4366 513 4420 enim
527 4374 647 4438 quatuor
665 4369 857 4438 proportiones
877 4377 942 4425 sunt
956 4372 1118 4433 ineffabiles
1142 4389 1199 4434 seu,
1221 4378 1254 4425 nt
1275 4369 1319 4422 hic
1340 4385 1400 4421 cum
1415 4367 1505 4437 vulgo
1520 4363 1670 4434 appellavi.

310 4445 496 4501 irrationales.
537 4447 600 4501 lam
619 4464 686 4501 vero
704 4449 911 4504 fundamentum
931 4451 983 4504 hoo
996 4449 1183 4514 refutavimus,
1205 4451 1269 4522 quia
1289 4447 1430 4517 proportio
1452 4444 1616 4498 coelestium
1629 4457 1671 4495 or·

311 4525 385 4580 bium
406 4542 460 4579 non
480 4533 524 4579 est
542 4527 659 4581 exsulis
680 4528 798 4598 quinquo
816 4529 922 4600 figuris.
965 4530 1121 4594 Quaeritur,
1146 4530 1208 4601 qnid
1226 4529 1285 4598 jam
1305 4541 1386 4596 porro
1410 4527 1445 4578 de
1465 4526 1520 4578 hcc
1542 4525 1671 4594 dogmate

311 4607 466 4668 tenendum,
482 4612 511 4659 et
524 4622 587 4660 uum
601 4610 682 4662 detur
697 4607 792 4679 aliqua
805 4609 932 4678 perfecto
945 4611 1148 4680 apocatastusis
1163 4615 1282 4664 motuum
1296 4605 1435 4660 omnium?
1479 4603 1560 4664 Dico,
1581 4617 1672 4671 quam·

311 4683 352 4738 ris
366 4685 419 4740 hoc
433 4686 611 4741 fundamento
626 4687 749 4750 subruto,
769 4689 873 4742 nullam
887 4695 981 4742 tamen
995 4689 1054 4743 dari
1073 4688 1289 4759 apocatastssin.
1331 4685 1359 4738 ld
1378 4683 1520 4753 probabo.
1563 4683 1672 4735 Οιιιιιιιι

311 4762 464 4834 igiturest,
486 4765 509 4820 si
523 4767 716 4838 proportiones
731 4769 831 4824 saltem
845 4767 1044 4837 periodiccrum
1059 4775 1210 4840 tenrporum
1224 4772 1288 4822 aunt
1300 4763 1435 4826 effundes.
1460 4760 1523 4816 (1²5
1539 4765 1672 4830 ΨΜ·
