<?xml version="1.0" encoding="UTF-8"?>
<!DOCTYPE html PUBLIC "-//W3C//DTD XHTML 1.0 Transitional//EN"
    "http://www.w3.org/TR/xhtml1/DTD/xhtml1-transitional.dtd">
<html xmlns="http://www.w3.org/1999/xhtml" xml:lang="en" lang="en">
 <head>
  <title>
</title>
<meta http-equiv="Content-Type" content="text/html;charset=utf-8" />
  <meta name='ocr-system' content='tesseract 3.04.00' />
  <meta name='ocr-capabilities' content='ocr_page ocr_carea ocr_par ocr_line ocrx_word'/>
</head>
<body>
  <div class='ocr_page' id='page_1' title='image "./joanniskepleria22frisgoog_0073.png"; bbox 0 0 3542 5528; ppageno 0'>
   <div class='ocr_carea' id='block_1_1' title="bbox 301 317 1055 395">
    <p class='ocr_par' dir='ltr' id='par_1_1' title="bbox 301 317 1055 395">
     <span class='ocr_line' id='line_1_1' title="bbox 301 317 1055 395; baseline -0.004 -12"><span class='ocrx_word' id='word_1_1' title='bbox 301 328 344 395; x_wconf 80' lang='grc'>46</span> <span class='ocrx_word' id='word_1_2' title='bbox 459 341 461 348; x_wconf 91' lang='grc'><strong><em>·</em></strong></span> <span class='ocrx_word' id='word_1_3' title='bbox 893 317 1055 381; x_wconf 80' lang='lat' dir='ltr'>Prooemium</span> 
     </span>
    </p>
   </div>
   <div class='ocr_carea' id='block_1_2' title="bbox 301 485 1660 624">
    <p class='ocr_par' dir='ltr' id='par_1_2' title="bbox 301 485 1660 624">
     <span class='ocr_line' id='line_1_2' title="bbox 301 485 1660 556; baseline -0.004 -17"><span class='ocrx_word' id='word_1_4' title='bbox 301 492 340 556; x_wconf 89' lang='lat' dir='ltr'>qni</span> <span class='ocrx_word' id='word_1_5' title='bbox 361 505 422 541; x_wconf 89' lang='lat' dir='ltr'>sane</span> <span class='ocrx_word' id='word_1_6' title='bbox 440 492 558 555; x_wconf 73' lang='lat' dir='ltr'><strong>perpauci</strong></span> <span class='ocrx_word' id='word_1_7' title='bbox 577 487 653 554; x_wconf 89' lang='lat' dir='ltr'>(quod</span> <span class='ocrx_word' id='word_1_8' title='bbox 668 489 798 540; x_wconf 90' lang='lat' dir='ltr'>dolendum</span> <span class='ocrx_word' id='word_1_9' title='bbox 819 485 870 550; x_wconf 86' lang='lat' dir='ltr'>est)</span> <span class='ocrx_word' id='word_1_10' title='bbox 890 491 1006 546; x_wconf 81' lang='lat' dir='ltr'>existunt,</span> <span class='ocrx_word' id='word_1_11' title='bbox 1025 488 1141 551; x_wconf 75' lang='lat' dir='ltr'>experior,</span> <span class='ocrx_word' id='word_1_12' title='bbox 1159 493 1188 538; x_wconf 85' lang='lat' dir='ltr'>ut</span> <span class='ocrx_word' id='word_1_13' title='bbox 1206 488 1268 538; x_wconf 90' lang='lat' dir='ltr'>certi</span> <span class='ocrx_word' id='word_1_14' title='bbox 1285 485 1342 552; x_wconf 90' lang='lat' dir='ltr'>quid</span> <span class='ocrx_word' id='word_1_15' title='bbox 1360 488 1386 536; x_wconf 92' lang='lat' dir='ltr'>ln</span> <span class='ocrx_word' id='word_1_16' title='bbox 1404 486 1442 536; x_wconf 88' lang='lat' dir='ltr'>bis</span> <span class='ocrx_word' id='word_1_17' title='bbox 1460 485 1543 550; x_wconf 87' lang='lat' dir='ltr'>quoad</span> <span class='ocrx_word' id='word_1_18' title='bbox 1560 485 1660 534; x_wconf 82' lang='lat' dir='ltr'>licuerit</span> 
     </span>
     <span class='ocr_line' id='line_1_3' title="bbox 301 559 1559 624; baseline -0.004 -13"><span class='ocrx_word' id='word_1_19' title='bbox 301 568 433 612; x_wconf 88' lang='lat' dir='ltr'>statuatur.</span> <span class='ocrx_word' id='word_1_20' title='bbox 461 562 501 612; x_wconf 78' lang='lat' dir='ltr'>Ad</span> <span class='ocrx_word' id='word_1_21' title='bbox 519 561 606 610; x_wconf 85' lang='lat' dir='ltr'>ultima</span> <span class='ocrx_word' id='word_1_22' title='bbox 625 561 672 610; x_wconf 89' lang='lat' dir='ltr'>duo</span> <span class='ocrx_word' id='word_1_23' title='bbox 690 560 845 610; x_wconf 87' lang='lat' dir='ltr'>luminarium</span> <span class='ocrx_word' id='word_1_24' title='bbox 864 560 978 624; x_wconf 86' lang='lat' dir='ltr'>deliquia,</span> <span class='ocrx_word' id='word_1_25' title='bbox 997 573 1061 624; x_wconf 89' lang='lat' dir='ltr'>quae</span> <span class='ocrx_word' id='word_1_26' title='bbox 1079 561 1105 608; x_wconf 91' lang='lat' dir='ltr'>iu</span> <span class='ocrx_word' id='word_1_27' title='bbox 1116 559 1249 609; x_wconf 70' lang='lat' dir='ltr'>Februario</span> <span class='ocrx_word' id='word_1_28' title='bbox 1266 559 1373 622; x_wconf 83' lang='lat' dir='ltr'>proxime</span> <span class='ocrx_word' id='word_1_29' title='bbox 1392 559 1476 622; x_wconf 88' lang='lat' dir='ltr'>elapso</span> <span class='ocrx_word' id='word_1_30' title='bbox 1492 559 1559 606; x_wconf 89' lang='lat' dir='ltr'>cunti</span> 
     </span>
    </p>
   </div>
   <div class='ocr_carea' id='block_1_3' title="bbox 299 629 1764 768">
    <p class='ocr_par' dir='ltr' id='par_1_3' title="bbox 299 629 1765 785">
     <span class='ocr_line' id='line_1_4' title="bbox 300 629 1764 696; baseline -0.004 -13"><span class='ocrx_word' id='word_1_31' title='bbox 300 639 326 683; x_wconf 91' lang='lat' dir='ltr'>te</span> <span class='ocrx_word' id='word_1_32' title='bbox 345 633 430 684; x_wconf 89' lang='lat' dir='ltr'>sedulo</span> <span class='ocrx_word' id='word_1_33' title='bbox 449 633 585 683; x_wconf 87' lang='lat' dir='ltr'>attendisse</span> <span class='ocrx_word' id='word_1_34' title='bbox 605 646 653 681; x_wconf 90' lang='lat' dir='ltr'>nou</span> <span class='ocrx_word' id='word_1_35' title='bbox 673 631 772 689; x_wconf 83' lang='lat' dir='ltr'>dubito,</span> <span class='ocrx_word' id='word_1_36' title='bbox 796 645 872 696; x_wconf 88' lang='lat' dir='ltr'>quare</span> <span class='ocrx_word' id='word_1_37' title='bbox 890 645 973 681; x_wconf 89' lang='lat' dir='ltr'>eorum</span> <span class='ocrx_word' id='word_1_38' title='bbox 992 633 1068 681; x_wconf 86' lang='lat' dir='ltr'>etism</span> <span class='ocrx_word' id='word_1_39' title='bbox 1085 638 1211 681; x_wconf 85' lang='lat' dir='ltr'>momente</span> <span class='ocrx_word' id='word_1_40' title='bbox 1229 635 1254 680; x_wconf 93' lang='lat' dir='ltr'>et</span> <span class='ocrx_word' id='word_1_41' title='bbox 1272 629 1361 693; x_wconf 77' lang='lat' dir='ltr'>pheses</span> <span class='ocrx_word' id='word_1_42' title='bbox 1379 629 1453 679; x_wconf 87' lang='lat' dir='ltr'>isthic</span> <span class='ocrx_word' id='word_1_43' title='bbox 1471 630 1556 678; x_wconf 83' lang='lat' dir='ltr'>anima</span> <span class='ocrx_word' id='word_1_44' title='bbox 1574 641 1660 678; x_wconf 76' lang='lat' dir='ltr'>versu</span> <span class='ocrx_word' id='word_1_45' title='bbox 1762 631 1764 638; x_wconf 92' lang='lat'>&#39;</span> 
     </span>
     <span class='ocr_line' id='line_1_5' title="bbox 299 694 1660 768; baseline -0.004 -16"><span class='ocrx_word' id='word_1_46' title='bbox 299 703 393 754; x_wconf 84' lang='lat' dir='ltr'>indica</span> <span class='ocrx_word' id='word_1_47' title='bbox 429 701 517 753; x_wconf 83' lang='lat' dir='ltr'>Lunna</span> <span class='ocrx_word' id='word_1_48' title='bbox 536 703 632 767; x_wconf 86' lang='lat' dir='ltr'>eclipsis</span> <span class='ocrx_word' id='word_1_49' title='bbox 650 717 714 768; x_wconf 90' lang='lat' dir='ltr'>quae</span> <span class='ocrx_word' id='word_1_50' title='bbox 734 701 776 751; x_wconf 89' lang='grc'>11.</span> <span class='ocrx_word' id='word_1_51' title='bbox 797 705 849 765; x_wconf 83' lang='lat' dir='ltr'>ejus</span> <span class='ocrx_word' id='word_1_52' title='bbox 866 704 957 753; x_wconf 88' lang='lat' dir='ltr'>mensis</span> <span class='ocrx_word' id='word_1_53' title='bbox 976 702 1016 752; x_wconf 91' lang='lat' dir='ltr'>die</span> <span class='ocrx_word' id='word_1_54' title='bbox 1035 703 1146 767; x_wconf 90' lang='lat' dir='ltr'>contigit,</span> <span class='ocrx_word' id='word_1_55' title='bbox 1164 701 1204 751; x_wconf 91' lang='lat' dir='ltr'>hic</span> <span class='ocrx_word' id='word_1_56' title='bbox 1222 701 1264 751; x_wconf 91' lang='lat' dir='ltr'>ubi</span> <span class='ocrx_word' id='word_1_57' title='bbox 1280 701 1350 764; x_wconf 86' lang='lat' dir='ltr'>polus</span> <span class='ocrx_word' id='word_1_58' title='bbox 1369 702 1480 752; x_wconf 88' lang='lat' dir='ltr'>elevatur</span> <span class='ocrx_word' id='word_1_59' title='bbox 1498 694 1549 748; x_wconf 77' lang='lat'>⁵³⁰</span> <span class='ocrx_word' id='word_1_60' title='bbox 1566 695 1660 761; x_wconf 65' lang='lat'>85¹!2‘,</span> 
     </span>
    </p>
   </div>
   <div class='ocr_carea' id='block_1_4' title="bbox 299 768 1660 839">
    <p class='ocr_par' dir='ltr' id='par_1_4' title="bbox 299 768 1660 839">
     <span class='ocr_line' id='line_1_6' title="bbox 299 768 1660 839; baseline -0.003 -15"><span class='ocrx_word' id='word_1_61' title='bbox 299 769 446 839; x_wconf 81' lang='lat' dir='ltr'>principium</span> <span class='ocrx_word' id='word_1_62' title='bbox 457 775 552 832; x_wconf 90' lang='lat' dir='ltr'>habuit,</span> <span class='ocrx_word' id='word_1_63' title='bbox 572 774 669 838; x_wconf 91' lang='lat' dir='ltr'>quando</span> <span class='ocrx_word' id='word_1_64' title='bbox 682 775 791 838; x_wconf 74' lang='lat' dir='ltr'>superior</span> <span class='ocrx_word' id='word_1_65' title='bbox 804 773 891 824; x_wconf 90' lang='lat' dir='ltr'>Lunae</span> <span class='ocrx_word' id='word_1_66' title='bbox 909 774 996 824; x_wconf 90' lang='lat' dir='ltr'>limbus</span> <span class='ocrx_word' id='word_1_67' title='bbox 1016 772 1175 822; x_wconf 72' lang='lat' dir='ltr'>attollebatur</span> <span class='ocrx_word' id='word_1_68' title='bbox 1192 785 1267 836; x_wconf 89' lang='lat' dir='ltr'>supra</span> <span class='ocrx_word' id='word_1_69' title='bbox 1284 772 1435 822; x_wconf 75' lang='lat' dir='ltr'>horizontem</span> <span class='ocrx_word' id='word_1_70' title='bbox 1453 768 1504 818; x_wconf 76' lang='lat'>2⁴⁰</span> <span class='ocrx_word' id='word_1_71' title='bbox 1518 771 1579 830; x_wconf 83' lang='lat' dir='ltr'>iere,</span> <span class='ocrx_word' id='word_1_72' title='bbox 1599 769 1660 820; x_wconf 86' lang='lat' dir='ltr'>hinc</span> 
     </span>
    </p>
   </div>
   <div class='ocr_carea' id='block_1_5' title="bbox 300 843 1768 1051">
    <p class='ocr_par' dir='ltr' id='par_1_5' title="bbox 300 843 1768 1051">
     <span class='ocr_line' id='line_1_7' title="bbox 300 843 1764 910; baseline -0.003 -16"><span class='ocrx_word' id='word_1_73' title='bbox 300 853 396 910; x_wconf 85' lang='lat' dir='ltr'>tempus</span> <span class='ocrx_word' id='word_1_74' title='bbox 414 847 524 910; x_wconf 79' lang='lat' dir='ltr'>provenit</span> <span class='ocrx_word' id='word_1_75' title='bbox 543 843 651 895; x_wconf 86' lang='lat' dir='ltr'>adhibite</span> <span class='ocrx_word' id='word_1_76' title='bbox 670 847 721 894; x_wconf 84' lang='lat' dir='ltr'>riso</span> <span class='ocrx_word' id='word_1_77' title='bbox 739 844 793 894; x_wconf 87' lang='lat' dir='ltr'>locu</span> <span class='ocrx_word' id='word_1_78' title='bbox 811 845 899 895; x_wconf 87' lang='lat' dir='ltr'>Lunae</span> <span class='ocrx_word' id='word_1_79' title='bbox 923 847 995 908; x_wconf 83' lang='lat' dir='ltr'>juxta</span> <span class='ocrx_word' id='word_1_80' title='bbox 1017 853 1127 895; x_wconf 86' lang='lat' dir='ltr'>nostram</span> <span class='ocrx_word' id='word_1_81' title='bbox 1145 845 1325 894; x_wconf 87' lang='lat' dir='ltr'>restitutionem</span> <span class='ocrx_word' id='word_1_82' title='bbox 1344 851 1370 894; x_wconf 88' lang='lat' dir='ltr'>et</span> <span class='ocrx_word' id='word_1_83' title='bbox 1385 843 1560 894; x_wconf 83' lang='lat' dir='ltr'>rehscucnum</span> <span class='ocrx_word' id='word_1_84' title='bbox 1579 844 1658 904; x_wconf 89' lang='lat' dir='ltr'>impe·</span> <span class='ocrx_word' id='word_1_85' title='bbox 1762 869 1764 874; x_wconf 94' lang='lat'>·</span> 
     </span>
     <span class='ocr_line' id='line_1_8' title="bbox 300 913 1768 980; baseline -0.003 -14"><span class='ocrx_word' id='word_1_86' title='bbox 300 915 408 967; x_wconf 88' lang='lat' dir='ltr'>dimento</span> <span class='ocrx_word' id='word_1_87' title='bbox 427 916 522 966; x_wconf 81' lang='lat' dir='ltr'>sublato</span> <span class='ocrx_word' id='word_1_88' title='bbox 540 916 565 966; x_wconf 84' lang='lat' dir='ltr'>h.</span> <span class='ocrx_word' id='word_1_89' title='bbox 580 915 604 964; x_wconf 76' lang='lat' dir='ltr'>i.</span> <span class='ocrx_word' id='word_1_90' title='bbox 620 914 661 966; x_wconf 81' lang='grc'>14·</span> <span class='ocrx_word' id='word_1_91' title='bbox 680 923 737 980; x_wconf 89' lang='lat' dir='ltr'>post</span> <span class='ocrx_word' id='word_1_92' title='bbox 754 916 861 966; x_wconf 82' lang='lat' dir='ltr'>medium</span> <span class='ocrx_word' id='word_1_93' title='bbox 879 925 979 966; x_wconf 86' lang='lat' dir='ltr'>nostem</span> <span class='ocrx_word' id='word_1_94' title='bbox 991 916 1189 966; x_wconf 72' lang='lat' dir='ltr'>antecedentem.</span> <span class='ocrx_word' id='word_1_95' title='bbox 1219 915 1285 965; x_wconf 76' lang='lat' dir='ltr'>Finis</span> <span class='ocrx_word' id='word_1_96' title='bbox 1304 915 1405 979; x_wconf 86' lang='lat' dir='ltr'>deliquii</span> <span class='ocrx_word' id='word_1_97' title='bbox 1421 916 1487 964; x_wconf 82' lang='lat' dir='ltr'>inira</span> <span class='ocrx_word' id='word_1_98' title='bbox 1504 913 1660 962; x_wconf 79' lang='lat' dir='ltr'>horizontem</span> <span class='ocrx_word' id='word_1_99' title='bbox 1760 917 1768 947; x_wconf 78' lang='lat'><em>³</em></span> 
     </span>
     <span class='ocr_line' id='line_1_9' title="bbox 301 983 1768 1051; baseline -0.003 -13"><span class='ocrx_word' id='word_1_100' title='bbox 301 990 389 1038; x_wconf 89' lang='lat' dir='ltr'>evenit.</span> <span class='ocrx_word' id='word_1_101' title='bbox 417 987 479 1037; x_wconf 84' lang='lat' dir='ltr'>Visa</span> <span class='ocrx_word' id='word_1_102' title='bbox 501 993 586 1037; x_wconf 88' lang='lat' dir='ltr'>autem</span> <span class='ocrx_word' id='word_1_103' title='bbox 604 995 643 1037; x_wconf 88' lang='lat' dir='ltr'>est</span> <span class='ocrx_word' id='word_1_104' title='bbox 655 987 729 1039; x_wconf 89' lang='lat' dir='ltr'>Luna</span> <span class='ocrx_word' id='word_1_105' title='bbox 746 987 822 1037; x_wconf 79' lang='lat' dir='ltr'>ferma</span> <span class='ocrx_word' id='word_1_106' title='bbox 839 993 896 1037; x_wconf 88' lang='lat' dir='ltr'>tota</span> <span class='ocrx_word' id='word_1_107' title='bbox 914 987 1036 1043; x_wconf 82' lang='lat' dir='ltr'>offuscari,</span> <span class='ocrx_word' id='word_1_108' title='bbox 1054 987 1156 1038; x_wconf 90' lang='lat' dir='ltr'>minima</span> <span class='ocrx_word' id='word_1_109' title='bbox 1174 989 1227 1050; x_wconf 79' lang='lat' dir='ltr'>ejus</span> <span class='ocrx_word' id='word_1_110' title='bbox 1245 986 1401 1051; x_wconf 86' lang='lat' dir='ltr'>portiuncula</span> <span class='ocrx_word' id='word_1_111' title='bbox 1417 987 1450 1036; x_wconf 87' lang='lat' dir='ltr'>sb</span> <span class='ocrx_word' id='word_1_112' title='bbox 1462 985 1552 1034; x_wconf 88' lang='lat' dir='ltr'>umbra</span> <span class='ocrx_word' id='word_1_113' title='bbox 1564 983 1660 1034; x_wconf 85' lang='lat' dir='ltr'>Terrae</span> <span class='ocrx_word' id='word_1_114' title='bbox 1760 1013 1768 1020; x_wconf 88' lang='lat'>-</span> 
     </span>
    </p>
   </div>
   <div class='ocr_carea' id='block_1_6' title="bbox 298 1056 1660 1194">
    <p class='ocr_par' dir='ltr' id='par_1_6' title="bbox 298 1056 1660 1194">
     <span class='ocr_line' id='line_1_10' title="bbox 298 1056 1660 1124; baseline -0.002 -17"><span class='ocrx_word' id='word_1_115' title='bbox 298 1058 377 1108; x_wconf 86' lang='lat' dir='ltr'>libers</span> <span class='ocrx_word' id='word_1_116' title='bbox 395 1060 524 1109; x_wconf 81' lang='lat' dir='ltr'>existente.</span> <span class='ocrx_word' id='word_1_117' title='bbox 562 1057 625 1108; x_wconf 88' lang='lat' dir='ltr'>Solis</span> <span class='ocrx_word' id='word_1_118' title='bbox 644 1060 780 1123; x_wconf 89' lang='lat' dir='ltr'>eclipsatio,</span> <span class='ocrx_word' id='word_1_119' title='bbox 800 1073 864 1124; x_wconf 90' lang='lat' dir='ltr'>quac</span> <span class='ocrx_word' id='word_1_120' title='bbox 883 1057 926 1107; x_wconf 81' lang='lat'>²5.</span> <span class='ocrx_word' id='word_1_121' title='bbox 945 1059 984 1110; x_wconf 90' lang='lat' dir='ltr'>die</span> <span class='ocrx_word' id='word_1_122' title='bbox 1003 1058 1109 1119; x_wconf 83' lang='lat' dir='ltr'>accidit,</span> <span class='ocrx_word' id='word_1_123' title='bbox 1129 1058 1169 1108; x_wconf 88' lang='lat' dir='ltr'>hie</span> <span class='ocrx_word' id='word_1_124' title='bbox 1187 1065 1307 1122; x_wconf 86' lang='lat' dir='ltr'>quantum</span> <span class='ocrx_word' id='word_1_125' title='bbox 1325 1060 1389 1108; x_wconf 90' lang='lat' dir='ltr'>inter</span> <span class='ocrx_word' id='word_1_126' title='bbox 1406 1063 1560 1108; x_wconf 79' lang='lat' dir='ltr'>recurrentes</span> <span class='ocrx_word' id='word_1_127' title='bbox 1579 1056 1660 1104; x_wconf 88' lang='lat' dir='ltr'>nubes</span> 
     </span>
     <span class='ocr_line' id='line_1_11' title="bbox 301 1125 1660 1194; baseline -0.003 -14"><span class='ocrx_word' id='word_1_128' title='bbox 301 1130 495 1180; x_wconf 86' lang='lat' dir='ltr'>animadvertere</span> <span class='ocrx_word' id='word_1_129' title='bbox 513 1129 597 1188; x_wconf 91' lang='lat' dir='ltr'>licuit,</span> <span class='ocrx_word' id='word_1_130' title='bbox 622 1131 719 1180; x_wconf 91' lang='lat' dir='ltr'>initium</span> <span class='ocrx_word' id='word_1_131' title='bbox 742 1130 830 1179; x_wconf 85' lang='lat' dir='ltr'>hebuit</span> <span class='ocrx_word' id='word_1_132' title='bbox 847 1130 872 1179; x_wconf 87' lang='lat' dir='ltr'>h.</span> <span class='ocrx_word' id='word_1_133' title='bbox 895 1127 919 1179; x_wconf 77' lang='grc'>9.</span> <span class='ocrx_word' id='word_1_134' title='bbox 934 1127 977 1178; x_wconf 77' lang='grc'>62’</span> <span class='ocrx_word' id='word_1_135' title='bbox 997 1144 1020 1179; x_wconf 93' lang='lat' dir='ltr'>a.</span> <span class='ocrx_word' id='word_1_136' title='bbox 1040 1127 1089 1186; x_wconf 71' lang='lat' dir='ltr'>m.,‘</span> <span class='ocrx_word' id='word_1_137' title='bbox 1115 1145 1159 1193; x_wconf 91' lang='lat' dir='ltr'>per</span> <span class='ocrx_word' id='word_1_138' title='bbox 1182 1129 1288 1180; x_wconf 88' lang='lat' dir='ltr'>armillas</span> <span class='ocrx_word' id='word_1_139' title='bbox 1313 1131 1468 1194; x_wconf 82' lang='lat' dir='ltr'>aequaturiss</span> <span class='ocrx_word' id='word_1_140' title='bbox 1487 1125 1503 1176; x_wconf 77' lang='lat' dir='ltr'>b</span> <span class='ocrx_word' id='word_1_141' title='bbox 1522 1126 1614 1191; x_wconf 87' lang='lat' dir='ltr'>pedum</span> <span class='ocrx_word' id='word_1_142' title='bbox 1633 1127 1660 1176; x_wconf 90' lang='lat' dir='ltr'>in</span> 
     </span>
    </p>
   </div>
   <div class='ocr_carea' id='block_1_7' title="bbox 300 1199 1768 1408">
    <p class='ocr_par' dir='ltr' id='par_1_7' title="bbox 300 1199 1768 1408">
     <span class='ocr_line' id='line_1_12' title="bbox 300 1199 1768 1258; baseline -0.003 -8"><span class='ocrx_word' id='word_1_143' title='bbox 300 1201 419 1251; x_wconf 68' lang='lat' dir='ltr'>damano</span> <span class='ocrx_word' id='word_1_144' title='bbox 440 1199 510 1258; x_wconf 80' lang='lat' dir='ltr'>inem</span> <span class='ocrx_word' id='word_1_145' title='bbox 527 1203 692 1251; x_wconf 85' lang='lat' dir='ltr'>instrumenta</span> <span class='ocrx_word' id='word_1_146' title='bbox 709 1215 766 1251; x_wconf 91' lang='lat' dir='ltr'>mea</span> <span class='ocrx_word' id='word_1_147' title='bbox 784 1204 950 1258; x_wconf 76' lang='lat' dir='ltr'>astronomica</span> <span class='ocrx_word' id='word_1_148' title='bbox 971 1200 1019 1251; x_wconf 89' lang='lat' dir='ltr'>hnc</span> <span class='ocrx_word' id='word_1_149' title='bbox 1041 1202 1067 1250; x_wconf 92' lang='lat' dir='ltr'>iu</span> <span class='ocrx_word' id='word_1_150' title='bbox 1086 1202 1246 1251; x_wconf 72' lang='lat' dir='ltr'>Germaniam</span> <span class='ocrx_word' id='word_1_151' title='bbox 1270 1200 1401 1258; x_wconf 90' lang='lat' dir='ltr'>eDunia,</span> <span class='ocrx_word' id='word_1_152' title='bbox 1426 1207 1455 1249; x_wconf 92' lang='lat' dir='ltr'>ut</span> <span class='ocrx_word' id='word_1_153' title='bbox 1478 1201 1592 1257; x_wconf 82' lang='lat' dir='ltr'>conscius</span> <span class='ocrx_word' id='word_1_154' title='bbox 1615 1199 1660 1254; x_wconf 85' lang='lat' dir='ltr'>sis,</span> <span class='ocrx_word' id='word_1_155' title='bbox 1758 1208 1768 1216; x_wconf 90' lang='lat'>·</span> 
     </span>
     <span class='ocr_line' id='line_1_13' title="bbox 301 1268 1767 1338; baseline -0.003 -16"><span class='ocrx_word' id='word_1_156' title='bbox 301 1268 428 1334; x_wconf 89' lang='lat' dir='ltr'>transtuli)</span> <span class='ocrx_word' id='word_1_157' title='bbox 447 1274 563 1338; x_wconf 88' lang='lat' dir='ltr'>temporis</span> <span class='ocrx_word' id='word_1_158' title='bbox 581 1281 707 1322; x_wconf 90' lang='lat' dir='ltr'>momenta</span> <span class='ocrx_word' id='word_1_159' title='bbox 726 1272 874 1322; x_wconf 88' lang='lat' dir='ltr'>denotando.</span> <span class='ocrx_word' id='word_1_160' title='bbox 911 1271 1021 1322; x_wconf 85' lang='lat' dir='ltr'>Medium</span> <span class='ocrx_word' id='word_1_161' title='bbox 1040 1275 1092 1336; x_wconf 83' lang='lat' dir='ltr'>ejus</span> <span class='ocrx_word' id='word_1_162' title='bbox 1114 1274 1151 1322; x_wconf 90' lang='lat' dir='ltr'>uti</span> <span class='ocrx_word' id='word_1_163' title='bbox 1175 1286 1254 1335; x_wconf 89' lang='lat' dir='ltr'>neque</span> <span class='ocrx_word' id='word_1_164' title='bbox 1277 1271 1352 1321; x_wconf 86' lang='lat' dir='ltr'>finem</span> <span class='ocrx_word' id='word_1_165' title='bbox 1376 1272 1406 1322; x_wconf 90' lang='lat' dir='ltr'>ob</span> <span class='ocrx_word' id='word_1_166' title='bbox 1430 1269 1608 1320; x_wconf 85' lang='lat' dir='ltr'>crassiusculas</span> <span class='ocrx_word' id='word_1_167' title='bbox 1633 1275 1661 1318; x_wconf 85' lang='lat' dir='ltr'>et</span> <span class='ocrx_word' id='word_1_168' title='bbox 1759 1280 1767 1310; x_wconf 83' lang='lat'>-·</span> 
     </span>
     <span class='ocr_line' id='line_1_14' title="bbox 301 1343 1764 1408; baseline -0.003 -14"><span class='ocrx_word' id='word_1_169' title='bbox 301 1345 431 1394; x_wconf 89' lang='lat' dir='ltr'>continuas</span> <span class='ocrx_word' id='word_1_170' title='bbox 449 1345 529 1393; x_wconf 90' lang='lat' dir='ltr'>nubes</span> <span class='ocrx_word' id='word_1_171' title='bbox 548 1344 740 1394; x_wconf 84' lang='lat' dir='ltr'>intervenientes</span> <span class='ocrx_word' id='word_1_172' title='bbox 758 1345 900 1408; x_wconf 79' lang='lat' dir='ltr'>conspicere</span> <span class='ocrx_word' id='word_1_173' title='bbox 918 1358 967 1392; x_wconf 91' lang='lat' dir='ltr'>uon</span> <span class='ocrx_word' id='word_1_174' title='bbox 984 1343 1097 1393; x_wconf 86' lang='lat' dir='ltr'>dabatur.</span> <span class='ocrx_word' id='word_1_175' title='bbox 1126 1343 1281 1394; x_wconf 84' lang='lat' dir='ltr'>Conveniunt</span> <span class='ocrx_word' id='word_1_176' title='bbox 1298 1343 1361 1393; x_wconf 86' lang='lat' dir='ltr'>haec</span> <span class='ocrx_word' id='word_1_177' title='bbox 1379 1349 1491 1406; x_wconf 86' lang='lat' dir='ltr'>tempora</span> <span class='ocrx_word' id='word_1_178' title='bbox 1508 1343 1534 1390; x_wconf 90' lang='lat' dir='ltr'>in</span> <span class='ocrx_word' id='word_1_179' title='bbox 1552 1347 1661 1405; x_wconf 86' lang='lat' dir='ltr'>utraque</span> <span class='ocrx_word' id='word_1_180' title='bbox 1758 1353 1764 1380; x_wconf 78' lang='lat'>&#39;-</span> 
     </span>
    </p>
   </div>
   <div class='ocr_carea' id='block_1_8' title="bbox 191 1410 1766 1480">
    <p class='ocr_par' dir='ltr' id='par_1_8' title="bbox 191 1410 1766 1480">
     <span class='ocr_line' id='line_1_15' title="bbox 191 1410 1766 1480; baseline -0.004 -14"><span class='ocrx_word' id='word_1_181' title='bbox 191 1430 197 1451; x_wconf 88' lang='grc'>·</span> <span class='ocrx_word' id='word_1_182' title='bbox 301 1415 384 1479; x_wconf 81' lang='lat' dir='ltr'>eclipsi</span> <span class='ocrx_word' id='word_1_183' title='bbox 404 1417 465 1464; x_wconf 87' lang='lat' dir='ltr'>setis</span> <span class='ocrx_word' id='word_1_184' title='bbox 483 1416 595 1479; x_wconf 85' lang='lat' dir='ltr'>praecise</span> <span class='ocrx_word' id='word_1_185' title='bbox 613 1429 669 1465; x_wconf 88' lang='lat' dir='ltr'>cum</span> <span class='ocrx_word' id='word_1_186' title='bbox 687 1423 769 1465; x_wconf 91' lang='lat' dir='ltr'>nostro</span> <span class='ocrx_word' id='word_1_187' title='bbox 789 1416 956 1480; x_wconf 85' lang='lat' dir='ltr'>redintegrato</span> <span class='ocrx_word' id='word_1_188' title='bbox 979 1415 1086 1470; x_wconf 88' lang='lat' dir='ltr'>calculo,</span> <span class='ocrx_word' id='word_1_189' title='bbox 1107 1429 1136 1464; x_wconf 86' lang='lat' dir='ltr'>ex</span> <span class='ocrx_word' id='word_1_190' title='bbox 1156 1411 1189 1462; x_wconf 87' lang='grc'>18</span> <span class='ocrx_word' id='word_1_191' title='bbox 1208 1414 1346 1464; x_wconf 85' lang='lat' dir='ltr'>Lunavibus</span> <span class='ocrx_word' id='word_1_192' title='bbox 1365 1420 1391 1464; x_wconf 90' lang='lat' dir='ltr'>et</span> <span class='ocrx_word' id='word_1_193' title='bbox 1409 1410 1425 1462; x_wconf 79' lang='lat'>6</span> <span class='ocrx_word' id='word_1_194' title='bbox 1445 1411 1570 1463; x_wconf 78' lang='lat' dir='ltr'>solaribus</span> <span class='ocrx_word' id='word_1_195' title='bbox 1589 1414 1659 1476; x_wconf 87' lang='lat' dir='ltr'>prius</span> <span class='ocrx_word' id='word_1_196' title='bbox 1760 1446 1766 1454; x_wconf 83' lang='lat'>.</span> 
     </span>
    </p>
   </div>
   <div class='ocr_carea' id='block_1_9' title="bbox 300 1484 1661 1551">
    <p class='ocr_par' dir='ltr' id='par_1_9' title="bbox 300 1484 1661 1551">
     <span class='ocr_line' id='line_1_16' title="bbox 300 1484 1661 1551; baseline -0.003 -15"><span class='ocrx_word' id='word_1_197' title='bbox 300 1487 420 1537; x_wconf 84' lang='lat' dir='ltr'>subtiliter</span> <span class='ocrx_word' id='word_1_198' title='bbox 443 1486 567 1536; x_wconf 88' lang='lat' dir='ltr'>denotatis</span> <span class='ocrx_word' id='word_1_199' title='bbox 593 1487 791 1551; x_wconf 86' lang='lat' dir='ltr'>eclipsationibus</span> <span class='ocrx_word' id='word_1_200' title='bbox 816 1486 949 1550; x_wconf 82' lang='lat' dir='ltr'>depromta.</span> <span class='ocrx_word' id='word_1_201' title='bbox 990 1485 1026 1535; x_wconf 85' lang='lat' dir='ltr'>Ut</span> <span class='ocrx_word' id='word_1_202' title='bbox 1048 1486 1079 1534; x_wconf 83' lang='lat' dir='ltr'>de</span> <span class='ocrx_word' id='word_1_203' title='bbox 1103 1486 1157 1536; x_wconf 89' lang='lat' dir='ltr'>aliis</span> <span class='ocrx_word' id='word_1_204' title='bbox 1180 1487 1237 1536; x_wconf 92' lang='lat' dir='ltr'>hinc</span> <span class='ocrx_word' id='word_1_205' title='bbox 1260 1487 1318 1536; x_wconf 91' lang='lat' dir='ltr'>luda</span> <span class='ocrx_word' id='word_1_206' title='bbox 1340 1485 1519 1550; x_wconf 82' lang='lat' dir='ltr'>saepenumero</span> <span class='ocrx_word' id='word_1_207' title='bbox 1543 1484 1661 1546; x_wconf 82' lang='lat' dir='ltr'>expensis</span> 
     </span>
    </p>
   </div>
   <div class='ocr_carea' id='block_1_10' title="bbox 250 1555 1769 1693">
    <p class='ocr_par' dir='ltr' id='par_1_10' title="bbox 250 1555 1769 1693">
     <span class='ocr_line' id='line_1_17' title="bbox 250 1555 1769 1618; baseline -0.004 -12"><span class='ocrx_word' id='word_1_208' title='bbox 250 1601 251 1606; x_wconf 75' lang='grc'>,</span> <span class='ocrx_word' id='word_1_209' title='bbox 300 1557 424 1608; x_wconf 87' lang='lat' dir='ltr'>amborum</span> <span class='ocrx_word' id='word_1_210' title='bbox 444 1555 600 1607; x_wconf 85' lang='lat' dir='ltr'>luminarium</span> <span class='ocrx_word' id='word_1_211' title='bbox 617 1559 764 1607; x_wconf 88' lang='lat' dir='ltr'>motionibus</span> <span class='ocrx_word' id='word_1_212' title='bbox 790 1558 838 1608; x_wconf 92' lang='lat' dir='ltr'>huc</span> <span class='ocrx_word' id='word_1_213' title='bbox 862 1561 937 1607; x_wconf 88' lang='lat' dir='ltr'>etiam</span> <span class='ocrx_word' id='word_1_214' title='bbox 962 1557 1154 1607; x_wconf 84' lang='lat' dir='ltr'>conducentibus</span> <span class='ocrx_word' id='word_1_215' title='bbox 1180 1557 1239 1607; x_wconf 89' lang='lat' dir='ltr'>nihil</span> <span class='ocrx_word' id='word_1_216' title='bbox 1258 1558 1356 1608; x_wconf 86' lang='lat' dir='ltr'>addam.</span> <span class='ocrx_word' id='word_1_217' title='bbox 1396 1555 1531 1616; x_wconf 84' lang='lat' dir='ltr'>Quantitas</span> <span class='ocrx_word' id='word_1_218' title='bbox 1549 1556 1661 1618; x_wconf 82' lang='lat' dir='ltr'>corporis</span> <span class='ocrx_word' id='word_1_219' title='bbox 1759 1571 1769 1600; x_wconf 73' lang='grc' dir='ltr'><strong>ι</strong></span> 
     </span>
     <span class='ocr_line' id='line_1_18' title="bbox 300 1622 1767 1693; baseline -0.005 -13"><span class='ocrx_word' id='word_1_220' title='bbox 300 1627 392 1680; x_wconf 82' lang='lat' dir='ltr'>Solaria</span> <span class='ocrx_word' id='word_1_221' title='bbox 411 1628 499 1678; x_wconf 88' lang='lat' dir='ltr'>Lunae</span> <span class='ocrx_word' id='word_1_222' title='bbox 517 1630 655 1678; x_wconf 86' lang='lat' dir='ltr'>interventu</span> <span class='ocrx_word' id='word_1_223' title='bbox 674 1629 788 1679; x_wconf 82' lang='lat' dir='ltr'>odirscatl</span> <span class='ocrx_word' id='word_1_224' title='bbox 807 1629 892 1678; x_wconf 86' lang='lat' dir='ltr'>debuit</span> <span class='ocrx_word' id='word_1_225' title='bbox 916 1631 989 1691; x_wconf 82' lang='lat' dir='ltr'>juxta</span> <span class='ocrx_word' id='word_1_226' title='bbox 1006 1643 1063 1678; x_wconf 88' lang='lat' dir='ltr'>msa</span> <span class='ocrx_word' id='word_1_227' title='bbox 1081 1629 1213 1680; x_wconf 85' lang='lat' dir='ltr'>ratiocinia</span> <span class='ocrx_word' id='word_1_228' title='bbox 1231 1643 1284 1678; x_wconf 84' lang='lat' dir='ltr'>esse</span> <span class='ocrx_word' id='word_1_229' title='bbox 1304 1628 1373 1693; x_wconf 91' lang='lat' dir='ltr'>digit.</span> <span class='ocrx_word' id='word_1_230' title='bbox 1394 1622 1462 1688; x_wconf 63' lang='lat'>10³2,</span> <span class='ocrx_word' id='word_1_231' title='bbox 1482 1629 1507 1675; x_wconf 94' lang='lat' dir='ltr'>in</span> <span class='ocrx_word' id='word_1_232' title='bbox 1525 1625 1573 1676; x_wconf 90' lang='lat' dir='ltr'>hoc</span> <span class='ocrx_word' id='word_1_233' title='bbox 1591 1627 1658 1674; x_wconf 84' lang='lat' dir='ltr'>hori·</span> <span class='ocrx_word' id='word_1_234' title='bbox 1758 1643 1767 1672; x_wconf 73' lang='lat' dir='ltr'>t</span> 
     </span>
    </p>
   </div>
   <div class='ocr_carea' id='block_1_11' title="bbox 301 1697 1658 1764">
    <p class='ocr_par' dir='ltr' id='par_1_11' title="bbox 301 1697 1658 1764">
     <span class='ocr_line' id='line_1_19' title="bbox 301 1697 1658 1764; baseline -0.003 -15"><span class='ocrx_word' id='word_1_235' title='bbox 301 1707 382 1758; x_wconf 79' lang='lat' dir='ltr'>conte,</span> <span class='ocrx_word' id='word_1_236' title='bbox 400 1699 474 1764; x_wconf 88' lang='lat' dir='ltr'>idque</span> <span class='ocrx_word' id='word_1_237' title='bbox 493 1713 509 1748; x_wconf 88' lang='lat' dir='ltr'>a</span> <span class='ocrx_word' id='word_1_238' title='bbox 526 1701 643 1764; x_wconf 85' lang='lat' dir='ltr'>superiori</span> <span class='ocrx_word' id='word_1_239' title='bbox 660 1707 740 1764; x_wconf 87' lang='lat' dir='ltr'>parte,</span> <span class='ocrx_word' id='word_1_240' title='bbox 753 1715 816 1750; x_wconf 52' lang='lat' dir='ltr'>,suus</span> <span class='ocrx_word' id='word_1_241' title='bbox 835 1700 943 1749; x_wconf 84' lang='lat' dir='ltr'>calculus</span> <span class='ocrx_word' id='word_1_242' title='bbox 962 1699 1127 1764; x_wconf 85' lang='lat' dir='ltr'>Cuperniceus</span> <span class='ocrx_word' id='word_1_243' title='bbox 1146 1706 1172 1750; x_wconf 86' lang='lat' dir='ltr'>ct</span> <span class='ocrx_word' id='word_1_244' title='bbox 1188 1699 1276 1764; x_wconf 86' lang='lat' dir='ltr'>phasin</span> <span class='ocrx_word' id='word_1_245' title='bbox 1295 1706 1320 1750; x_wconf 89' lang='lat' dir='ltr'>et</span> <span class='ocrx_word' id='word_1_246' title='bbox 1337 1704 1463 1748; x_wconf 88' lang='lat' dir='ltr'>momenta</span> <span class='ocrx_word' id='word_1_247' title='bbox 1481 1697 1554 1760; x_wconf 83' lang='lat' dir='ltr'>hujus</span> <span class='ocrx_word' id='word_1_248' title='bbox 1573 1698 1658 1746; x_wconf 84' lang='lat' dir='ltr'>ohser-</span> 
     </span>
    </p>
   </div>
   <div class='ocr_carea' id='block_1_12' title="bbox 299 1769 1769 1835">
    <p class='ocr_par' dir='ltr' id='par_1_12' title="bbox 299 1769 1769 1835">
     <span class='ocr_line' id='line_1_20' title="bbox 299 1769 1769 1835; baseline 0 -17"><span class='ocrx_word' id='word_1_249' title='bbox 299 1772 403 1821; x_wconf 85' lang='lat' dir='ltr'>rationis</span> <span class='ocrx_word' id='word_1_250' title='bbox 422 1771 494 1820; x_wconf 89' lang='lat' dir='ltr'>aliter</span> <span class='ocrx_word' id='word_1_251' title='bbox 512 1771 642 1828; x_wconf 82' lang='lat' dir='ltr'>exhibeat,</span> <span class='ocrx_word' id='word_1_252' title='bbox 668 1773 704 1822; x_wconf 88' lang='lat' dir='ltr'>uti</span> <span class='ocrx_word' id='word_1_253' title='bbox 728 1778 754 1821; x_wconf 89' lang='lat' dir='ltr'>et</span> <span class='ocrx_word' id='word_1_254' title='bbox 771 1773 796 1820; x_wconf 93' lang='lat' dir='ltr'>in</span> <span class='ocrx_word' id='word_1_255' title='bbox 816 1771 909 1822; x_wconf 86' lang='lat' dir='ltr'>Lunari</span> <span class='ocrx_word' id='word_1_256' title='bbox 931 1770 1029 1835; x_wconf 87' lang='lat' dir='ltr'>eclipsi,</span> <span class='ocrx_word' id='word_1_257' title='bbox 1053 1777 1106 1820; x_wconf 90' lang='lat' dir='ltr'>tam</span> <span class='ocrx_word' id='word_1_258' title='bbox 1128 1772 1148 1820; x_wconf 87' lang='lat' dir='ltr'>is</span> <span class='ocrx_word' id='word_1_259' title='bbox 1172 1785 1245 1835; x_wconf 88' lang='lat' dir='ltr'>quesn</span> <span class='ocrx_word' id='word_1_260' title='bbox 1263 1770 1429 1835; x_wconf 81' lang='lat' dir='ltr'>Alpbonsinus</span> <span class='ocrx_word' id='word_1_261' title='bbox 1451 1769 1553 1818; x_wconf 85' lang='lat' dir='ltr'>nimium</span> <span class='ocrx_word' id='word_1_262' title='bbox 1576 1770 1613 1818; x_wconf 85' lang='lat' dir='ltr'>cis</span> <span class='ocrx_word' id='word_1_263' title='bbox 1632 1776 1659 1818; x_wconf 90' lang='lat' dir='ltr'>et</span> <span class='ocrx_word' id='word_1_264' title='bbox 1767 1791 1769 1818; x_wconf 70' lang='lat' dir='ltr'>z</span> 
     </span>
    </p>
   </div>
   <div class='ocr_carea' id='block_1_13' title="bbox 298 1839 1660 1978">
    <p class='ocr_par' dir='ltr' id='par_1_13' title="bbox 298 1839 1660 1978">
     <span class='ocr_line' id='line_1_21' title="bbox 298 1839 1657 1908; baseline -0.003 -16"><span class='ocrx_word' id='word_1_265' title='bbox 298 1841 365 1896; x_wconf 84' lang='lat' dir='ltr'>ultra</span> <span class='ocrx_word' id='word_1_266' title='bbox 382 1843 558 1892; x_wconf 79' lang='lat' dir='ltr'>exorbitarunt.</span> <span class='ocrx_word' id='word_1_267' title='bbox 586 1845 625 1892; x_wconf 80' lang='lat' dir='ltr'>Au</span> <span class='ocrx_word' id='word_1_268' title='bbox 645 1843 744 1908; x_wconf 89' lang='lat' dir='ltr'>deliquii</span> <span class='ocrx_word' id='word_1_269' title='bbox 764 1842 857 1892; x_wconf 87' lang='lat' dir='ltr'>Solaris</span> <span class='ocrx_word' id='word_1_270' title='bbox 875 1843 1070 1906; x_wconf 78' lang='lat' dir='ltr'>magnitudinem</span> <span class='ocrx_word' id='word_1_271' title='bbox 1089 1843 1178 1892; x_wconf 89' lang='lat' dir='ltr'>nostris</span> <span class='ocrx_word' id='word_1_272' title='bbox 1196 1845 1305 1893; x_wconf 88' lang='lat' dir='ltr'>numeris</span> <span class='ocrx_word' id='word_1_273' title='bbox 1323 1851 1390 1892; x_wconf 89' lang='lat' dir='ltr'>recte</span> <span class='ocrx_word' id='word_1_274' title='bbox 1408 1841 1570 1908; x_wconf 77' lang='lat' dir='ltr'>attigerimus,</span> <span class='ocrx_word' id='word_1_275' title='bbox 1589 1839 1657 1902; x_wconf 87' lang='lat' dir='ltr'>judi·</span> 
     </span>
     <span class='ocr_line' id='line_1_22' title="bbox 300 1911 1660 1978; baseline -0.002 -15"><span class='ocrx_word' id='word_1_276' title='bbox 300 1921 357 1964; x_wconf 91' lang='lat' dir='ltr'>cent</span> <span class='ocrx_word' id='word_1_277' title='bbox 375 1914 419 1970; x_wconf 91' lang='lat' dir='ltr'>illl,</span> <span class='ocrx_word' id='word_1_278' title='bbox 439 1915 479 1978; x_wconf 92' lang='lat' dir='ltr'>qui</span> <span class='ocrx_word' id='word_1_279' title='bbox 498 1916 550 1976; x_wconf 82' lang='lat' dir='ltr'>ejus</span> <span class='ocrx_word' id='word_1_280' title='bbox 568 1914 676 1963; x_wconf 88' lang='lat' dir='ltr'>medium</span> <span class='ocrx_word' id='word_1_281' title='bbox 694 1915 816 1964; x_wconf 87' lang='lat' dir='ltr'>sereniore</span> <span class='ocrx_word' id='word_1_282' title='bbox 835 1927 897 1964; x_wconf 88' lang='lat' dir='ltr'>aura</span> <span class='ocrx_word' id='word_1_283' title='bbox 913 1915 952 1963; x_wconf 85' lang='lat' dir='ltr'>usi</span> <span class='ocrx_word' id='word_1_284' title='bbox 971 1919 1157 1976; x_wconf 87' lang='lat' dir='ltr'>conspexerunt.</span> <span class='ocrx_word' id='word_1_285' title='bbox 1186 1912 1216 1962; x_wconf 92' lang='lat' dir='ltr'>Id</span> <span class='ocrx_word' id='word_1_286' title='bbox 1234 1929 1291 1964; x_wconf 89' lang='lat' dir='ltr'>vero</span> <span class='ocrx_word' id='word_1_287' title='bbox 1309 1913 1435 1963; x_wconf 90' lang='lat' dir='ltr'>sciendum</span> <span class='ocrx_word' id='word_1_288' title='bbox 1448 1919 1494 1968; x_wconf 85' lang='lat' dir='ltr'>est,</span> <span class='ocrx_word' id='word_1_289' title='bbox 1513 1911 1613 1961; x_wconf 83' lang='lat' dir='ltr'>Lunam</span> <span class='ocrx_word' id='word_1_290' title='bbox 1632 1913 1660 1960; x_wconf 92' lang='lat' dir='ltr'>in</span> 
     </span>
    </p>
   </div>
   <div class='ocr_carea' id='block_1_14' title="bbox 300 1983 1767 2122">
    <p class='ocr_par' dir='ltr' id='par_1_14' title="bbox 300 1983 1767 2122">
     <span class='ocr_line' id='line_1_23' title="bbox 300 1983 1763 2049; baseline -0.002 -14"><span class='ocrx_word' id='word_1_291' title='bbox 300 1985 430 2036; x_wconf 71' lang='lat' dir='ltr'>noviluniis</span> <span class='ocrx_word' id='word_1_292' title='bbox 449 1984 569 2048; x_wconf 88' lang='lat' dir='ltr'>eclipticis</span> <span class='ocrx_word' id='word_1_293' title='bbox 587 2000 637 2034; x_wconf 92' lang='lat' dir='ltr'>nou</span> <span class='ocrx_word' id='word_1_294' title='bbox 656 1997 775 2049; x_wconf 87' lang='lat' dir='ltr'>apparare</span> <span class='ocrx_word' id='word_1_295' title='bbox 794 2000 825 2035; x_wconf 91' lang='lat' dir='ltr'>sa</span> <span class='ocrx_word' id='word_1_296' title='bbox 841 1983 1029 2049; x_wconf 87' lang='lat' dir='ltr'>magnitudine,</span> <span class='ocrx_word' id='word_1_297' title='bbox 1055 1997 1105 2049; x_wconf 90' lang='lat' dir='ltr'>qua</span> <span class='ocrx_word' id='word_1_298' title='bbox 1128 1984 1190 2034; x_wconf 87' lang='lat' dir='ltr'>alias</span> <span class='ocrx_word' id='word_1_299' title='bbox 1213 1987 1239 2034; x_wconf 92' lang='lat' dir='ltr'>in</span> <span class='ocrx_word' id='word_1_300' title='bbox 1261 1985 1415 2049; x_wconf 88' lang='lat' dir='ltr'>pleniluniis,</span> <span class='ocrx_word' id='word_1_301' title='bbox 1439 1989 1497 2032; x_wconf 89' lang='lat' dir='ltr'>utut</span> <span class='ocrx_word' id='word_1_302' title='bbox 1518 1985 1545 2032; x_wconf 91' lang='lat' dir='ltr'>iu</span> <span class='ocrx_word' id='word_1_303' title='bbox 1568 1983 1661 2032; x_wconf 86' lang='lat' dir='ltr'>eadem</span> <span class='ocrx_word' id='word_1_304' title='bbox 1760 2029 1763 2032; x_wconf 88' lang='lat'>.</span> 
     </span>
     <span class='ocr_line' id='line_1_24' title="bbox 301 2055 1767 2122; baseline -0.002 -16"><span class='ocrx_word' id='word_1_305' title='bbox 301 2058 374 2106; x_wconf 87' lang='lat' dir='ltr'>luerit</span> <span class='ocrx_word' id='word_1_306' title='bbox 393 2071 409 2106; x_wconf 93' lang='lat' dir='ltr'>a</span> <span class='ocrx_word' id='word_1_307' title='bbox 427 2055 504 2106; x_wconf 83' lang='lat' dir='ltr'>Terra</span> <span class='ocrx_word' id='word_1_308' title='bbox 522 2057 670 2116; x_wconf 87' lang='lat' dir='ltr'>remotione,</span> <span class='ocrx_word' id='word_1_309' title='bbox 696 2057 741 2107; x_wconf 90' lang='lat' dir='ltr'>sed</span> <span class='ocrx_word' id='word_1_310' title='bbox 762 2058 832 2122; x_wconf 88' lang='lat' dir='ltr'>quasi</span> <span class='ocrx_word' id='word_1_311' title='bbox 855 2071 897 2120; x_wconf 91' lang='lat' dir='ltr'>pro</span> <span class='ocrx_word' id='word_1_312' title='bbox 920 2057 1008 2120; x_wconf 88' lang='lat' dir='ltr'>quinta</span> <span class='ocrx_word' id='word_1_313' title='bbox 1029 2063 1100 2119; x_wconf 86' lang='lat' dir='ltr'>perte</span> <span class='ocrx_word' id='word_1_314' title='bbox 1119 2058 1268 2116; x_wconf 82' lang='lat' dir='ltr'>samcartis</span> <span class='ocrx_word' id='word_1_315' title='bbox 1286 2056 1317 2106; x_wconf 91' lang='lat' dir='ltr'>da</span> <span class='ocrx_word' id='word_1_316' title='bbox 1338 2057 1421 2116; x_wconf 82' lang='lat' dir='ltr'>causis</span> <span class='ocrx_word' id='word_1_317' title='bbox 1439 2055 1498 2104; x_wconf 84' lang='lat' dir='ltr'>alibi</span> <span class='ocrx_word' id='word_1_318' title='bbox 1515 2055 1661 2104; x_wconf 81' lang='lat' dir='ltr'>reserandis</span> <span class='ocrx_word' id='word_1_319' title='bbox 1757 2077 1767 2085; x_wconf 90' lang='lat'>··</span> 
     </span>
    </p>
   </div>
   <div class='ocr_carea' id='block_1_15' title="bbox 302 2125 1660 2194">
    <p class='ocr_par' dir='ltr' id='par_1_15' title="bbox 302 2125 1660 2194">
     <span class='ocr_line' id='line_1_25' title="bbox 302 2125 1660 2194; baseline -0.003 -16"><span class='ocrx_word' id='word_1_320' title='bbox 302 2129 486 2193; x_wconf 88' lang='lat' dir='ltr'>constringers;</span> <span class='ocrx_word' id='word_1_321' title='bbox 512 2126 578 2176; x_wconf 90' lang='lat' dir='ltr'>unde</span> <span class='ocrx_word' id='word_1_322' title='bbox 596 2127 624 2176; x_wconf 88' lang='lat' dir='ltr'>lit</span> <span class='ocrx_word' id='word_1_323' title='bbox 643 2133 670 2176; x_wconf 92' lang='lat' dir='ltr'>ut</span> <span class='ocrx_word' id='word_1_324' title='bbox 689 2127 762 2178; x_wconf 86' lang='lat' dir='ltr'>Luna</span> <span class='ocrx_word' id='word_1_325' title='bbox 779 2141 904 2192; x_wconf 88' lang='lat' dir='ltr'>nunquam</span> <span class='ocrx_word' id='word_1_326' title='bbox 923 2133 1003 2176; x_wconf 87' lang='lat' dir='ltr'>totum</span> <span class='ocrx_word' id='word_1_327' title='bbox 1022 2125 1102 2177; x_wconf 86' lang='lat' dir='ltr'>Solem</span> <span class='ocrx_word' id='word_1_328' title='bbox 1122 2142 1219 2190; x_wconf 89' lang='lat' dir='ltr'>prorsus</span> <span class='ocrx_word' id='word_1_329' title='bbox 1236 2127 1353 2194; x_wconf 76' lang='lat' dir='ltr'>obtegere</span> <span class='ocrx_word' id='word_1_330' title='bbox 1371 2133 1461 2191; x_wconf 85' lang='lat' dir='ltr'>queat,</span> <span class='ocrx_word' id='word_1_331' title='bbox 1481 2127 1579 2174; x_wconf 73' lang='lat' dir='ltr'>edumei</span> <span class='ocrx_word' id='word_1_332' title='bbox 1599 2141 1660 2175; x_wconf 84' lang='lat' dir='ltr'>cen·</span> 
     </span>
    </p>
   </div>
   <div class='ocr_carea' id='block_1_16' title="bbox 300 2197 1762 2264">
    <p class='ocr_par' dir='ltr' id='par_1_16' title="bbox 300 2197 1762 2264">
     <span class='ocr_line' id='line_1_26' title="bbox 300 2197 1762 2264; baseline -0.001 -16"><span class='ocrx_word' id='word_1_333' title='bbox 300 2200 395 2258; x_wconf 81' lang='lat' dir='ltr'>trulitar</span> <span class='ocrx_word' id='word_1_334' title='bbox 414 2197 496 2264; x_wconf 91' lang='lat' dir='ltr'>quoad</span> <span class='ocrx_word' id='word_1_335' title='bbox 513 2199 591 2248; x_wconf 89' lang='lat' dir='ltr'>visum</span> <span class='ocrx_word' id='word_1_336' title='bbox 610 2200 793 2263; x_wconf 86' lang='lat' dir='ltr'>interponatur,</span> <span class='ocrx_word' id='word_1_337' title='bbox 813 2199 904 2248; x_wconf 87' lang='lat' dir='ltr'>lumine</span> <span class='ocrx_word' id='word_1_338' title='bbox 924 2197 1002 2248; x_wconf 89' lang='lat' dir='ltr'>Solari</span> <span class='ocrx_word' id='word_1_339' title='bbox 1022 2212 1077 2248; x_wconf 85' lang='lat' dir='ltr'>aum</span> <span class='ocrx_word' id='word_1_340' title='bbox 1096 2199 1196 2262; x_wconf 89' lang='lat' dir='ltr'>aliquali</span> <span class='ocrx_word' id='word_1_341' title='bbox 1215 2199 1295 2251; x_wconf 89' lang='lat' dir='ltr'>adhuc</span> <span class='ocrx_word' id='word_1_342' title='bbox 1312 2200 1416 2263; x_wconf 90' lang='lat' dir='ltr'>vestigio</span> <span class='ocrx_word' id='word_1_343' title='bbox 1434 2197 1573 2254; x_wconf 74' lang='lat' dir='ltr'>ambiente,</span> <span class='ocrx_word' id='word_1_344' title='bbox 1594 2197 1661 2261; x_wconf 89' lang='lat' dir='ltr'>quod</span> <span class='ocrx_word' id='word_1_345' title='bbox 1758 2221 1762 2226; x_wconf 74' lang='lat'><em>.</em></span> 
     </span>
    </p>
   </div>
   <div class='ocr_carea' id='block_1_17' title="bbox 301 2267 1659 2336">
    <p class='ocr_par' dir='ltr' id='par_1_17' title="bbox 301 2267 1659 2336">
     <span class='ocr_line' id='line_1_27' title="bbox 301 2267 1659 2336; baseline -0.003 -16"><span class='ocrx_word' id='word_1_346' title='bbox 301 2277 326 2320; x_wconf 92' lang='lat' dir='ltr'>et</span> <span class='ocrx_word' id='word_1_347' title='bbox 344 2269 434 2320; x_wconf 89' lang='lat' dir='ltr'>iubos</span> <span class='ocrx_word' id='word_1_348' title='bbox 452 2269 538 2319; x_wconf 89' lang='lat' dir='ltr'>ultimo</span> <span class='ocrx_word' id='word_1_349' title='bbox 558 2269 663 2334; x_wconf 91' lang='lat' dir='ltr'>deliquio</span> <span class='ocrx_word' id='word_1_350' title='bbox 682 2271 877 2320; x_wconf 87' lang='lat' dir='ltr'>animadvertere</span> <span class='ocrx_word' id='word_1_351' title='bbox 895 2276 1010 2333; x_wconf 86' lang='lat' dir='ltr'>poteraut</span> <span class='ocrx_word' id='word_1_352' title='bbox 1027 2270 1071 2327; x_wconf 93' lang='lat' dir='ltr'>illi,</span> <span class='ocrx_word' id='word_1_353' title='bbox 1090 2272 1176 2336; x_wconf 86' lang='lat' dir='ltr'>quibus</span> <span class='ocrx_word' id='word_1_354' title='bbox 1194 2273 1303 2321; x_wconf 83' lang='lat' dir='ltr'>maxima</span> <span class='ocrx_word' id='word_1_355' title='bbox 1315 2267 1443 2320; x_wconf 77' lang='lat' dir='ltr'>offuscatio</span> <span class='ocrx_word' id='word_1_356' title='bbox 1460 2270 1548 2332; x_wconf 81' lang='lat' dir='ltr'>patuit</span> <span class='ocrx_word' id='word_1_357' title='bbox 1577 2267 1659 2332; x_wconf 87' lang='lat' dir='ltr'>Opor-</span> 
     </span>
    </p>
   </div>
   <div class='ocr_carea' id='block_1_18' title="bbox 201 2339 1767 2549">
    <p class='ocr_par' dir='ltr' id='par_1_18' title="bbox 201 2339 1767 2549">
     <span class='ocr_line' id='line_1_28' title="bbox 299 2339 1767 2406; baseline -0.001 -16"><span class='ocrx_word' id='word_1_358' title='bbox 299 2343 348 2392; x_wconf 90' lang='lat' dir='ltr'>tuit</span> <span class='ocrx_word' id='word_1_359' title='bbox 366 2341 432 2392; x_wconf 87' lang='lat' dir='ltr'>euius</span> <span class='ocrx_word' id='word_1_360' title='bbox 450 2348 510 2390; x_wconf 90' lang='lat' dir='ltr'>tuno</span> <span class='ocrx_word' id='word_1_361' title='bbox 529 2339 612 2390; x_wconf 89' lang='lat' dir='ltr'>Solem</span> <span class='ocrx_word' id='word_1_362' title='bbox 630 2341 665 2396; x_wconf 81' lang='lat' dir='ltr'>de¹</span> <span class='ocrx_word' id='word_1_363' title='bbox 678 2341 772 2391; x_wconf 91' lang='lat' dir='ltr'>Lunari</span> <span class='ocrx_word' id='word_1_364' title='bbox 791 2355 890 2406; x_wconf 90' lang='lat' dir='ltr'>corpora</span> <span class='ocrx_word' id='word_1_365' title='bbox 908 2343 1021 2405; x_wconf 90' lang='lat' dir='ltr'>utrinque</span> <span class='ocrx_word' id='word_1_366' title='bbox 1038 2341 1093 2405; x_wconf 87' lang='lat' dir='ltr'>plus</span> <span class='ocrx_word' id='word_1_367' title='bbox 1115 2342 1254 2403; x_wconf 86' lang='lat' dir='ltr'>includere,</span> <span class='ocrx_word' id='word_1_368' title='bbox 1278 2341 1350 2406; x_wconf 89' lang='lat' dir='ltr'>idque</span> <span class='ocrx_word' id='word_1_369' title='bbox 1375 2340 1557 2396; x_wconf 85' lang='lat' dir='ltr'>corniculatim.</span> <span class='ocrx_word' id='word_1_370' title='bbox 1582 2353 1661 2404; x_wconf 83' lang='lat' dir='ltr'>quarn</span> <span class='ocrx_word' id='word_1_371' title='bbox 1760 2367 1767 2397; x_wconf 84' lang='lat'><strong>:</strong></span> 
     </span>
     <span class='ocr_line' id='line_1_29' title="bbox 299 2410 1766 2479; baseline -0.001 -17"><span class='ocrx_word' id='word_1_372' title='bbox 299 2413 367 2463; x_wconf 89' lang='lat' dir='ltr'>linea</span> <span class='ocrx_word' id='word_1_373' title='bbox 383 2427 428 2476; x_wconf 89' lang='lat' dir='ltr'>per</span> <span class='ocrx_word' id='word_1_374' title='bbox 445 2410 592 2461; x_wconf 89' lang='lat' dir='ltr'>diametrum</span> <span class='ocrx_word' id='word_1_375' title='bbox 611 2411 687 2462; x_wconf 89' lang='lat' dir='ltr'>ducta</span> <span class='ocrx_word' id='word_1_376' title='bbox 705 2415 834 2479; x_wconf 86' lang='lat' dir='ltr'>erigebat,</span> <span class='ocrx_word' id='word_1_377' title='bbox 860 2417 916 2461; x_wconf 91' lang='lat' dir='ltr'>utut</span> <span class='ocrx_word' id='word_1_378' title='bbox 934 2413 1022 2462; x_wconf 87' lang='lat' dir='ltr'>Lunae</span> <span class='ocrx_word' id='word_1_379' title='bbox 1046 2413 1166 2476; x_wconf 82' lang='lat' dir='ltr'>diameter</span> <span class='ocrx_word' id='word_1_380' title='bbox 1188 2414 1339 2463; x_wconf 71' lang='lat' dir='ltr'>meinent</span> <span class='ocrx_word' id='word_1_381' title='bbox 1361 2415 1432 2475; x_wconf 78' lang='lat' dir='ltr'>juxta</span> <span class='ocrx_word' id='word_1_382' title='bbox 1449 2418 1560 2460; x_wconf 74' lang='lat' dir='ltr'>nostum</span> <span class='ocrx_word' id='word_1_383' title='bbox 1579 2413 1659 2461; x_wconf 85' lang='lat' dir='ltr'>etism</span> <span class='ocrx_word' id='word_1_384' title='bbox 1758 2437 1766 2468; x_wconf 88' lang='lat'>·.</span> 
     </span>
     <span class='ocr_line' id='line_1_30' title="bbox 201 2479 1659 2549; baseline -0.001 -15"><span class='ocrx_word' id='word_1_385' title='bbox 201 2494 206 2503; x_wconf 87' lang='lat'><strong>·</strong></span> <span class='ocrx_word' id='word_1_386' title='bbox 300 2484 423 2538; x_wconf 80' lang='lat' dir='ltr'>calculum</span> <span class='ocrx_word' id='word_1_387' title='bbox 441 2479 532 2544; x_wconf 52' lang='lat' dir='ltr'>wlf,</span> <span class='ocrx_word' id='word_1_388' title='bbox 551 2495 669 2546; x_wconf 89' lang='lat' dir='ltr'>apparere</span> <span class='ocrx_word' id='word_1_389' title='bbox 689 2491 772 2534; x_wconf 87' lang='lat' dir='ltr'>autem</span> <span class='ocrx_word' id='word_1_390' title='bbox 791 2483 857 2547; x_wconf 88' lang='lat' dir='ltr'>apud</span> <span class='ocrx_word' id='word_1_391' title='bbox 876 2482 958 2532; x_wconf 82' lang='lat' dir='ltr'>Solem</span> <span class='ocrx_word' id='word_1_392' title='bbox 976 2498 1024 2533; x_wconf 90' lang='lat' dir='ltr'>uun</span> <span class='ocrx_word' id='word_1_393' title='bbox 1042 2486 1122 2548; x_wconf 90' lang='lat' dir='ltr'>potuit</span> <span class='ocrx_word' id='word_1_394' title='bbox 1140 2487 1219 2547; x_wconf 83' lang='lat' dir='ltr'>major</span> <span class='ocrx_word' id='word_1_395' title='bbox 1236 2499 1311 2549; x_wconf 88' lang='lat' dir='ltr'>quam</span> <span class='ocrx_word' id='word_1_396' title='bbox 1329 2481 1371 2538; x_wconf 74' lang='grc'>18,</span> <span class='ocrx_word' id='word_1_397' title='bbox 1391 2497 1466 2548; x_wconf 89' lang='lat' dir='ltr'>quam</span> <span class='ocrx_word' id='word_1_398' title='bbox 1482 2482 1659 2533; x_wconf 86' lang='lat' dir='ltr'>limitationem</span> 
     </span>
    </p>
   </div>
   <div class='ocr_carea' id='block_1_19' title="bbox 297 2553 1659 3048">
    <p class='ocr_par' dir='ltr' id='par_1_19' title="bbox 297 2553 1659 3048">
     <span class='ocr_line' id='line_1_31' title="bbox 299 2553 1658 2620; baseline -0.001 -14"><span class='ocrx_word' id='word_1_399' title='bbox 299 2555 432 2606; x_wconf 84' lang='lat' dir='ltr'>anemius</span> <span class='ocrx_word' id='word_1_400' title='bbox 451 2561 528 2604; x_wconf 86' lang='lat' dir='ltr'>autea</span> <span class='ocrx_word' id='word_1_401' title='bbox 546 2555 742 2604; x_wconf 77' lang='lat' dir='ltr'>animaduersam</span> <span class='ocrx_word' id='word_1_402' title='bbox 761 2555 872 2620; x_wconf 63' lang='lat' dir='ltr'>comen,</span> <span class='ocrx_word' id='word_1_403' title='bbox 891 2555 978 2604; x_wconf 88' lang='lat' dir='ltr'>sedin</span> <span class='ocrx_word' id='word_1_404' title='bbox 998 2553 1091 2620; x_wconf 90' lang='lat' dir='ltr'>aliquot</span> <span class='ocrx_word' id='word_1_405' title='bbox 1103 2555 1167 2605; x_wconf 85' lang='lat' dir='ltr'>Solis</span> <span class='ocrx_word' id='word_1_406' title='bbox 1186 2557 1393 2606; x_wconf 86' lang='lat' dir='ltr'>observationibus</span> <span class='ocrx_word' id='word_1_407' title='bbox 1409 2569 1464 2605; x_wconf 90' lang='lat' dir='ltr'>cum</span> <span class='ocrx_word' id='word_1_408' title='bbox 1476 2559 1529 2604; x_wconf 90' lang='lat' dir='ltr'>tum</span> <span class='ocrx_word' id='word_1_409' title='bbox 1549 2567 1564 2604; x_wconf 89' lang='lat' dir='ltr'>a</span> <span class='ocrx_word' id='word_1_410' title='bbox 1583 2569 1658 2617; x_wconf 86' lang='lat' dir='ltr'>supe·</span> 
     </span>
     <span class='ocr_line' id='line_1_32' title="bbox 298 2625 1657 2692; baseline -0.001 -15"><span class='ocrx_word' id='word_1_411' title='bbox 298 2627 361 2678; x_wconf 90' lang='lat' dir='ltr'>riore</span> <span class='ocrx_word' id='word_1_412' title='bbox 379 2640 453 2691; x_wconf 90' lang='lat' dir='ltr'>quam</span> <span class='ocrx_word' id='word_1_413' title='bbox 471 2625 584 2674; x_wconf 84' lang='lat' dir='ltr'>inferiore</span> <span class='ocrx_word' id='word_1_414' title='bbox 602 2633 674 2689; x_wconf 89' lang='lat' dir='ltr'>parts</span> <span class='ocrx_word' id='word_1_415' title='bbox 692 2633 825 2692; x_wconf 88' lang='lat' dir='ltr'>tegeretur,</span> <span class='ocrx_word' id='word_1_416' title='bbox 845 2627 880 2676; x_wconf 89' lang='lat' dir='ltr'>sic</span> <span class='ocrx_word' id='word_1_417' title='bbox 897 2639 937 2675; x_wconf 90' lang='lat' dir='ltr'>me</span> <span class='ocrx_word' id='word_1_418' title='bbox 960 2627 1043 2675; x_wconf 90' lang='lat' dir='ltr'>docuit</span> <span class='ocrx_word' id='word_1_419' title='bbox 1056 2628 1216 2691; x_wconf 82' lang='lat' dir='ltr'>experientia.</span> <span class='ocrx_word' id='word_1_420' title='bbox 1245 2625 1325 2676; x_wconf 83' lang='lat' dir='ltr'>Tuum</span> <span class='ocrx_word' id='word_1_421' title='bbox 1339 2627 1393 2682; x_wconf 88' lang='lat' dir='ltr'>erit,</span> <span class='ocrx_word' id='word_1_422' title='bbox 1413 2625 1498 2676; x_wconf 78' lang='lat' dir='ltr'>excell</span> <span class='ocrx_word' id='word_1_423' title='bbox 1511 2625 1657 2683; x_wconf 84' lang='lat' dir='ltr'>Maestliuc,</span> 
     </span>
     <span class='ocr_line' id='line_1_33' title="bbox 298 2696 1659 2766; baseline -0.001 -18"><span class='ocrx_word' id='word_1_424' title='bbox 298 2698 356 2763; x_wconf 88' lang='lat' dir='ltr'>quid</span> <span class='ocrx_word' id='word_1_425' title='bbox 374 2699 399 2750; x_wconf 93' lang='lat' dir='ltr'>in</span> <span class='ocrx_word' id='word_1_426' title='bbox 418 2696 455 2746; x_wconf 89' lang='lat' dir='ltr'>his</span> <span class='ocrx_word' id='word_1_427' title='bbox 474 2703 500 2746; x_wconf 89' lang='lat' dir='ltr'>et</span> <span class='ocrx_word' id='word_1_428' title='bbox 517 2696 636 2746; x_wconf 88' lang='lat' dir='ltr'>similibus</span> <span class='ocrx_word' id='word_1_429' title='bbox 655 2705 804 2761; x_wconf 90' lang='lat' dir='ltr'>compertum</span> <span class='ocrx_word' id='word_1_430' title='bbox 822 2698 924 2754; x_wconf 85' lang='lat' dir='ltr'>habeas,</span> <span class='ocrx_word' id='word_1_431' title='bbox 943 2697 1003 2746; x_wconf 88' lang='lat' dir='ltr'>mihi</span> <span class='ocrx_word' id='word_1_432' title='bbox 1020 2699 1096 2747; x_wconf 89' lang='lat' dir='ltr'>etiam</span> <span class='ocrx_word' id='word_1_433' title='bbox 1115 2701 1225 2766; x_wconf 86' lang='lat' dir='ltr'>aperire,</span> <span class='ocrx_word' id='word_1_434' title='bbox 1245 2706 1319 2762; x_wconf 86' lang='lat' dir='ltr'>atquc</span> <span class='ocrx_word' id='word_1_435' title='bbox 1337 2699 1362 2747; x_wconf 93' lang='lat' dir='ltr'>iu</span> <span class='ocrx_word' id='word_1_436' title='bbox 1380 2705 1504 2760; x_wconf 88' lang='lat' dir='ltr'>posterum</span> <span class='ocrx_word' id='word_1_437' title='bbox 1520 2697 1659 2760; x_wconf 70' lang='lat' dir='ltr'>iucundam</span> 
     </span>
     <span class='ocr_line' id='line_1_34' title="bbox 299 2767 1659 2835; baseline 0 -16"><span class='ocrx_word' id='word_1_438' title='bbox 299 2772 364 2820; x_wconf 90' lang='lat' dir='ltr'>inter</span> <span class='ocrx_word' id='word_1_439' title='bbox 382 2783 426 2818; x_wconf 89' lang='lat' dir='ltr'>uos</span> <span class='ocrx_word' id='word_1_440' title='bbox 445 2769 476 2818; x_wconf 90' lang='lat' dir='ltr'>de</span> <span class='ocrx_word' id='word_1_441' title='bbox 495 2768 567 2817; x_wconf 90' lang='lat' dir='ltr'>rebus</span> <span class='ocrx_word' id='word_1_442' title='bbox 587 2769 755 2818; x_wconf 87' lang='lat' dir='ltr'>astronomicis</span> <span class='ocrx_word' id='word_1_443' title='bbox 774 2769 939 2825; x_wconf 88' lang='lat' dir='ltr'>collationem,</span> <span class='ocrx_word' id='word_1_444' title='bbox 958 2783 1032 2832; x_wconf 87' lang='lat' dir='ltr'>quam</span> <span class='ocrx_word' id='word_1_445' title='bbox 1051 2775 1077 2819; x_wconf 86' lang='lat' dir='ltr'>et</span> <span class='ocrx_word' id='word_1_446' title='bbox 1095 2783 1141 2835; x_wconf 88' lang='lat' dir='ltr'>ego</span> <span class='ocrx_word' id='word_1_447' title='bbox 1157 2785 1206 2819; x_wconf 91' lang='lat' dir='ltr'>uon</span> <span class='ocrx_word' id='word_1_448' title='bbox 1219 2769 1294 2818; x_wconf 88' lang='lat' dir='ltr'>invita</span> <span class='ocrx_word' id='word_1_449' title='bbox 1307 2769 1445 2828; x_wconf 85' lang='lat' dir='ltr'>admittam,</span> <span class='ocrx_word' id='word_1_450' title='bbox 1465 2782 1588 2819; x_wconf 84' lang='lat' dir='ltr'>exercere.</span> <span class='ocrx_word' id='word_1_451' title='bbox 1617 2767 1659 2819; x_wconf 89' lang='lat' dir='ltr'>De</span> 
     </span>
     <span class='ocr_line' id='line_1_35' title="bbox 298 2840 1658 2907; baseline -0.003 -15"><span class='ocrx_word' id='word_1_452' title='bbox 298 2841 425 2907; x_wconf 88' lang='lat' dir='ltr'>eclipsinm</span> <span class='ocrx_word' id='word_1_453' title='bbox 444 2845 527 2890; x_wconf 89' lang='lat' dir='ltr'>autem</span> <span class='ocrx_word' id='word_1_454' title='bbox 539 2841 691 2902; x_wconf 87' lang='lat' dir='ltr'>potissimum</span> <span class='ocrx_word' id='word_1_455' title='bbox 705 2840 842 2890; x_wconf 89' lang='lat' dir='ltr'>Lunarium</span> <span class='ocrx_word' id='word_1_456' title='bbox 855 2855 871 2889; x_wconf 94' lang='lat' dir='ltr'>a</span> <span class='ocrx_word' id='word_1_457' title='bbox 889 2847 915 2890; x_wconf 89' lang='lat' dir='ltr'>te</span> <span class='ocrx_word' id='word_1_458' title='bbox 931 2840 1055 2890; x_wconf 88' lang='lat' dir='ltr'>subtiliter</span> <span class='ocrx_word' id='word_1_459' title='bbox 1067 2841 1243 2891; x_wconf 85' lang='lat' dir='ltr'>animadversis</span> <span class='ocrx_word' id='word_1_460' title='bbox 1255 2841 1384 2890; x_wconf 88' lang='lat' dir='ltr'>momentis</span> <span class='ocrx_word' id='word_1_461' title='bbox 1397 2855 1444 2892; x_wconf 85' lang='lat' dir='ltr'>ure.</span> <span class='ocrx_word' id='word_1_462' title='bbox 1465 2853 1539 2904; x_wconf 88' lang='lat' dir='ltr'>quam</span> <span class='ocrx_word' id='word_1_463' title='bbox 1551 2842 1658 2904; x_wconf 88' lang='lat' dir='ltr'>primurn</span> 
     </span>
     <span class='ocr_line' id='line_1_36' title="bbox 298 2910 1658 2977; baseline -0.002 -14"><span class='ocrx_word' id='word_1_464' title='bbox 298 2913 350 2963; x_wconf 87' lang='lat' dir='ltr'>lieri</span> <span class='ocrx_word' id='word_1_465' title='bbox 363 2917 446 2977; x_wconf 85' lang='lat' dir='ltr'>queat,</span> <span class='ocrx_word' id='word_1_466' title='bbox 467 2913 594 2960; x_wconf 85' lang='lat' dir='ltr'>certiorem</span> <span class='ocrx_word' id='word_1_467' title='bbox 607 2910 689 2970; x_wconf 90' lang='lat' dir='ltr'>redde,</span> <span class='ocrx_word' id='word_1_468' title='bbox 710 2919 740 2960; x_wconf 90' lang='lat' dir='ltr'>ut</span> <span class='ocrx_word' id='word_1_469' title='bbox 752 2913 926 2962; x_wconf 77' lang='lat' dir='ltr'>correctionem</span> <span class='ocrx_word' id='word_1_470' title='bbox 939 2910 1126 2976; x_wconf 82' lang='lat' dir='ltr'>longitudinum,</span> <span class='ocrx_word' id='word_1_471' title='bbox 1147 2912 1177 2962; x_wconf 90' lang='lat' dir='ltr'>de</span> <span class='ocrx_word' id='word_1_472' title='bbox 1191 2927 1240 2977; x_wconf 90' lang='lat' dir='ltr'>qua</span> <span class='ocrx_word' id='word_1_473' title='bbox 1252 2912 1309 2962; x_wconf 82' lang='lat' dir='ltr'>dixi.</span> <span class='ocrx_word' id='word_1_474' title='bbox 1329 2925 1402 2974; x_wconf 88' lang='lat' dir='ltr'>quam</span> <span class='ocrx_word' id='word_1_475' title='bbox 1419 2911 1485 2960; x_wconf 88' lang='lat' dir='ltr'>brevi</span> <span class='ocrx_word' id='word_1_476' title='bbox 1504 2912 1529 2961; x_wconf 94' lang='lat' dir='ltr'>iu</span> <span class='ocrx_word' id='word_1_477' title='bbox 1549 2911 1658 2976; x_wconf 87' lang='lat' dir='ltr'>quadam</span> 
     </span>
     <span class='ocr_line' id='line_1_37' title="bbox 297 2982 1659 3048; baseline -0.003 -14"><span class='ocrx_word' id='word_1_478' title='bbox 297 2985 392 3034; x_wconf 87' lang='lat' dir='ltr'>tabells</span> <span class='ocrx_word' id='word_1_479' title='bbox 410 2984 530 3033; x_wconf 88' lang='lat' dir='ltr'>adornare</span> <span class='ocrx_word' id='word_1_480' title='bbox 549 2984 673 3042; x_wconf 87' lang='lat' dir='ltr'>constitui,</span> <span class='ocrx_word' id='word_1_481' title='bbox 693 2991 745 3033; x_wconf 86' lang='lat' dir='ltr'>tam</span> <span class='ocrx_word' id='word_1_482' title='bbox 762 2983 835 3036; x_wconf 82' lang='lat' dir='ltr'>hino,</span> <span class='ocrx_word' id='word_1_483' title='bbox 855 2995 928 3048; x_wconf 88' lang='lat' dir='ltr'>quem</span> <span class='ocrx_word' id='word_1_484' title='bbox 947 2997 977 3031; x_wconf 89' lang='lat' dir='ltr'>ex</span> <span class='ocrx_word' id='word_1_485' title='bbox 996 2983 1051 3032; x_wconf 86' lang='lat' dir='ltr'>aliis</span> <span class='ocrx_word' id='word_1_486' title='bbox 1069 2984 1214 3047; x_wconf 88' lang='lat' dir='ltr'>quibusdam</span> <span class='ocrx_word' id='word_1_487' title='bbox 1233 2982 1332 3033; x_wconf 89' lang='lat' dir='ltr'>aliunde</span> <span class='ocrx_word' id='word_1_488' title='bbox 1351 2983 1493 3046; x_wconf 86' lang='lat' dir='ltr'>conquisitis</span> <span class='ocrx_word' id='word_1_489' title='bbox 1510 2984 1609 3032; x_wconf 87' lang='lat' dir='ltr'>iudiciis</span> <span class='ocrx_word' id='word_1_490' title='bbox 1628 2997 1659 3031; x_wconf 90' lang='lat' dir='ltr'>so</span> 
     </span>
    </p>
   </div>
   <div class='ocr_carea' id='block_1_20' title="bbox 224 3051 1657 3120">
    <p class='ocr_par' dir='ltr' id='par_1_20' title="bbox 224 3051 1657 3120">
     <span class='ocr_line' id='line_1_38' title="bbox 224 3051 1657 3120; baseline -0.002 -15"><span class='ocrx_word' id='word_1_491' title='bbox 224 3083 228 3092; x_wconf 90' lang='lat'><em>·</em></span> <span class='ocrx_word' id='word_1_492' title='bbox 296 3055 413 3120; x_wconf 85' lang='lat' dir='ltr'>promtius</span> <span class='ocrx_word' id='word_1_493' title='bbox 433 3054 569 3118; x_wconf 85' lang='lat' dir='ltr'>expediam.</span> <span class='ocrx_word' id='word_1_494' title='bbox 605 3053 710 3118; x_wconf 85' lang='lat' dir='ltr'>Jamque</span> <span class='ocrx_word' id='word_1_495' title='bbox 728 3055 799 3112; x_wconf 83' lang='lat' dir='ltr'>sals,</span> <span class='ocrx_word' id='word_1_496' title='bbox 825 3053 856 3103; x_wconf 88' lang='lat' dir='ltr'>V.</span> <span class='ocrx_word' id='word_1_497' title='bbox 878 3051 913 3103; x_wconf 88' lang='lat' dir='ltr'>Cl.</span> <span class='ocrx_word' id='word_1_498' title='bbox 938 3061 964 3102; x_wconf 86' lang='lat' dir='ltr'>et</span> <span class='ocrx_word' id='word_1_499' title='bbox 982 3054 1013 3104; x_wconf 91' lang='lat' dir='ltr'>de</span> <span class='ocrx_word' id='word_1_500' title='bbox 1031 3055 1103 3104; x_wconf 88' lang='lat' dir='ltr'>rebus</span> <span class='ocrx_word' id='word_1_501' title='bbox 1127 3056 1296 3108; x_wconf 87' lang='lat' dir='ltr'>astronomicis</span> <span class='ocrx_word' id='word_1_502' title='bbox 1320 3053 1477 3104; x_wconf 87' lang='lat' dir='ltr'>landabiliter</span> <span class='ocrx_word' id='word_1_503' title='bbox 1499 3057 1603 3112; x_wconf 85' lang='lat' dir='ltr'>merite,</span> <span class='ocrx_word' id='word_1_504' title='bbox 1630 3056 1657 3102; x_wconf 90' lang='lat' dir='ltr'>iu</span> 
     </span>
    </p>
   </div>
   <div class='ocr_carea' id='block_1_21' title="bbox 297 3124 1658 3262">
    <p class='ocr_par' dir='ltr' id='par_1_21' title="bbox 297 3124 1658 3262">
     <span class='ocr_line' id='line_1_39' title="bbox 297 3124 1657 3192; baseline -0.002 -15"><span class='ocrx_word' id='word_1_505' title='bbox 297 3128 383 3192; x_wconf 88' lang='lat' dir='ltr'>quibus</span> <span class='ocrx_word' id='word_1_506' title='bbox 402 3128 478 3175; x_wconf 90' lang='lat' dir='ltr'>stiam</span> <span class='ocrx_word' id='word_1_507' title='bbox 491 3124 640 3188; x_wconf 88' lang='lat' dir='ltr'>expoliendis</span> <span class='ocrx_word' id='word_1_508' title='bbox 659 3132 685 3174; x_wconf 90' lang='lat' dir='ltr'>et</span> <span class='ocrx_word' id='word_1_509' title='bbox 703 3125 881 3190; x_wconf 84' lang='lat' dir='ltr'>locupletandis</span> <span class='ocrx_word' id='word_1_510' title='bbox 899 3131 928 3173; x_wconf 91' lang='lat' dir='ltr'>ut</span> <span class='ocrx_word' id='word_1_511' title='bbox 946 3127 971 3173; x_wconf 93' lang='lat' dir='ltr'>in</span> <span class='ocrx_word' id='word_1_512' title='bbox 990 3132 1114 3189; x_wconf 91' lang='lat' dir='ltr'>posterum</span> <span class='ocrx_word' id='word_1_513' title='bbox 1131 3125 1272 3192; x_wconf 81' lang='lat' dir='ltr'>perseveres</span> <span class='ocrx_word' id='word_1_514' title='bbox 1289 3131 1314 3174; x_wconf 92' lang='lat' dir='ltr'>ts</span> <span class='ocrx_word' id='word_1_515' title='bbox 1333 3125 1458 3189; x_wconf 72' lang='lat' dir='ltr'>adhortor.¹</span> <span class='ocrx_word' id='word_1_516' title='bbox 1483 3125 1532 3176; x_wconf 88' lang='lat' dir='ltr'>Ubi</span> <span class='ocrx_word' id='word_1_517' title='bbox 1551 3127 1657 3190; x_wconf 83' lang='lat' dir='ltr'>rescrip-</span> 
     </span>
     <span class='ocr_line' id='line_1_40' title="bbox 298 3195 1658 3262; baseline -0.001 -14"><span class='ocrx_word' id='word_1_518' title='bbox 298 3200 368 3258; x_wconf 84' lang='lat' dir='ltr'>seris,</span> <span class='ocrx_word' id='word_1_519' title='bbox 388 3197 468 3253; x_wconf 86' lang='lat' dir='ltr'>cilice,</span> <span class='ocrx_word' id='word_1_520' title='bbox 487 3202 515 3244; x_wconf 91' lang='lat' dir='ltr'>ut</span> <span class='ocrx_word' id='word_1_521' title='bbox 532 3195 619 3244; x_wconf 90' lang='lat' dir='ltr'>literae</span> <span class='ocrx_word' id='word_1_522' title='bbox 638 3210 782 3260; x_wconf 89' lang='lat' dir='ltr'>quocunque</span> <span class='ocrx_word' id='word_1_523' title='bbox 800 3197 903 3245; x_wconf 88' lang='lat' dir='ltr'>tandem</span> <span class='ocrx_word' id='word_1_524' title='bbox 921 3197 1016 3246; x_wconf 87' lang='lat' dir='ltr'>viarum</span> <span class='ocrx_word' id='word_1_525' title='bbox 1034 3197 1109 3246; x_wconf 89' lang='lat' dir='ltr'>ductu</span> <span class='ocrx_word' id='word_1_526' title='bbox 1129 3199 1180 3248; x_wconf 81' lang='lat' dir='ltr'>sira</span> <span class='ocrx_word' id='word_1_527' title='bbox 1198 3212 1249 3262; x_wconf 90' lang='lat' dir='ltr'>per·</span> <span class='ocrx_word' id='word_1_528' title='bbox 1262 3195 1457 3260; x_wconf 84' lang='lat' dir='ltr'>Norlmbergam,</span> <span class='ocrx_word' id='word_1_529' title='bbox 1476 3199 1528 3247; x_wconf 86' lang='lat' dir='ltr'>sisa</span> <span class='ocrx_word' id='word_1_530' title='bbox 1548 3199 1658 3262; x_wconf 86' lang='lat' dir='ltr'>aliquam</span> 
     </span>
    </p>
   </div>
   <div class='ocr_carea' id='block_1_22' title="bbox 209 3265 1769 3334">
    <p class='ocr_par' dir='ltr' id='par_1_22' title="bbox 209 3265 1769 3334">
     <span class='ocr_line' id='line_1_41' title="bbox 209 3265 1769 3334; baseline -0.001 -14"><span class='ocrx_word' id='word_1_531' title='bbox 209 3273 213 3286; x_wconf 89' lang='lat'>&#39;</span> <span class='ocrx_word' id='word_1_532' title='bbox 299 3270 375 3320; x_wconf 87' lang='lat' dir='ltr'>aliam</span> <span class='ocrx_word' id='word_1_533' title='bbox 399 3267 519 3318; x_wconf 87' lang='lat' dir='ltr'>celebrem</span> <span class='ocrx_word' id='word_1_534' title='bbox 538 3265 687 3316; x_wconf 85' lang='lat' dir='ltr'>Germanias</span> <span class='ocrx_word' id='word_1_535' title='bbox 708 3267 794 3316; x_wconf 89' lang='lat' dir='ltr'>urbem</span> <span class='ocrx_word' id='word_1_536' title='bbox 812 3266 982 3332; x_wconf 86' lang='lat' dir='ltr'>Hamburgum</span> <span class='ocrx_word' id='word_1_537' title='bbox 1000 3267 1165 3332; x_wconf 78' lang='lat' dir='ltr'>perferantur,</span> <span class='ocrx_word' id='word_1_538' title='bbox 1191 3271 1216 3317; x_wconf 94' lang='lat' dir='ltr'>in</span> <span class='ocrx_word' id='word_1_539' title='bbox 1234 3269 1365 3332; x_wconf 87' lang='lat' dir='ltr'>hospitium</span> <span class='ocrx_word' id='word_1_540' title='bbox 1384 3268 1456 3317; x_wconf 88' lang='lat' dir='ltr'>isthic</span> <span class='ocrx_word' id='word_1_541' title='bbox 1474 3285 1574 3326; x_wconf 88' lang='lat' dir='ltr'>meum,</span> <span class='ocrx_word' id='word_1_542' title='bbox 1592 3268 1659 3334; x_wconf 87' lang='lat' dir='ltr'>quod</span> <span class='ocrx_word' id='word_1_543' title='bbox 1767 3326 1769 3334; x_wconf 37' lang='grc' dir='ltr'>Ι</span> 
     </span>
    </p>
   </div>
   <div class='ocr_carea' id='block_1_23' title="bbox 233 3335 1658 4034">
    <p class='ocr_par' dir='ltr' id='par_1_23' title="bbox 233 3335 1658 4034">
     <span class='ocr_line' id='line_1_42' title="bbox 233 3335 1658 3404; baseline 0 -14"><span class='ocrx_word' id='word_1_544' title='bbox 233 3392 236 3404; x_wconf 56' lang='grc'>,</span> <span class='ocrx_word' id='word_1_545' title='bbox 300 3349 338 3391; x_wconf 87' lang='lat' dir='ltr'>est</span> <span class='ocrx_word' id='word_1_546' title='bbox 357 3339 422 3404; x_wconf 90' lang='lat' dir='ltr'>apud</span> <span class='ocrx_word' id='word_1_547' title='bbox 434 3337 518 3388; x_wconf 79' lang='lat' dir='ltr'>Herm.</span> <span class='ocrx_word' id='word_1_548' title='bbox 533 3335 638 3387; x_wconf 83' lang='lat' dir='ltr'>Reuttsr</span> <span class='ocrx_word' id='word_1_549' title='bbox 656 3337 701 3386; x_wconf 89' lang='lat' dir='ltr'>suh</span> <span class='ocrx_word' id='word_1_550' title='bbox 717 3340 789 3403; x_wconf 91' lang='lat' dir='ltr'>signo</span> <span class='ocrx_word' id='word_1_551' title='bbox 802 3337 914 3388; x_wconf 82' lang='lat' dir='ltr'>Coronae</span> <span class='ocrx_word' id='word_1_552' title='bbox 934 3350 1033 3395; x_wconf 89' lang='lat' dir='ltr'>aureae,</span> <span class='ocrx_word' id='word_1_553' title='bbox 1052 3340 1136 3404; x_wconf 88' lang='lat' dir='ltr'>sicque</span> <span class='ocrx_word' id='word_1_554' title='bbox 1154 3354 1198 3391; x_wconf 89' lang='lat' dir='ltr'>sas</span> <span class='ocrx_word' id='word_1_555' title='bbox 1215 3344 1256 3389; x_wconf 79' lang='lat' dir='ltr'>me</span> <span class='ocrx_word' id='word_1_556' title='bbox 1274 3347 1341 3390; x_wconf 89' lang='lat' dir='ltr'>certo</span> <span class='ocrx_word' id='word_1_557' title='bbox 1359 3341 1515 3390; x_wconf 89' lang='lat' dir='ltr'>obtenturum</span> <span class='ocrx_word' id='word_1_558' title='bbox 1533 3337 1584 3391; x_wconf 86' lang='lat' dir='ltr'>nou</span> <span class='ocrx_word' id='word_1_559' title='bbox 1604 3354 1658 3390; x_wconf 88' lang='lat' dir='ltr'>am·</span> 
     </span>
     <span class='ocr_line' id='line_1_43' title="bbox 299 3409 842 3478; baseline -0.006 -17"><span class='ocrx_word' id='word_1_560' title='bbox 299 3413 370 3478; x_wconf 65' lang='lat' dir='ltr'>bigas</span> <span class='ocrx_word' id='word_1_561' title='bbox 390 3414 491 3474; x_wconf 85' lang='lat' dir='ltr'>jamque</span> <span class='ocrx_word' id='word_1_562' title='bbox 509 3409 597 3457; x_wconf 89' lang='lat' dir='ltr'>iterum</span> <span class='ocrx_word' id='word_1_563' title='bbox 616 3413 642 3458; x_wconf 89' lang='lat' dir='ltr'>et</span> <span class='ocrx_word' id='word_1_564' title='bbox 659 3410 758 3473; x_wconf 86' lang='lat' dir='ltr'>saepius</span> <span class='ocrx_word' id='word_1_565' title='bbox 775 3409 842 3459; x_wconf 86' lang='lat' dir='ltr'>vale.</span> 
     </span>
     <span class='ocr_line' id='line_1_44' title="bbox 369 3477 1658 3547; baseline 0.001 -16"><span class='ocrx_word' id='word_1_566' title='bbox 369 3481 501 3531; x_wconf 85' lang='lat' dir='ltr'>Debentur</span> <span class='ocrx_word' id='word_1_567' title='bbox 518 3479 705 3546; x_wconf 86' lang='lat' dir='ltr'>Wandesburgo</span> <span class='ocrx_word' id='word_1_568' title='bbox 724 3479 814 3547; x_wconf 62' lang='lat' dir='ltr'>urcei</span> <span class='ocrx_word' id='word_1_569' title='bbox 838 3477 896 3544; x_wconf 82' lang='lat' dir='ltr'>(at)</span> <span class='ocrx_word' id='word_1_570' title='bbox 916 3481 974 3545; x_wconf 74' lang='lat' dir='ltr'>apr.</span> <span class='ocrx_word' id='word_1_571' title='bbox 998 3477 1067 3530; x_wconf 79' lang='lat' dir='ltr'>toas</span> <span class='ocrx_word' id='word_1_572' title='bbox 1086 3478 1245 3543; x_wconf 82' lang='lat' dir='ltr'>(Maestiinus</span> <span class='ocrx_word' id='word_1_573' title='bbox 1265 3483 1408 3547; x_wconf 87' lang='lat' dir='ltr'>adscripsit:</span> <span class='ocrx_word' id='word_1_574' title='bbox 1426 3483 1593 3547; x_wconf 75' lang='lat' dir='ltr'>praesentiant</span> <span class='ocrx_word' id='word_1_575' title='bbox 1610 3497 1658 3532; x_wconf 86' lang='lat' dir='ltr'>rsn</span> 
     </span>
     <span class='ocr_line' id='line_1_45' title="bbox 300 3547 651 3619; baseline -0.014 -14"><span class='ocrx_word' id='word_1_576' title='bbox 300 3553 445 3619; x_wconf 73' lang='lat' dir='ltr'>Suassburg</span> <span class='ocrx_word' id='word_1_577' title='bbox 464 3548 496 3601; x_wconf 80' lang='grc'>29</span> <span class='ocrx_word' id='word_1_578' title='bbox 515 3549 578 3614; x_wconf 71' lang='lat' dir='ltr'>Maii</span> <span class='ocrx_word' id='word_1_579' title='bbox 597 3547 651 3612; x_wconf 74' lang='lat' dir='ltr'>te).</span> 
     </span>
     <span class='ocr_line' id='line_1_46' title="bbox 276 3624 1550 3692; baseline 0.002 -18"><span class='ocrx_word' id='word_1_580' title='bbox 276 3681 284 3691; x_wconf 29' lang='grc' dir='ltr'><em>Δ</em></span> <span class='ocrx_word' id='word_1_581' title='bbox 1345 3625 1425 3692; x_wconf 67' lang='lat' dir='ltr'>lireio</span> <span class='ocrx_word' id='word_1_582' title='bbox 1443 3624 1550 3684; x_wconf 64' lang='lat' dir='ltr'>Breh,</span> 
     </span>
     <span class='ocr_line' id='line_1_47' title="bbox 300 3693 1519 3763; baseline 0 -16"><span class='ocrx_word' id='word_1_583' title='bbox 300 3696 362 3747; x_wconf 80' lang='lat' dir='ltr'>Cum</span> <span class='ocrx_word' id='word_1_584' title='bbox 387 3693 556 3746; x_wconf 78' lang='lat' dir='ltr'>intellexissim</span> <span class='ocrx_word' id='word_1_585' title='bbox 587 3693 744 3744; x_wconf 85' lang='lat' dir='ltr'>tabellarium</span> <span class='ocrx_word' id='word_1_586' title='bbox 773 3699 824 3743; x_wconf 87' lang='lat' dir='ltr'>tots</span> <span class='ocrx_word' id='word_1_587' title='bbox 847 3693 894 3744; x_wconf 89' lang='lat' dir='ltr'>hos</span> <span class='ocrx_word' id='word_1_588' title='bbox 920 3693 960 3744; x_wconf 92' lang='lat' dir='ltr'>dis</span> <span class='ocrx_word' id='word_1_589' title='bbox 984 3693 1121 3762; x_wconf 87' lang='lat' dir='ltr'>Hamburgi</span> <span class='ocrx_word' id='word_1_590' title='bbox 1363 3699 1519 3763; x_wconf 88' lang='lat' dir='ltr'>mauuppria.</span> 
     </span>
     <span class='ocr_line' id='line_1_48' title="bbox 299 3764 1124 3830; baseline -0.001 -12"><span class='ocrx_word' id='word_1_591' title='bbox 299 3773 458 3824; x_wconf 85' lang='lat' dir='ltr'>moraturum,</span> <span class='ocrx_word' id='word_1_592' title='bbox 478 3767 560 3817; x_wconf 88' lang='lat' dir='ltr'>curavi</span> <span class='ocrx_word' id='word_1_593' title='bbox 573 3764 710 3830; x_wconf 84' lang='lat' dir='ltr'>exemplum</span> <span class='ocrx_word' id='word_1_594' title='bbox 722 3765 848 3815; x_wconf 88' lang='lat' dir='ltr'>literarum</span> <span class='ocrx_word' id='word_1_595' title='bbox 860 3765 962 3830; x_wconf 85' lang='lat' dir='ltr'>Keplari</span> <span class='ocrx_word' id='word_1_596' title='bbox 975 3764 1007 3814; x_wconf 90' lang='lat' dir='ltr'>ad</span> <span class='ocrx_word' id='word_1_597' title='bbox 1021 3780 1060 3816; x_wconf 89' lang='lat' dir='ltr'>ma</span> <span class='ocrx_word' id='word_1_598' title='bbox 1072 3781 1124 3817; x_wconf 92' lang='lat' dir='ltr'>une</span> 
     </span>
     <span class='ocr_line' id='line_1_49' title="bbox 300 3836 1123 3903; baseline -0.002 -14"><span class='ocrx_word' id='word_1_599' title='bbox 300 3854 356 3890; x_wconf 91' lang='lat' dir='ltr'>cum</span> <span class='ocrx_word' id='word_1_600' title='bbox 367 3851 422 3888; x_wconf 89' lang='lat' dir='ltr'>mco</span> <span class='ocrx_word' id='word_1_601' title='bbox 434 3849 550 3901; x_wconf 89' lang='lat' dir='ltr'>responso</span> <span class='ocrx_word' id='word_1_602' title='bbox 563 3837 675 3894; x_wconf 85' lang='lat' dir='ltr'>describi,</span> <span class='ocrx_word' id='word_1_603' title='bbox 694 3837 780 3902; x_wconf 88' lang='lat' dir='ltr'>hisque</span> <span class='ocrx_word' id='word_1_604' title='bbox 792 3837 903 3903; x_wconf 81' lang='lat' dir='ltr'>adjungi,</span> <span class='ocrx_word' id='word_1_605' title='bbox 923 3850 970 3902; x_wconf 87' lang='lat' dir='ltr'>quo</span> <span class='ocrx_word' id='word_1_606' title='bbox 989 3836 1019 3887; x_wconf 90' lang='lat' dir='ltr'>de</span> <span class='ocrx_word' id='word_1_607' title='bbox 1038 3852 1123 3888; x_wconf 90' lang='lat' dir='ltr'>aarum</span> 
     </span>
     <span class='ocr_line' id='line_1_50' title="bbox 300 3907 1123 3974; baseline -0.002 -12"><span class='ocrx_word' id='word_1_608' title='bbox 300 3912 376 3962; x_wconf 88' lang='lat' dir='ltr'>etiam</span> <span class='ocrx_word' id='word_1_609' title='bbox 400 3909 522 3960; x_wconf 60' lang='lat' dir='ltr'>sonantis</span> <span class='ocrx_word' id='word_1_610' title='bbox 547 3909 636 3958; x_wconf 87' lang='lat' dir='ltr'>certior</span> <span class='ocrx_word' id='word_1_611' title='bbox 657 3907 743 3959; x_wconf 83' lang='lat' dir='ltr'>fieres:</span> <span class='ocrx_word' id='word_1_612' title='bbox 771 3909 813 3959; x_wconf 91' lang='lat' dir='ltr'>ubi</span> <span class='ocrx_word' id='word_1_613' title='bbox 837 3909 909 3974; x_wconf 84' lang='lat' dir='ltr'>plura</span> <span class='ocrx_word' id='word_1_614' title='bbox 929 3907 978 3958; x_wconf 91' lang='lat' dir='ltr'>hnc</span> <span class='ocrx_word' id='word_1_615' title='bbox 1003 3908 1123 3962; x_wconf 77' lang='lat' dir='ltr'>facientis</span> 
     </span>
     <span class='ocr_line' id='line_1_51' title="bbox 299 3981 417 4034; baseline -0.034 -1"><span class='ocrx_word' id='word_1_616' title='bbox 299 3981 417 4034; x_wconf 88' lang='lat' dir='ltr'>iuvenies.</span> 
     </span>
    </p>
   </div>
   <div class='ocr_carea' id='block_1_24' title="bbox 239 4123 1657 4906">
    <p class='ocr_par' dir='ltr' id='par_1_24' title="bbox 239 4123 1657 4906">
     <span class='ocr_line' id='line_1_52' title="bbox 312 4123 1656 4188; baseline 0.005 -17"><span class='ocrx_word' id='word_1_617' title='bbox 312 4155 319 4171; x_wconf 82' lang='grc'><em>,</em></span> <span class='ocrx_word' id='word_1_618' title='bbox 370 4123 507 4174; x_wconf 84' lang='lat' dir='ltr'>Posterisre</span> <span class='ocrx_word' id='word_1_619' title='bbox 531 4129 640 4188; x_wconf 82' lang='lat' dir='ltr'>ternpore</span> <span class='ocrx_word' id='word_1_620' title='bbox 659 4123 743 4187; x_wconf 84' lang='lat' dir='ltr'>Tycha</span> <span class='ocrx_word' id='word_1_621' title='bbox 765 4124 791 4174; x_wconf 93' lang='lat' dir='ltr'>lu</span> <span class='ocrx_word' id='word_1_622' title='bbox 813 4123 890 4174; x_wconf 87' lang='lat' dir='ltr'>literis</span> <span class='ocrx_word' id='word_1_623' title='bbox 914 4123 946 4174; x_wconf 89' lang='lat' dir='ltr'>ad</span> <span class='ocrx_word' id='word_1_624' title='bbox 965 4123 1100 4188; x_wconf 84' lang='lat' dir='ltr'>Ksplcrum</span> <span class='ocrx_word' id='word_1_625' title='bbox 1123 4125 1187 4174; x_wconf 88' lang='lat' dir='ltr'>datis</span> <span class='ocrx_word' id='word_1_626' title='bbox 1212 4125 1277 4176; x_wconf 91' lang='lat' dir='ltr'>huuc</span> <span class='ocrx_word' id='word_1_627' title='bbox 1300 4126 1326 4174; x_wconf 91' lang='lat' dir='ltr'>iu</span> <span class='ocrx_word' id='word_1_628' title='bbox 1346 4124 1450 4183; x_wconf 84' lang='lat' dir='ltr'>mudum</span> <span class='ocrx_word' id='word_1_629' title='bbox 1473 4125 1505 4176; x_wconf 85' lang='lat' dir='ltr'>dc</span> <span class='ocrx_word' id='word_1_630' title='bbox 1523 4127 1656 4180; x_wconf 83' lang='lat' dir='ltr'>Pmdromo</span> 
     </span>
     <span class='ocr_line' id='line_1_53' title="bbox 298 4193 1655 4263; baseline 0.002 -16"><span class='ocrx_word' id='word_1_631' title='bbox 298 4196 417 4260; x_wconf 87' lang='lat' dir='ltr'>loquitur:</span> <span class='ocrx_word' id='word_1_632' title='bbox 445 4193 484 4244; x_wconf 90' lang='lat' dir='ltr'>De</span> <span class='ocrx_word' id='word_1_633' title='bbox 501 4194 562 4244; x_wconf 88' lang='lat' dir='ltr'>libro</span> <span class='ocrx_word' id='word_1_634' title='bbox 580 4201 630 4254; x_wconf 87' lang='lat' dir='ltr'>tue&#39;,</span> <span class='ocrx_word' id='word_1_635' title='bbox 649 4197 686 4245; x_wconf 91' lang='lat' dir='ltr'>uti</span> <span class='ocrx_word' id='word_1_636' title='bbox 703 4197 725 4249; x_wconf 89' lang='lat' dir='ltr'>is</span> <span class='ocrx_word' id='word_1_637' title='bbox 743 4209 798 4247; x_wconf 84' lang='lat' dir='ltr'>suus</span> <span class='ocrx_word' id='word_1_638' title='bbox 816 4211 860 4245; x_wconf 90' lang='lat' dir='ltr'>suo</span> <span class='ocrx_word' id='word_1_639' title='bbox 879 4203 964 4246; x_wconf 85' lang='lat' dir='ltr'>autore</span> <span class='ocrx_word' id='word_1_640' title='bbox 983 4201 1099 4252; x_wconf 89' lang='lat' dir='ltr'>meretur,</span> <span class='ocrx_word' id='word_1_641' title='bbox 1117 4211 1213 4259; x_wconf 86' lang='lat' dir='ltr'>semper</span> <span class='ocrx_word' id='word_1_642' title='bbox 1231 4211 1261 4246; x_wconf 83' lang='lat' dir='ltr'>ex</span> <span class='ocrx_word' id='word_1_643' title='bbox 1282 4211 1329 4262; x_wconf 90' lang='lat' dir='ltr'>quo</span> <span class='ocrx_word' id='word_1_644' title='bbox 1350 4197 1410 4247; x_wconf 89' lang='lat' dir='ltr'>mihi</span> <span class='ocrx_word' id='word_1_645' title='bbox 1421 4199 1590 4263; x_wconf 85' lang='lat' dir='ltr'>introspectus</span> <span class='ocrx_word' id='word_1_646' title='bbox 1609 4207 1655 4259; x_wconf 82' lang='lat' dir='ltr'>est,</span> 
     </span>
     <span class='ocr_line' id='line_1_54' title="bbox 298 4266 1656 4335; baseline 0.004 -18"><span class='ocrx_word' id='word_1_647' title='bbox 298 4267 430 4318; x_wconf 83' lang='lat' dir='ltr'>honorifice</span> <span class='ocrx_word' id='word_1_648' title='bbox 443 4267 516 4324; x_wconf 89' lang='lat' dir='ltr'>sensi,</span> <span class='ocrx_word' id='word_1_649' title='bbox 535 4281 583 4316; x_wconf 90' lang='lat' dir='ltr'>uec</span> <span class='ocrx_word' id='word_1_650' title='bbox 596 4273 620 4317; x_wconf 91' lang='lat' dir='ltr'>te</span> <span class='ocrx_word' id='word_1_651' title='bbox 634 4267 751 4317; x_wconf 82' lang='lat' dir='ltr'>antelios</span> <span class='ocrx_word' id='word_1_652' title='bbox 764 4281 907 4332; x_wconf 88' lang='lat' dir='ltr'>quocunque</span> <span class='ocrx_word' id='word_1_653' title='bbox 920 4268 992 4317; x_wconf 87' lang='lat' dir='ltr'>modo</span> <span class='ocrx_word' id='word_1_654' title='bbox 1006 4267 1036 4317; x_wconf 90' lang='lat' dir='ltr'>de</span> <span class='ocrx_word' id='word_1_655' title='bbox 1050 4266 1118 4318; x_wconf 85' lang='lat' dir='ltr'>hisce</span> <span class='ocrx_word' id='word_1_656' title='bbox 1137 4268 1278 4318; x_wconf 89' lang='lat' dir='ltr'>sublimibus</span> <span class='ocrx_word' id='word_1_657' title='bbox 1298 4275 1323 4319; x_wconf 93' lang='lat' dir='ltr'>et</span> <span class='ocrx_word' id='word_1_658' title='bbox 1342 4283 1359 4319; x_wconf 88' lang='lat' dir='ltr'>a</span> <span class='ocrx_word' id='word_1_659' title='bbox 1375 4269 1442 4335; x_wconf 79' lang='lat' dir='ltr'>vulgi</span> <span class='ocrx_word' id='word_1_660' title='bbox 1461 4275 1538 4334; x_wconf 87' lang='lat' dir='ltr'>captu</span> <span class='ocrx_word' id='word_1_661' title='bbox 1556 4275 1656 4322; x_wconf 73' lang='lat' dir='ltr'>mineus</span> 
     </span>
     <span class='ocr_line' id='line_1_55' title="bbox 300 4337 1657 4404; baseline 0.002 -15"><span class='ocrx_word' id='word_1_662' title='bbox 300 4339 432 4403; x_wconf 89' lang='lat' dir='ltr'>disciplinis</span> <span class='ocrx_word' id='word_1_663' title='bbox 450 4337 577 4402; x_wconf 86' lang='lat' dir='ltr'>praeclara</span> <span class='ocrx_word' id='word_1_664' title='bbox 595 4345 718 4390; x_wconf 80' lang='lat' dir='ltr'>merentes</span> <span class='ocrx_word' id='word_1_665' title='bbox 737 4346 763 4389; x_wconf 90' lang='lat' dir='ltr'>et</span> <span class='ocrx_word' id='word_1_666' title='bbox 780 4339 890 4388; x_wconf 89' lang='lat' dir='ltr'>veritatis</span> <span class='ocrx_word' id='word_1_667' title='bbox 915 4338 1030 4389; x_wconf 88' lang='lat' dir='ltr'>nucleum</span> <span class='ocrx_word' id='word_1_668' title='bbox 1053 4341 1116 4389; x_wconf 87' lang='lat' dir='ltr'>serie</span> <span class='ocrx_word' id='word_1_669' title='bbox 1140 4337 1287 4390; x_wconf 71' lang='lat' dir='ltr'>affectantes</span> <span class='ocrx_word' id='word_1_670' title='bbox 1313 4340 1388 4390; x_wconf 85' lang='lat' dir='ltr'>laude</span> <span class='ocrx_word' id='word_1_671' title='bbox 1410 4354 1457 4390; x_wconf 83' lang='lat' dir='ltr'>sua</span> <span class='ocrx_word' id='word_1_672' title='bbox 1478 4344 1586 4404; x_wconf 81' lang='lat' dir='ltr'>privari,</span> <span class='ocrx_word' id='word_1_673' title='bbox 1614 4349 1657 4394; x_wconf 89' lang='lat' dir='ltr'>sut</span> 
     </span>
     <span class='ocr_line' id='line_1_56' title="bbox 239 4409 1657 4480; baseline 0.003 -19"><span class='ocrx_word' id='word_1_674' title='bbox 239 4467 243 4474; x_wconf 35' lang='lat'><strong>¹</strong></span> <span class='ocrx_word' id='word_1_675' title='bbox 298 4412 397 4477; x_wconf 85' lang='lat' dir='ltr'>privabo</span> <span class='ocrx_word' id='word_1_676' title='bbox 416 4423 537 4474; x_wconf 88' lang='lat' dir='ltr'>unquam,</span> <span class='ocrx_word' id='word_1_677' title='bbox 556 4411 614 4475; x_wconf 89' lang='lat' dir='ltr'>quin</span> <span class='ocrx_word' id='word_1_678' title='bbox 633 4411 713 4475; x_wconf 83' lang='lat' dir='ltr'>potius</span> <span class='ocrx_word' id='word_1_679' title='bbox 732 4410 807 4460; x_wconf 80' lang='lat' dir='ltr'>extuli</span> <span class='ocrx_word' id='word_1_680' title='bbox 826 4417 852 4459; x_wconf 88' lang='lat' dir='ltr'>st</span> <span class='ocrx_word' id='word_1_681' title='bbox 869 4411 895 4459; x_wconf 91' lang='lat' dir='ltr'>iu</span> <span class='ocrx_word' id='word_1_682' title='bbox 912 4417 1036 4474; x_wconf 87' lang='lat' dir='ltr'>posterum</span> <span class='ocrx_word' id='word_1_683' title='bbox 1055 4409 1179 4461; x_wconf 82' lang='lat' dir='ltr'>extollam.</span> <span class='ocrx_word' id='word_1_684' title='bbox 1216 4411 1271 4460; x_wconf 86' lang='lat' dir='ltr'>Hoc</span> <span class='ocrx_word' id='word_1_685' title='bbox 1289 4413 1449 4478; x_wconf 86' lang='lat' dir='ltr'>praecipuum</span> <span class='ocrx_word' id='word_1_686' title='bbox 1467 4421 1520 4471; x_wconf 88' lang='lat' dir='ltr'>est,</span> <span class='ocrx_word' id='word_1_687' title='bbox 1546 4414 1614 4480; x_wconf 91' lang='lat' dir='ltr'>quod</span> <span class='ocrx_word' id='word_1_688' title='bbox 1631 4417 1657 4464; x_wconf 93' lang='lat' dir='ltr'>iu</span> 
     </span>
     <span class='ocr_line' id='line_1_57' title="bbox 298 4481 1656 4550; baseline 0 -16"><span class='ocrx_word' id='word_1_689' title='bbox 298 4491 341 4534; x_wconf 89' lang='lat' dir='ltr'>tuo</span> <span class='ocrx_word' id='word_1_690' title='bbox 358 4483 487 4550; x_wconf 90' lang='lat' dir='ltr'>ingenioso</span> <span class='ocrx_word' id='word_1_691' title='bbox 504 4481 547 4530; x_wconf 89' lang='lat' dir='ltr'>illo</span> <span class='ocrx_word' id='word_1_692' title='bbox 565 4483 655 4545; x_wconf 88' lang='lat' dir='ltr'>scripto</span> <span class='ocrx_word' id='word_1_693' title='bbox 675 4497 730 4532; x_wconf 86' lang='lat' dir='ltr'>curn</span> <span class='ocrx_word' id='word_1_694' title='bbox 748 4481 869 4546; x_wconf 88' lang='lat' dir='ltr'>plerisque</span> <span class='ocrx_word' id='word_1_695' title='bbox 886 4487 972 4532; x_wconf 90' lang='lat' dir='ltr'>tamen</span> <span class='ocrx_word' id='word_1_696' title='bbox 990 4483 1045 4532; x_wconf 89' lang='lat' dir='ltr'>aliis</span> <span class='ocrx_word' id='word_1_697' title='bbox 1064 4495 1144 4532; x_wconf 89' lang='lat' dir='ltr'>errore</span> <span class='ocrx_word' id='word_1_698' title='bbox 1163 4485 1284 4532; x_wconf 88' lang='lat' dir='ltr'>communi</span> <span class='ocrx_word' id='word_1_699' title='bbox 1303 4484 1424 4538; x_wconf 85' lang='lat' dir='ltr'>admittis,</span> <span class='ocrx_word' id='word_1_700' title='bbox 1448 4498 1498 4533; x_wconf 88' lang='lat' dir='ltr'>nou</span> <span class='ocrx_word' id='word_1_701' title='bbox 1517 4487 1609 4549; x_wconf 89' lang='lat' dir='ltr'>probo,</span> <span class='ocrx_word' id='word_1_702' title='bbox 1631 4491 1656 4536; x_wconf 87' lang='lat' dir='ltr'>te</span> 
     </span>
     <span class='ocr_line' id='line_1_58' title="bbox 298 4551 1655 4624; baseline 0.001 -18"><span class='ocrx_word' id='word_1_703' title='bbox 298 4553 437 4606; x_wconf 79' lang='lat' dir='ltr'>unalitatem</span> <span class='ocrx_word' id='word_1_704' title='bbox 456 4551 581 4618; x_wconf 88' lang='lat' dir='ltr'>quandam</span> <span class='ocrx_word' id='word_1_705' title='bbox 599 4553 695 4603; x_wconf 89' lang='lat' dir='ltr'>orbibus</span> <span class='ocrx_word' id='word_1_706' title='bbox 713 4554 860 4604; x_wconf 88' lang='lat' dir='ltr'>coelestibus</span> <span class='ocrx_word' id='word_1_707' title='bbox 878 4555 959 4603; x_wconf 89' lang='lat' dir='ltr'>inesse</span> <span class='ocrx_word' id='word_1_708' title='bbox 977 4561 1101 4610; x_wconf 87' lang='lat' dir='ltr'>statuere,</span> <span class='ocrx_word' id='word_1_709' title='bbox 1125 4568 1172 4617; x_wconf 90' lang='lat' dir='ltr'>quo</span> <span class='ocrx_word' id='word_1_710' title='bbox 1195 4555 1231 4603; x_wconf 89' lang='lat' dir='ltr'>sic</span> <span class='ocrx_word' id='word_1_711' title='bbox 1253 4557 1371 4618; x_wconf 87' lang='lat' dir='ltr'>promtius</span> <span class='ocrx_word' id='word_1_712' title='bbox 1390 4553 1547 4620; x_wconf 84' lang='lat' dir='ltr'>Cupernioeis</span> <span class='ocrx_word' id='word_1_713' title='bbox 1566 4559 1655 4624; x_wconf 85' lang='lat' dir='ltr'>imagi·</span> 
     </span>
     <span class='ocr_line' id='line_1_59' title="bbox 298 4625 1656 4693; baseline 0.001 -16"><span class='ocrx_word' id='word_1_714' title='bbox 298 4627 439 4677; x_wconf 87' lang='lat' dir='ltr'>nationibus</span> <span class='ocrx_word' id='word_1_715' title='bbox 456 4627 521 4674; x_wconf 82' lang='lat' dir='ltr'>riam</span> <span class='ocrx_word' id='word_1_716' title='bbox 545 4631 625 4673; x_wconf 88' lang='lat' dir='ltr'>struas</span> <span class='ocrx_word' id='word_1_717' title='bbox 649 4625 719 4689; x_wconf 89' lang='lat' dir='ltr'>eique</span> <span class='ocrx_word' id='word_1_718' title='bbox 740 4625 837 4675; x_wconf 79' lang='lat' dir='ltr'>facilius</span> <span class='ocrx_word' id='word_1_719' title='bbox 861 4626 1007 4674; x_wconf 84' lang='lat' dir='ltr'>subscribas.</span> <span class='ocrx_word' id='word_1_720' title='bbox 1044 4625 1168 4675; x_wconf 83' lang='lat' dir='ltr'>Motiouss</span> <span class='ocrx_word' id='word_1_721' title='bbox 1195 4625 1314 4677; x_wconf 87' lang='lat' dir='ltr'>coelestes</span> <span class='ocrx_word' id='word_1_722' title='bbox 1337 4627 1505 4691; x_wconf 82' lang='lat' dir='ltr'>symmetriam</span> <span class='ocrx_word' id='word_1_723' title='bbox 1529 4630 1656 4693; x_wconf 81' lang='lat' dir='ltr'>quandam</span> 
     </span>
     <span class='ocr_line' id='line_1_60' title="bbox 299 4695 1657 4764; baseline 0.002 -16"><span class='ocrx_word' id='word_1_724' title='bbox 299 4700 441 4756; x_wconf 76' lang='lat' dir='ltr'>obsanare,</span> <span class='ocrx_word' id='word_1_725' title='bbox 467 4696 622 4746; x_wconf 78' lang='lat' dir='ltr'>strutiones</span> <span class='ocrx_word' id='word_1_726' title='bbox 645 4696 758 4754; x_wconf 87' lang='lat' dir='ltr'>subesse,</span> <span class='ocrx_word' id='word_1_727' title='bbox 784 4709 828 4746; x_wconf 86' lang='lat' dir='ltr'>cus</span> <span class='ocrx_word' id='word_1_728' title='bbox 846 4697 913 4746; x_wconf 85' lang='lat' dir='ltr'>circs</span> <span class='ocrx_word' id='word_1_729' title='bbox 929 4696 993 4747; x_wconf 87' lang='lat' dir='ltr'>haee</span> <span class='ocrx_word' id='word_1_730' title='bbox 1010 4695 1049 4748; x_wconf 87' lang='lat' dir='ltr'>vel</span> <span class='ocrx_word' id='word_1_731' title='bbox 1069 4697 1121 4746; x_wconf 87' lang='lat' dir='ltr'>alia</span> <span class='ocrx_word' id='word_1_732' title='bbox 1142 4701 1229 4747; x_wconf 90' lang='lat' dir='ltr'>centra</span> <span class='ocrx_word' id='word_1_733' title='bbox 1253 4713 1270 4748; x_wconf 88' lang='lat' dir='ltr'>s</span> <span class='ocrx_word' id='word_1_734' title='bbox 1287 4697 1368 4750; x_wconf 84' lang='lat' dir='ltr'>Terris</span> <span class='ocrx_word' id='word_1_735' title='bbox 1390 4698 1430 4749; x_wconf 86' lang='lat' dir='ltr'>vel</span> <span class='ocrx_word' id='word_1_736' title='bbox 1448 4697 1506 4750; x_wconf 87' lang='lat' dir='ltr'>Sole</span> <span class='ocrx_word' id='word_1_737' title='bbox 1524 4699 1657 4764; x_wconf 84' lang='lat' dir='ltr'>dispariter</span> 
     </span>
     <span class='ocr_line' id='line_1_61' title="bbox 299 4767 1656 4835; baseline 0.001 -16"><span class='ocrx_word' id='word_1_738' title='bbox 299 4777 394 4820; x_wconf 87' lang='lat' dir='ltr'>remota</span> <span class='ocrx_word' id='word_1_739' title='bbox 412 4768 594 4826; x_wconf 85' lang='lat' dir='ltr'>convolvuntur,</span> <span class='ocrx_word' id='word_1_740' title='bbox 614 4781 663 4816; x_wconf 90' lang='lat' dir='ltr'>uon</span> <span class='ocrx_word' id='word_1_741' title='bbox 680 4768 800 4834; x_wconf 87' lang='lat' dir='ltr'>negarim,</span> <span class='ocrx_word' id='word_1_742' title='bbox 819 4767 864 4817; x_wconf 87' lang='lat' dir='ltr'>aad</span> <span class='ocrx_word' id='word_1_743' title='bbox 880 4767 1010 4818; x_wconf 86' lang='lat' dir='ltr'>harmonia</span> <span class='ocrx_word' id='word_1_744' title='bbox 1029 4773 1055 4818; x_wconf 89' lang='lat' dir='ltr'>et</span> <span class='ocrx_word' id='word_1_745' title='bbox 1073 4767 1257 4832; x_wconf 88' lang='lat' dir='ltr'>dispositionum</span> <span class='ocrx_word' id='word_1_746' title='bbox 1277 4771 1393 4835; x_wconf 84' lang='lat' dir='ltr'>analogia</span> <span class='ocrx_word' id='word_1_747' title='bbox 1410 4783 1440 4820; x_wconf 88' lang='lat' dir='ltr'>ex</span> <span class='ocrx_word' id='word_1_748' title='bbox 1455 4772 1595 4834; x_wconf 88' lang='lat' dir='ltr'>posteriori,</span> <span class='ocrx_word' id='word_1_749' title='bbox 1614 4773 1656 4821; x_wconf 89' lang='lat' dir='ltr'>ubi</span> 
     </span>
     <span class='ocr_line' id='line_1_62' title="bbox 299 4835 1657 4906; baseline 0.002 -14"><span class='ocrx_word' id='word_1_750' title='bbox 299 4847 379 4892; x_wconf 83' lang='lat' dir='ltr'>motus</span> <span class='ocrx_word' id='word_1_751' title='bbox 398 4845 423 4892; x_wconf 89' lang='lat' dir='ltr'>et</span> <span class='ocrx_word' id='word_1_752' title='bbox 447 4847 556 4895; x_wconf 84' lang='lat' dir='ltr'>motuum</span> <span class='ocrx_word' id='word_1_753' title='bbox 581 4839 723 4890; x_wconf 76' lang='lat' dir='ltr'>oesmiouas</span> <span class='ocrx_word' id='word_1_754' title='bbox 747 4835 780 4891; x_wconf 84' lang='lat' dir='ltr'>ad</span> <span class='ocrx_word' id='word_1_755' title='bbox 802 4841 919 4890; x_wconf 76' lang='grc' dir='ltr'><strong>ιιιιιιιιίιιι</strong></span> <span class='ocrx_word' id='word_1_756' title='bbox 944 4841 1114 4901; x_wconf 63' lang='lat' dir='ltr'>summunt,</span> <span class='ocrx_word' id='word_1_757' title='bbox 1140 4853 1191 4890; x_wconf 87' lang='lat' dir='ltr'>nou</span> <span class='ocrx_word' id='word_1_758' title='bbox 1215 4847 1299 4892; x_wconf 87' lang='lat' dir='ltr'>antem</span> <span class='ocrx_word' id='word_1_759' title='bbox 1322 4855 1352 4892; x_wconf 84' lang='lat' dir='ltr'>ex</span> <span class='ocrx_word' id='word_1_760' title='bbox 1369 4841 1456 4906; x_wconf 83' lang='lat' dir='ltr'>priori,</span> <span class='ocrx_word' id='word_1_761' title='bbox 1481 4844 1519 4892; x_wconf 89' lang='lat' dir='ltr'>uti</span> <span class='ocrx_word' id='word_1_762' title='bbox 1538 4849 1566 4892; x_wconf 91' lang='lat' dir='ltr'>ct</span> <span class='ocrx_word' id='word_1_763' title='bbox 1584 4851 1613 4894; x_wconf 91' lang='lat' dir='ltr'>tu</span> <span class='ocrx_word' id='word_1_764' title='bbox 1631 4851 1657 4895; x_wconf 87' lang='lat' dir='ltr'>at</span> 
     </span>
    </p>
   </div>
   <div class='ocr_carea' id='block_1_25' title="bbox 0 0 1776 5528">
    <p class='ocr_par' dir='ltr' id='par_1_25' title="bbox 0 0 1776 5528">
     <span class='ocr_line' id='line_1_63' title="bbox 0 0 1776 5528; baseline 0 0"><span class='ocrx_word' id='word_1_765' title='bbox 0 0 1776 5528; x_wconf 95' lang='lat' dir='ltr'> </span> 
     </span>
    </p>
   </div>
  </div>
 </body>
</html>
