3674 5528
324 291 389 357 304
519 275 522 282 ’
746 292 846 344 Literae
865 291 968 359 Kepleri
986 293 1137 358 aliorumque
1156 300 1257 348 mamae

320 453 397 502 literis
416 464 519 502 causam
548 449 641 500 dilatae
660 453 868 515 compensationis
891 467 935 516 pro
954 451 1110 502 dedicatione
1128 451 1254 502 l’rodromi
1278 453 1352 504 ailert
1370 451 1576 516 Zehentmajerus
1597 451 1683 510 ,cala-

321 525 436 573 mitosum
454 528 547 571 statum
564 523 670 585 patriae,
690 528 719 572 nt
736 521 794 572 hinc
812 515 1092 586 prooercs'cccasiones
1108 529 1220 587 captent,
1241 523 1362 587 ejusmodi
1379 525 1513 590 petitiones
1525 523 1680 590 denegare,⁰

321 593 386 659 qnod
403 606 443 650 ea,
462 607 526 658 quse
544 606 618 655 supra
636 592 740 642 diximus
759 593 790 644 da
808 593 997 652 Herberstcnio,
1017 593 1163 644 confirmare
1181 594 1285 645 ridetur.

391 663 479 714 Porro:
501 662 618 722 ,iudicia
637 663 801 728 genethliaca
819 665 907 714 sellem
924 671 953 713 ut
970 667 1050 728 prima
1067 679 1164 729 quaque
1183 667 1315 716 occasione
1334 680 1493 731 componeres
1512 671 1538 716 ct
1556 655 1618 714 mihi
1634 663 1685 714 huc

320 735 445 791 mitterem
463 733 533 784 labor
550 734 688 784 liberaliter
706 737 750 783 tibi
770 736 995 799 compensabitur.“
1034 735 1147 785 Deinde:
1176 738 1311 790 „Generosi
1329 737 1380 786 mei
1399 737 1498 786 nomina
1515 743 1542 786 te
1561 750 1637 800 rogo,
1656 739 1685 784 ut

321 807 478 855 nativitatem
514 805 573 854 mihi
608 811 675 856 certo
701 808 825 865 mitterem
851 812 953 856 tenetur
980 808 1045 857 euius
1069 821 1159 870 pareus
1183 808 1318 865 desiderio,
1345 807 1447 872 legendi
1475 808 1604 857 iomuuam
1632 805 1683 855 filii.

320 875 472 926 Nativitates
490 875 546 926 illas
564 881 614 926 tres
632 891 710 940 nuper
728 877 773 925 tibi
791 892 808 927 a
825 892 865 926 me
879 877 984 927 traditas
1004 891 1132 941 compone.
1169 878 1295 928 iudicium
1306 878 1419 943 quodque
1431 879 1579 943 siugulatim
1591 877 1684 933 scribo,

320 961 367 996 uec
386 947 563 997 dehonoratio
590 946 695 996 honesto
721 947 831 996 dubita.“
869 948 997 1013 Denique:
1024 948 1161 998 Pecuniam
1186 951 1231 1000 tibi
1250 951 1327 1000 mittit
1345 949 1485 1000 Generosos
1514 945 1549 998 40
1572 948 1685 998 thalem

319 1019 442 1084 integros,
469 1033 513 1081 pro
531 1018 619 1083 quibua
642 1018 714 1067 latori
732 1019 848 1068 restitues
867 1015 901 1066 50
920 1019 1032 1069 florenos.
1068 1019 1183 1070 Postulat
1200 1036 1244 1084 pro
1263 1021 1376 1079 serrih'o,
1404 1020 1470 1086 quod
1487 1020 1537 1070 hac
1565 1021 1594 1068 iss
1611 1024 1685 1083 parte

320 1091 364 1139 tibi
383 1089 489 1146 exhibet,
507 1094 536 1138 nt
548 1089 706 1139 nativitatem
724 1089 818 1139 scheda
836 1092 1009 1155 consignatam
1027 1091 1176 1154 componas“
1188 1087 1241 1144 ,dc

390 1159 480 1209 Insunt
496 1159 534 1208 his
553 1159 737 1222 Zehentmajeri
761 1160 838 1210 literis
856 1160 936 1228 multa
960 1167 1049 1211 notatu
1076 1161 1189 1227 digniora
1215 1161 1246 1212 do
1272 1163 1345 1213 rebus
1369 1161 1472 1227 publicis
1491 1159 1615 1224 Styriacis
1641 1165 1681 1209 tu·

321 1231 451 1280 multuosis
471 1237 497 1280 et
516 1230 691 1281 devexatione
710 1233 799 1280 civium
808 1231 911 1282 Lutlseri
930 1231 988 1281 fidei
1006 1232 1174 1290 addictorum,
1194 1232 1338 1296 deKeplesi
1355 1233 1483 1282 sententia
1501 1231 1532 1281 ds
1550 1231 1626 1282 rebus
1645 1229 1682 1278 di·

321 1303 393 1358 rinis,
413 1301 443 1350 de
461 1303 537 1365 ipsius
555 1302 615 1358 sita,
634 1301 721 1350 studiis
740 1301 855 1366 aliisque,
875 1316 939 1367 quae
958 1304 1042 1352 omnia
1059 1303 1099 1352 hic
1118 1305 1264 1353 omittuntur
1284 1303 1332 1353 alic
1350 1303 1406 1353 loco
1425 1302 1586 1353 resonando.
1625 1299 1683 1350 Hoc

320 1379 418 1422 tanturn
438 1372 559 1428 addimus,
578 1371 641 1436 quod
660 1374 757 1436 propius
776 1373 887 1431 adrem,
906 1374 938 1424 de
956 1387 1006 1438 qua
1023 1373 1061 1422 his
1080 1375 1176 1439 agimus
1196 1374 1273 1432 foliis,
1292 1376 1421 1438 pertinens
1438 1374 1558 1436 judicium
1577 1371 1683 1435 Kepleri

321 1444 352 1494 de
371 1443 505 1508 astrologia
523 1442 634 1492 exhibet:
660 1442 740 1500 ,Tu“,
759 1444 844 1493 scribit
863 1445 1067 1508 Zehentmajerns
1087 1445 1110 1494 d.
1134 1441 1172 1492 13.
1194 1443 1250 1494 Oct
1271 1441 1329 1502 00,
1358 1446 1414 1508 ,qui
1433 1445 1573 1508 sapientiae
1593 1441 1682 1492 stssdiis

320 1515 441 1564 incumbis
461 1521 487 1564 et
505 1513 599 1562 futuros
617 1519 719 1563 eventus
739 1528 770 1563 ex
788 1517 861 1564 astris
878 1517 1010 1579 prospicis,
1036 1529 1141 1580 quaeso,
1168 1517 1189 1564 si
1213 1514 1273 1579 quid
1289 1516 1315 1564 in
1334 1515 1441 1565 siderum
1464 1515 1547 1578 positu
1565 1511 1681 1564 animad-

320 1586 427 1642 serh'sti,
446 1584 512 1650 quod
530 1584 654 1649 singulare
673 1585 731 1649 quid
748 1587 887 1650 regionibus
905 1585 974 1634 hisce
993 1586 1139 1644 denunciet,
1164 1587 1226 1636 mihi
1246 1592 1271 1635 ct
1289 1587 1417 1638 Genercso
1437 1601 1493 1635 mec
1512 1585 1681 1634 communica.

319 1653 471 1720 Magnopere
490 1655 615 1705 desiderat
632 1655 674 1704 ille
692 1657 812 1718 ejusmodi
830 1657 938 1720 speciale
957 1657 1143 1722 prognosticon,
1171 1657 1282 1720 inprimis
1300 1671 1317 1706 a
1334 1662 1375 1712 te,
1399 1658 1449 1705 siro
1468 1657 1542 1706 docto
1562 1661 1590 1704 et
1608 1654 1682 1716 hujus

321 1727 380 1775 artie
398 1728 485 1789 perito.
522 1725 575 1789 Ego
594 1733 783 1776 reuomentem
802 1733 872 1776 tuam
891 1727 921 1776 de
940 1726 1059 1789 ejusmodi
1078 1727 1245 1792 singularibus
1261 1731 1316 1790 jam
1330 1734 1389 1778 aute
1407 1733 1564 1791 perspectam
1582 1725 1680 1775 habeo:

319 1795 379 1845 nihil
397 1795 514 1845 videlicet
532 1797 592 1847 certi
609 1797 635 1844 in
652 1797 734 1860 specie
758 1798 867 1860 praedici
884 1812 971 1862 posse,
996 1804 1040 1848 aut
1059 1811 1162 1848 ereusus
1182 1805 1262 1848 certos
1286 1798 1400 1856 desidium
1425 1797 1470 1848 sed
1490 1795 1638 1864 generalem
1657 1801 1683 1844 et

318 1867 391 1916 raldo
409 1866 528 1916 lubricam
547 1881 601 1916 csse
621 1867 799 1933 astrologorum
818 1867 959 1917 notitiam.“

389 1936 486 1987 Similia
504 1936 625 2001 Keplerus
645 1937 731 1986 eodem
750 1945 859 2002 tempore
877 1938 1031 1994 Homolio,
1047 1939 1160 1999 cuidam,
1180 1939 1286 1995 modico.
1305 1939 1474 2002 perscripsisse
1493 1937 1606 1998 ridetur,
1629 1939 1680 2001 qui,

318 2023 374 2060 cnm
392 2009 506 2058 themata
523 2008 680 2057 nah'sitatum
694 2008 824 2058 liberorum
842 2024 940 2062 sucrum
960 2010 990 2058 ab
1009 2011 1061 2073 ipso
1080 2012 1203 2074 petiisset,
1225 2011 1251 2060 iu
1264 2011 1423 2077 responsione
1442 2009 1500 2058 vitio
1513 2015 1598 2058 vertat
1610 2009 1679 2072 Kep-

236 2127 246 2136 ,
319 2079 383 2138 lero,
406 2078 486 2143 ,qnod
507 2077 568 2132 adeo
587 2080 701 2145 insurgat
719 2079 745 2128 iu
763 2081 901 2130 doctrinam
913 2081 1023 2129 Arabum
1043 2087 1068 2130 ct
1085 2081 1170 2144 procul
1190 2081 1264 2131 dubio
1282 2087 1410 2144 receptam
1430 2093 1447 2129 a
1463 2079 1549 2142 primis
1567 2081 1680 2143 patribus

321 2149 459 2200 doctrinam
477 2155 503 2198 et
521 2148 686 2200 fundamenta
704 2149 864 2217 astrologica,
883 2153 1028 2215 praesertim
1046 2153 1071 2200 in
1092 2151 1177 2202 domos
1196 2151 1377 2214 planetarum*
1418 2147 1566 2214 ,Perlege'‘,
1590 2151 1679 2214 pergit,

322 2221 411 2282 „libros
430 2217 594 2282 Theophrasti
612 2217 739 2270 Paracelsi
758 2227 783 2270 et
801 2221 912 2271 invenies
931 2221 1040 2272 diversas
1059 2236 1076 2271 a
1092 2228 1136 2272 tuo
1152 2221 1246 2286 judicio
1264 2223 1382 2278 rationes,
1402 2221 1488 2285 quibus
1508 2226 1535 2270 et
1550 2235 1598 2283 per
1616 2233 1680 2284 quae

320 2289 404 2341 media
421 2297 490 2340 utra
507 2290 635 2346 nobiscum
653 2293 842 2341 communicent.
880 2291 960 2341 Nemo
979 2294 1092 2343 nascitur
1110 2293 1203 2356 absque
1220 2293 1341 2355 peculiari
1354 2292 1435 2346 domo.
1455 2292 1496 2341 cui
1513 2291 1628 2355 praetxs
1642 2298 1682 2340 cst

321 2360 403 2418 stella,
422 2375 467 2410 seu
479 2359 586 2422 Hylecb,
605 2375 678 2426 quesn
697 2363 815 2427 angelum
832 2377 878 2411 ssa
897 2365 999 2429 genium
1011 2369 1056 2412 aut
1074 2364 1186 2426 spiritum
1204 2365 1316 2413 nomines
1335 2361 1450 2412 saltem‘
1505 2395 1511 2403 -

391 2431 432 2482 Sic
452 2444 482 2481 ex
493 2431 509 2482 J
515 2445 573 2480 can
581 2432 628 2480 nis
647 2431 756 2482 Ericts
764 2448 815 2490 en,
836 2433 948 2497 discipuli
960 2433 1085 2496 quondam
1098 2433 1230 2496 Tychonis,
1251 2434 1402 2498 ethologiae
1414 2431 1549 2484 admodum
1570 2432 1676 2490 addicti,

319 2503 396 2553 literis
415 2502 502 2552 cadem
521 2501 635 2566 colligere
653 2517 791 2564 possumus,
811 2505 955 2553 scribentis:
976 2503 1074 2568 ,Saepe
1092 2505 1152 2554 mihi
1169 2507 1237 2554 venit
1255 2506 1280 2554 in
1299 2512 1416 2560 mentem,
1436 2504 1494 2553 dum
1516 2517 1549 2553 ea
1568 2517 1634 2566 quac
1652 2509 1679 2552 te

320 2576 346 2622 in
365 2573 520 2637 astrologicis
539 2573 700 2622 disserentem
718 2574 842 2639 quondam
870 2574 952 2624 audiri
964 2576 1074 2631 sumno,
1094 2590 1185 2624 numne
1203 2590 1268 2640 quaa
1286 2583 1382 2625 veteres
1402 2574 1432 2623 de
1451 2573 1610 2637 planetarum
1634 2573 1677 2622 do·

320 2645 400 2694 suibus
418 2644 582 2705 tradiderunt,
601 2644 634 2692 ad
651 2645 778 2694 stellarum
796 2646 957 2696 inerrantium
976 2647 1049 2710 sigua
1065 2648 1158 2708 potius,
1177 2661 1251 2711 quam
1269 2647 1471 2696 dodecatemoria
1489 2645 1617 2709 signorum
1631 2646 1677 2694 cir·

320 2716 368 2766 culi
386 2717 437 2764 siut
454 2715 592 2765 relerenda.
629 2717 735 2766 avaron
754 2731 784 2766 ex
802 2723 828 2765 tc
847 2730 1011 2780 cognoscere,
1038 2717 1132 2781 quibus¹
1150 2717 1318 2768 fundamentis
1343 2717 1468 2766 domorum
1487 2715 1574 2766 mundi
1600 2716 1678 2780 sigui·
1691 2741 1707 2758 ι

318 2786 397 2837 ficata
413 2787 560 2843 innitantur,
581 2800 624 2835 cur
641 2787 734 2850 primae
753 2788 812 2846 vita,
832 2787 959 2836 secundae
977 2788 1071 2837 lucrum
1090 2785 1135 2848 dc.
1155 2790 1205 2836 sint
1229 2788 1358 2837 amnibuta.
1395 2787 1476 2846 Qum
1494 2786 1592 2844 sellem,
1615 2800 1680 2850 quac

319 2856 350 2907 de
370 2857 544 2907 directionibus
562 2857 704 2920 scripseras,
722 2858 871 2921 perlustrare
889 2873 995 2921 possem,
1014 2859 1036 2907 si
1048 2860 1086 2907 ita
1103 2859 1147 2906 tihi
1166 2860 1246 2907 risum
1258 2859 1340 2915 inerit,
1361 2857 1452 2907 Daridi
1464 2857 1578 2908 Fabricio
1588 2857 1680 2907 eadem

320 2942 402 2993 opera,
421 2930 462 2993 qui
481 2930 507 2978 iu
518 2930 653 2992 propinquo
665 2927 706 2978 hio
718 2928 794 2994 degit,
814 2929 1045 2979 communicanda.“
1067 2925 1100 2990 (E
1113 2929 1188 2978 literis
1202 2929 1226 2978 d.
1241 2929 1394 2979 Darentriae
1408 2928 1431 2977 d.
1446 2925 1488 2976 29.
1503 2927 1573 2992 Sept.
1587 2925 1679 2989 sect.)

389 3017 435 3067 liis
460 3016 563 3066 tandem
590 3017 760 3080 subiungimus
787 3030 841 3078 ea,¹
854 3031 920 3080 quae
947 3015 1071 3080 Kepleruc
1098 3031 1142 3080 per
1166 3017 1251 3067 literas
1277 3017 1329 3083 egit
1352 3031 1409 3066 cum
1434 3015 1491 3073 illo,
1517 3030 1591 3080 quesn
1620 3015 1681 3065 dicit

218 3145 219 3148 Ἴ
320 3088 447 3145 Eriohsen,
460 3087 585 3137 Daside
598 3087 761 3144 Fabricio,
780 3089 821 3151 qui
837 3089 902 3137 inter
914 3103 1013 3144 omnes.
1032 3103 1089 3138 oum
1101 3087 1188 3154 quibus
1201 3094 1361 3138 conversatus
1375 3093 1414 3138 est
1426 3086 1558 3149 Koplerus,
1577 3087 1682 3136 maximi

320 3158 407 3209 habuit
424 3153 583 3223 astrologiam
600 3159 800 3224 sententiamque
819 3158 850 3208 de
868 3159 911 3208 illa
929 3161 1017 3208 mirum
1033 3159 1060 3208 in
1078 3159 1178 3208 nimum
1193 3159 1303 3223 chlero
1323 3159 1433 3208 extorsit.
1470 3156 1559 3206 Insunt
1571 3157 1681 3207 Fabricii

319 3231 407 3278 literae
425 3228 574 3293 Keplerique
590 3231 777 3293 responsionum
796 3229 939 3279 mrersaria
956 3230 994 3280 vcl
1014 3231 1166 3293 exemplaria
1182 3244 1228 3294 per
1246 3243 1412 3280 amanuenses
1430 3227 1533 3290 Kepleri
1553 3228 1682 3292 descripta

320 3297 396 3364 (qnod
414 3299 476 3348 iorte
489 3299 545 3349 Ursi
563 3300 734 3350 immodestiae
752 3301 916 3351 tribuendum.
946 3299 1009 3350 Vide
1023 3315 1097 3365 supra
1108 3316 1132 3364 p.
1146 3297 1221 3360 234.)
1235 3301 1351 3351 volumini
1364 3299 1394 3349 X.
1407 3299 1468 3348 Mas.
1481 3297 1680 3362 Potropclitauo·

318 3385 380 3421 rum·
398 3369 481 3420 Minus
490 3373 620 3434 perspicua
628 3371 735 3422 Fabricii
745 3373 980 3436 amanuensiumque
990 3372 1093 3435 chlcri
1101 3385 1190 3421 manns
1199 3387 1243 3421 seu
1253 3372 1351 3421 inscitia
1360 3370 1447 3421 horum
1458 3383 1503 3419 sou
1513 3370 1680 3435 negligentia,

320 3441 445 3491 difficilem
462 3455 519 3490 eam
535 3444 634 3506 saepius
652 3443 765 3492 iecerunt
783 3444 914 3506 explicatu.
951 3443 1057 3492 Fabricii
1075 3443 1198 3493 scribendi
1209 3445 1282 3500 ratio,
1302 3457 1359 3507 qua,
1379 3440 1498 3506 quidquid
1512 3441 1537 3489 in
1553 3441 1682 3490 calamum

319 3515 422 3568 reniret,
441 3512 518 3562 literis
536 3512 682 3570 mandabat,
702 3513 838 3577 Keplernm
852 3516 934 3573 morit,
954 3519 983 3563 ut
995 3514 1102 3579 singula,
1122 3514 1155 3563 ad
1174 3528 1238 3578 qnae
1251 3513 1422 3577 respondebat,
1440 3513 1550 3562 numeris
1563 3517 1680 3569 notaret3

319 3598 364 3634 uos
382 3597 439 3633 sero
458 3589 540 3633 ratum
557 3583 696 3641 habuimus,
715 3587 818 3650 singulis
830 3585 936 3635 Fabricii
954 3586 1137 3649 quaestionibus
1149 3586 1380 3649 exceptionibusque
1398 3585 1506 3647 proxime
1525 3583 1681 3648 subjungere

319 3654 422 3720 Keplcri
439 3669 566 3718 responsa,
585 3655 660 3718 ipsius
677 3657 758 3706 secuti
775 3656 875 3706 modum
892 3653 1004 3720 Kepleri
1022 3671 1069 3720 quo
1088 3669 1146 3705 usus
1165 3663 1203 3706 est
1220 3659 1246 3705 in
1267 3655 1382 3720 ,Eclogis
1401 3653 1555 3704 chronicis.“

391 3743 431 3794 De
444 3743 550 3794 Fabricii
568 3744 620 3794 sita
637 3743 700 3795 hacc
719 3745 789 3793 nobis
808 3745 944 3794 innotuere.
982 3743 1064 3794 Natus
1083 3751 1122 3794 cst
1141 3759 1206 3794 anno
1227 3741 1295 3794 1564
1308 3743 1406 3794 honae
1423 3743 1518 3793 Frisiae
1537 3741 1680 3798 orientalis;
1771 3709 1782 3774 ¹1

321 3816 399 3865 literis
417 3814 495 3864 sacris
515 3828 614 3878 operam
634 3814 720 3874 dabat,
739 3829 786 3865 nec
805 3830 855 3864 non
875 3816 1079 3866 mathematicam
1099 3817 1322 3880 astronomiamque
1342 3815 1448 3865 colebat
1484 3813 1681 3864 inobservatio-

322 3889 393 3937 nibus
412 3883 539 3952 stellarum
558 3884 704 3942 excellebat,
724 3901 821 3936 omnem
839 3887 985 3936 industriam
1005 3893 1031 3936 et
1049 3887 1212 3936 subtilitatem
1231 3887 1365 3944 adhibens,
1385 3885 1489 3950 acieque
1507 3885 1576 3934 riom
1595 3886 1680 3950 siugu-

321 3958 366 4008 lari
384 3956 523 4020 praeditus,
543 3957 580 4006 ita
598 3963 626 4007 ut
643 3956 766 4021 Keplcrus
785 3973 851 4019 enm.
861 3957 972 4021 Tyohoni
992 3963 1154 4020 compararet,
1174 3958 1273 4008 dicens:
1302 3959 1353 4016 ,sir
1371 3956 1429 4005 talis
1453 3957 1479 4005 in
1498 3955 1682 4009 astronomicis.

321 4043 398 4094 penes
417 4042 501 4092 quem,
528 4035 584 4092 post
602 4031 750 4078 exstinctam
774 4043 830 4078 cum
849 4037 951 4079 auctore
969 4029 1068 4078 Braheo
1087 4029 1242 4094 diligentiam
1267 4027 1413 4078 observandi
1437 4025 1574 4086 coelestia,
1602 4027 1682 4076 omnis

322 4107 373 4150 stat
390 4100 416 4148 in
435 4099 585 4149 observando
604 4101 765 4152 auctoritas“.
803 4099 869 4162 (Lib.
890 4101 920 4150 de
940 4099 1019 4150 Stella
1035 4114 1102 4149 nora
1119 4115 1174 4164 cap.
1194 4096 1263 4162 xit.)
1300 4098 1404 4162 Kepleri
1430 4097 1558 4163 ingenium
1577 4097 1682 4146 maximi

321 4171 415 4221 babens
432 4169 597 4234 libentissime
612 4172 731 4222 audiebat
748 4178 899 4228 monentem,
920 4179 1021 4235 paratus
1044 4185 1141 4235 semper
1161 4170 1194 4220 ad
1207 4171 1288 4220 cilicia
1307 4185 1363 4219 cum
1377 4169 1545 4218 ethonomica
1563 4165 1618 4217 t'nm
1631 4167 1683 4218 alia

322 4243 367 4307 ipsi
386 4255 403 4291 a
420 4240 529 4304 Keplerc
548 4243 669 4292 mandata
686 4241 845 4305 perficienda
883 4241 989 4292 Scatens
1007 4249 1092 4291 autem
1110 4243 1282 4305 superstitione
1301 4240 1450 4304 asmologiac
1468 4239 1572 4288 nimium
1586 4240 1681 4289 tribuc-

321 4315 380 4371 bat;
397 4312 490 4376 judicio
509 4312 637 4375 imbecillis
655 4313 680 4362 in
699 4313 799 4363 minutis
818 4315 971 4371 versabatur,
990 4314 1104 4378 graviora
1122 4329 1171 4362 non
1187 4311 1343 4379 intelligebat
1355 4310 1507 4374 Keplerique
1519 4309 1682 4360 velocitatem

324 4386 505 4452 cogitationum
524 4390 550 4432 et
568 4385 747 4434 sententiarum
765 4385 913 4434 sacietatem
931 4399 981 4433 non
1001 4389 1199 4441 assecuturum
1224 4383 1376 4448 opinionibus
1394 4381 1572 4446 praejudicatis
1592 4381 1682 4431 duona

323 4472 355 4507 ne
376 4470 450 4508 ausus
469 4453 567 4518 quidem
587 4460 625 4504 est
644 4454 769 4505 discedere
789 4470 805 4505 a
822 4452 966 4506 Ptolemaeo
985 4461 1031 4504 aut
1048 4457 1116 4519 sequi
1136 4454 1265 4518 Copemici
1283 4454 1313 4504 de
1332 4453 1423 4504 mundo
1442 4455 1574 4510 rationem,
1594 4465 1682 4516 quam·
1772 4511 1777 4517 ¹

323 4543 398 4594 quam
416 4525 560 4590 saepissime
578 4526 698 4575 incitatus
717 4540 734 4575 a
751 4526 868 4589 Keplero.
908 4526 962 4587 Quo
981 4533 1090 4590 tempore
1109 4526 1265 4575 familiaritas
1283 4526 1331 4589 ipsi
1343 4539 1399 4574 cum
1412 4524 1521 4588 Keplero
1539 4523 1681 4574 intercede-

323 4601 376 4656 bat,
394 4599 500 4664 pastoris
518 4611 619 4646 munere
639 4597 789 4660 lungobatur
800 4597 980 4648 Resterhasiaa
999 4599 1092 4647 Frisiae
1111 4597 1246 4658 orientalis,
1266 4595 1355 4646 deinde
1368 4592 1464 4657 (1002)
1477 4596 1597 4652 huncce,
1616 4594 1682 4644 unde

321 4671 388 4722 brevi
414 4671 460 4730 „ob
478 4668 569 4720 bellum
587 4669 613 4717 in
631 4667 712 4716 Frisia
735 4673 833 4733 gestum
860 4669 975 4733 migravit
993 4667 1127 4726 Esenam“,
1154 4669 1197 4718 nbi
1222 4683 1280 4732 ,pro
1307 4673 1417 4730 tempore
1442 4667 1560 4730 principis
1587 4665 1681 4714 aulicus

323 4742 483 4792 concionator
499 4739 577 4792 habet
592 4740 696 4790 liberam
713 4739 740 4788 in
758 4752 816 4790 asco
834 4739 974 4799 monsam“‚
998 4740 1102 4806 demque
1122 4738 1223 4791 Ostolae
1242 4735 1336 4802 (tect)
1356 4739 1538 4790 concionatoris
1557 4735 1679 4804 iungeba-

323 4815 363 4863 tur
380 4827 490 4864 munere.
