3674 5528
307 275 374 342 280
761 271 792 323 In
811 271 881 338 Apol.
901 271 981 334 Tych.
1005 275 1093 321 souin
1110 267 1201 320 Ursum

492 384 510 409 θ

387 436 475 500 Nunc,
498 414 557 488 cum
577 433 612 488 lis
633 437 662 488 ta
683 433 756 487 inter
775 439 806 488 et
818 433 977 504 ‘lychonem
997 449 1052 488 uon
1066 447 1201 503 personas
1216 431 1347 496 attineat,
1370 429 1460 485 sedin
1475 429 1673 499 philosophiae

308 517 367 572 loro
381 521 516 578 versetur,
538 531 589 567 nec
603 515 639 568 ab
654 531 686 566 eo
707 513 797 582 possit
817 511 927 568 excludi
941 513 1024 577 ullus,
1047 513 1094 583 qui
1107 511 1250 569 scientiam
1267 513 1448 566 humanarum
1461 509 1672 579 divinarumque

308 614 398 653 rerum
419 601 509 658 amat,
532 594 598 664 quia
618 593 797 663 philosophia
819 611 959 660 commune
980 593 1092 664 generis
1109 591 1221 646 humani
1241 594 1344 646 bouum
1358 597 1414 645 est:
1436 607 1487 644 neo
1507 605 1595 661 aegre
1611 589 1672 652 tibi,

306 676 408 732 homiui
430 675 604 744 philosopho,
626 690 680 744 ego
702 674 804 737 facere,
827 693 878 727 neo
899 679 930 727 tu
950 673 1015 726 mihi
1037 690 1090 727 nou
1113 671 1259 744 ignoscere
1280 672 1400 741 poteris,
1422 670 1445 724 si
1466 669 1596 740 partibus
1618 670 1673 740 Ty·

306 755 400 812 ohonis
422 753 558 822 susceptis
585 761 613 806 te
640 753 750 821 publice
771 754 929 824 loquentem
960 753 1071 822 publice
1092 769 1201 822 quoque
1223 749 1299 806 iutra
1319 749 1515 822 philosophiae
1537 749 1672 802 terminos

309 837 445 907 alloquar.
488 834 559 887 Nam
581 849 699 886 cumea
725 841 822 887 aetate
843 834 907 896 sim,
936 839 969 888 ut
995 835 1028 886 de
1049 833 1170 886 veritate
1194 847 1286 886 rerum
1311 831 1482 886 naturalium
1502 827 1673 884 certissimus

304 917 365 986 jam
385 931 457 969 nuuc
477 929 539 967 esse
560 927 702 982 nequeam,
725 929 764 975 ea
779 930 846 967 vero
867 913 1049 982 propensione
1070 911 1178 973 mentis,
1200 917 1233 965 ut
1253 913 1289 964 ad
1309 911 1496 982 indagandam
1516 925 1580 964 eam
1600 909 1680 962 veri·-

309 1003 397 1052 tatem
421 994 490 1048 nihil
515 992 582 1046 mihi
609 1009 663 1046 non
689 995 851 1046 tentandum
876 1009 937 1046 esse
966 999 1073 1062 putam
1104 1009 1192 1062 neque
1213 991 1352 1060 Tychonis
1380 992 1493 1044 labores
1514 994 1544 1043 et
1564 989 1675 1058 placita

310 1083 484 1132 contemnere
505 1072 593 1142 potui,
616 1087 688 1143 quse
709 1073 802 1144 magui
823 1073 851 1126 in
872 1079 934 1126 tota
953 1071 1132 1141 philosophie
1151 1071 1281 1124 momenti
1301 1087 1365 1125 esse
1385 1071 1560 1133 videbantur,
1583 1085 1674 1138 neque

307 1172 379 1228 quae
401 1161 431 1210 tu
452 1159 549 1206 contra
568 1169 619 1222 pro
639 1153 837 1206 Aristotelicas
858 1159 952 1206 sectae
976 1152 1144 1206 auctoritate
1163 1152 1333 1220 proferebas,
1356 1150 1512 1221 negligere.
1558 1149 1606 1202 Ex
1621 1149 1673 1202 hoc

248 1250 253 1262 ·
307 1237 379 1292 enim
400 1231 599 1288 contrariorum
620 1231 693 1286 iuter
713 1249 743 1286 se
764 1233 890 1286 condictu
918 1231 1055 1287 scintillae
1082 1232 1174 1285 solent
1204 1231 1267 1284 elici
1289 1234 1323 1284 ad
1345 1231 1496 1286 excitanda
1516 1229 1675 1282 clarissima

313 1317 365 1370 illa
385 1313 514 1370 veritatis
544 1311 678 1365 incendia.
721 1313 799 1374 Quae
821 1330 885 1366 vero
906 1312 972 1366 mihi
998 1311 1181 1382 pensiculatis
1206 1310 1350 1382 utriusque
1378 1310 1467 1382 partis
1498 1309 1674 1380 argumentis

306 1396 475 1457 viderentur,
498 1394 532 1446 ad
554 1398 583 1446 te
604 1391 693 1460 ipsum
714 1393 885 1462 perscribere
907 1391 995 1454 volui,
1025 1390 1102 1461 quia,
1129 1390 1182 1444 etsi
1203 1391 1267 1460 quid
1296 1391 1388 1462 inique
1415 1390 1442 1444 iu
1464 1397 1515 1443 tua
1535 1391 1674 1460 dogmata

307 1475 404 1538 statui,
426 1474 453 1526 id
474 1479 503 1524 te
524 1471 584 1540 ipso
606 1488 684 1524 nemo
705 1472 807 1525 rectius
829 1472 924 1532 diluet,
945 1479 975 1524 et
996 1471 1168 1524 iudicandum
1189 1471 1240 1524 tihi
1262 1477 1332 1534 erat,
1354 1489 1409 1526 uon
1430 1470 1491 1522 ideo
1513 1469 1602 1533 nobis,
1626 1469 1672 1538 qui

306 1553 445 1626 Tychonis
470 1550 716 1622 philosophemata
736 1567 944 1621 receperamus,
974 1551 1019 1604 vel
1040 1567 1187 1604 excussam
1207 1552 1252 1604 vel
1274 1551 1345 1604 omni
1370 1543 1493 1604 ratione
1507 1549 1673 1602 destitutam

306 1651 386 1698 esse,
409 1633 479 1704 quod
510 1631 630 1684 futurum
652 1632 777 1694 dixeras,
807 1631 951 1702 pristinam
977 1631 1052 1685 illam
1073 1629 1241 1699 opinionem,
1269 1631 1335 1700 quia
1359 1647 1377 1684 s
1402 1637 1430 1683 te
1452 1629 1530 1683 illam
1557 1628 1673 1682 arietari

307 1715 431 1768 vidimus.
473 1712 511 1764 Ut
535 1717 627 1765 autem
648 1711 766 1780 publicis
787 1711 863 1782 typis
889 1711 914 1764 id
940 1711 1032 1774 lieret,
1064 1709 1202 1780 Tychonis
1224 1711 1338 1764 arbitrio
1367 1709 1538 1764 commissum
1559 1708 1626 1772 fuit,
1656 1725 1673 1760 a

308 1813 361 1866 quo
382 1791 450 1847 facti
470 1789 605 1854 rationes,
634 1791 675 1845 uti
697 1808 777 1860 spero
799 1809 853 1846 nou
874 1793 1024 1854 absurdas,
1055 1791 1161 1845 audies.
1203 1794 1246 1844 Ac
1265 1808 1333 1846 sane
1355 1791 1420 1862 quia
1442 1797 1474 1844 tu
1494 1789 1596 1842 librum
1617 1790 1672 1858 Ty·

308 1873 412 1936 chunis,
435 1887 514 1942 quem
537 1871 693 1926 accuratius
715 1879 744 1924 te
765 1871 869 1942 legisse
891 1887 992 1942 negas,
1022 1870 1195 1924 nihilominus
1225 1871 1349 1926 omnihus
1370 1869 1475 1944 ingenii
1495 1869 1602 1923 viribus
1624 1887 1672 1938 op·

307 1969 433 2025 pugnas,
464 1957 494 2004 et
515 1966 585 2020 quae
613 1957 711 2006 contra
735 1951 826 2005 dicere
854 1951 984 2020 potuisti,
1015 1949 1158 2004 Germanis
1181 1950 1297 2015 nostris,
1324 1959 1356 2005 ut
1375 1949 1518 2020 intelligo,
1549 1951 1674 2020 legenda

309 2031 508 2088 communicas:
531 2045 633 2099 operae
654 2032 775 2100 pretium
794 2031 861 2094 erit,
885 2031 907 2084 si
928 2048 964 2084 ex
986 2030 1175 2100 publicatione
1196 2023 1317 2084 mearum
1338 2031 1531 2102 pagellarum,
1554 2030 1600 2100 qui
1622 2037 1673 2082 tua

307 2113 446 2168 incautius
467 2111 610 2180 legerunt,
642 2111 817 2181 intelligant,
849 2112 963 2164 multum
985 2111 1036 2165 tibi
1066 2112 1100 2163 ad
1121 2110 1267 2164 veritatem
1294 2100 1515 2181 perspiciendam
1544 2109 1673 2164 uocmsse

309 2209 434 2247 securam
454 2191 531 2243 illam
552 2189 580 2242 iu
600 2189 738 2260 Tychonis
760 2191 855 2244 libello
877 2191 996 2261 legendo
1017 2189 1229 2262 negligentiam·

389 2271 496 2325 Necte
517 2269 654 2338 Tychonis
675 2272 1021 2346 noludpnropm,quads
1042 2271 1183 2341 querelam
1204 2269 1335 2332 instituis,
1357 2275 1484 2323 excusat.
1526 2269 1589 2322 Nou
1611 2285 1675 2322 con·

309 2351 430 2406 sistimus
452 2350 486 2401 ad
501 2348 631 2404 ⁴tribuual
651 2350 751 2404 morosi
768 2350 885 2420 judicis,
915 2350 961 2422 qui
982 2351 1074 2404 taedio
1103 2367 1140 2403 ex
1169 2349 1367 2418 multiplicibus
1389 2349 1509 2419 querelis
1538 2355 1673 2418 concepto

306 2439 356 2487 aut
377 2445 509 2498 respuere
531 2446 581 2482 nos
602 2430 691 2499 possit
722 2437 772 2483 aut
792 2430 866 2483 iutra
886 2431 1030 2485 verborum
1052 2446 1192 2483 numerum
1214 2446 1324 2500 cogere.
1366 2429 1490 2500 Magnae
1512 2435 1579 2483 sunt
1600 2445 1674 2482 men·

306 2513 342 2567 tis
364 2519 476 2564 nostrae
498 2509 640 2573 tenebrae,
662 2517 814 2563 contumax
835 2511 982 2564 memoriae
1004 2509 1126 2572 durities,
1152 2515 1265 2580 quaeut
1286 2510 1444 2578 exemplum
1469 2509 1565 2577 capiat
1580 2526 1674 2562 eorum

307 2607 379 2663 quae
401 2592 548 2652 docentur,
579 2590 672 2644 multis
693 2590 794 2644 ictibus
816 2607 884 2659 opus
912 2598 966 2645 est.
1008 2593 1064 2644 Res
1092 2589 1154 2660 ipsa
1174 2605 1290 2660 magna,
1319 2589 1458 2658 pretiosa,
1489 2588 1674 2648 honorabilis,

306 2669 422 2732 nobilis,
444 2669 551 2731 divina,
580 2670 685 2724 veritas
707 2686 805 2739 nempe
826 2676 856 2724 et
876 2671 1008 2733 scientia;
1035 2686 1105 2741 quae
1127 2669 1258 2738 temporis
1276 2669 1416 2736 jacturam
1437 2668 1536 2731 facile,
1566 2668 1590 2722 si
1612 2686 1674 2738 per·

304 2750 448 2821 vestigata
468 2749 560 2810 fuerit,
583 2756 751 2819 compensat.
793 2750 851 2804 Nec
872 2751 979 2814 dubito,
1002 2767 1059 2821 qua
1079 2767 1108 2804 es
1130 2749 1235 2820 ingenii
1256 2749 1443 2818 praestantia,
1470 2748 1493 2802 si
1515 2755 1626 2804 tautam
1647 2749 1674 2802 iu

308 2829 487 2901 Tychouiano
503 2828 573 2882 libro
588 2831 780 2900 prolixitatem
802 2846 936 2898 superare
957 2831 1109 2899 potuisses,
1133 2835 1239 2899 quanta
1259 2829 1305 2882 vel
1325 2829 1482 2882 felicissimo
1504 2827 1618 2899 ingenio
1640 2830 1674 2882 ad

305 2927 340 2964 ea
362 2925 432 2980 quac
454 2909 582 2964 dicuntur
602 2909 787 2980 intelligenda
807 2926 876 2978 opus
898 2917 954 2973 est,
986 2910 1049 2980 quin
1070 2911 1182 2963 tandem
1201 2908 1329 2964 veritatis
1358 2909 1481 2979 aliquam
1502 2909 1674 2978 suscepisses

225 3037 241 3062 4
305 2990 427 3062 effigiem
448 2989 601 3059 mentisque
625 2991 757 3044 tenebras
779 2989 949 3058 dispulisses.
991 2993 1033 3043 Ac
1062 2989 1126 3043 mihi
1157 3005 1238 3053 sane,
1268 2996 1301 3042 ut
1320 3005 1415 3042 verum
1436 2989 1537 3052 dicam,
1569 2989 1674 3042 minore

305 3070 405 3125 mentis
426 3069 580 3124 intentione
609 3077 788 3141 temporeque
816 3069 942 3124 constitit
963 3070 1048 3123 totius
1069 3070 1207 3140 Tychouis
1238 3067 1301 3123 libri
1330 3075 1360 3121 et
1381 3069 1531 3139 apologiae
1560 3069 1676 3138 prolixa

306 3149 397 3213 lectio,
424 3165 505 3219 quam
527 3151 721 3219 Capuurauiae
743 3157 825 3212 tuae,
859 3149 950 3203 nescio
972 3168 1009 3203 ex
1031 3167 1084 3220 quo
1106 3156 1208 3219 arguto
1235 3149 1342 3218 pulpito
1364 3148 1392 3202 in
1413 3151 1485 3202 hanc
1506 3148 1673 3218 disputatio·

307 3247 369 3284 nem
389 3246 443 3282 nou
464 3230 535 3281 bene
556 3231 690 3284 arcessita
711 3230 839 3284 concisio.
882 3230 938 3284 Res
959 3230 1035 3300 ipsas
1055 3229 1104 3283 vix
1125 3230 1262 3299 capimus,
1284 3236 1314 3282 et
1334 3235 1365 3284 tu
1386 3230 1532 3284 verborum
1551 3229 1673 3300 gryphis

307 3310 420 3378 insuper
441 3308 555 3377 ingenia
575 3311 698 3364 cruciare
716 3309 821 3377 jubes?

386 3387 440 3442 Sed
462 3389 574 3444 adrem
594 3390 744 3444 veniamus.
786 3389 923 3457 Principio
950 3389 1075 3442 candoris
1107 3389 1157 3443 tibi
1183 3391 1293 3444 laudem
1325 3387 1431 3452 tribuo,
1460 3389 1507 3458 qul
1539 3403 1672 3442 summam

307 3467 505 3544 intimae'tuae
526 3469 686 3524 intentionis
717 3469 745 3523 ia
766 3469 856 3523 fronte
887 3469 972 3536 ponis.
1016 3471 1176 3523 Auctoritas
1197 3486 1254 3523 una
1275 3476 1319 3523 tot
1339 3475 1464 3522 aetatum
1491 3467 1542 3522 tibi
1565 3469 1672 3531 obstat,

307 3547 370 3602 huic
392 3563 484 3601 omnes
505 3549 609 3620 ingenii
630 3549 711 3613 vires,
733 3549 798 3602 huic
817 3555 906 3603 totum
927 3549 999 3602 hunc
1020 3549 1143 3602 laborem
1157 3549 1301 3603 devovisti.
1343 3549 1381 3602 Et
1395 3549 1537 3618 quisquam
1552 3548 1672 3610 dubitet,

308 3645 343 3682 sn
365 3629 576 3682 mathematicas
597 3629 853 3693 demonstrationes,
876 3645 944 3698 quas
965 3629 1105 3698 proponis,
1127 3629 1187 3698 ipse
1202 3629 1362 3699 perspicias,
1385 3629 1463 3696 cujus
1484 3644 1563 3681 omne
1578 3628 1672 3680 lumen

307 3707 389 3760 animi
411 3708 462 3760 hoc
484 3708 658 3780 antiquitatis
680 3711 789 3778 pallore
810 3709 942 3763 imbutum
965 3715 1028 3763 est?
1069 3713 1113 3762 An
1135 3707 1223 3779 igitur
1251 3709 1317 3762 mihi
1338 3709 1526 3771 succensebis,
1560 3707 1584 3760 si
1606 3725 1673 3777 quo·

307 3787 359 3840 ties
381 3787 522 3854 pulverem
543 3789 741 3858 geometricum
763 3789 896 3859 attinges,
918 3788 986 3841 illud
1007 3789 1048 3842 tui
1068 3789 1167 3852 divini,
1190 3789 1365 3843 cumoculos
1388 3789 1487 3858 aperit,
1509 3787 1672 3842 Aristotelis

307 3865 357 3920 tihi
382 3882 530 3934 reponam,
562 3875 591 3922 et
612 3869 684 3923 inter
705 3885 752 3922 eos
773 3875 801 3922 te
822 3870 957 3932 referam,
980 3871 1013 3922 de
1035 3869 1132 3940 quibus
1154 3868 1293 3940 queritur,
1317 3871 1388 3940 quod
1410 3886 1475 3923 non
1497 3873 1673 3939 quaerant

305 3944 466 3999 rationes
494 3953 527 4002 et
557 3964 688 4002 causas
719 3951 758 4003 ad
781 3965 822 4004 ea
857 3966 945 4020 quae
976 3957 1161 4018 apparent¹
1185 3951 1367 4003 reddenda
1396 3955 1431 4002 et
1458 3947 1673 4003 efficienda:

306 4026 364 4078 sed
386 4027 426 4078 ad
451 4023 739 4100 praecon'ceptas
770 4046 851 4083 suas
883 4031 1051 4100 quasdam
1082 4029 1267 4099 opiniones
1294 4036 1330 4082 et
1359 4029 1672 4091 ratiocinationes,

306 4104 397 4175 qualis
418 4112 462 4159 est
489 4113 539 4162 tua
568 4111 601 4162 de
624 4109 791 4179 antiquitate
819 4111 978 4178 persuasio,
1011 4110 1093 4178 ipsa
1120 4111 1372 4179 phaenomena,
1403 4115 1436 4163 ut
1463 4117 1494 4162 tu
1516 4125 1568 4169 ea,
1600 4125 1672 4179 quae

306 4185 493 4240 mathematici
526 4188 553 4240 in
584 4195 708 4242 cometae
738 4195 813 4243 motu
843 4191 1098 4258 deprehenderunt,
1130 4190 1320 4243 violenter
1351 4190 1609 4243 accommodent
1639 4195 1672 4242 et

306 4265 508 4322 conciliare
539 4274 729 4322 conentur?
772 4269 841 4330 Quid
874 4269 936 4322 ais?
979 4272 1021 4322 Διι
1050 4270 1199 4323 etiamnum
1221 4270 1336 4323 muudus
1367 4269 1417 4322 tibi
1451 4275 1583 4323 aeternus
1610 4271 1671 4322 estl

306 4345 355 4400 Sol
374 4343 448 4399 inho
470 4338 494 4407 Q
515 4353 546 4400 et
570 4339 591 4404 ii
613 4353 673 4401 est?
714 4348 881 4418 Principium
902 4365 1046 4402 nervorum
1067 4349 1096 4402 in
1116 4351 1197 4403 corde
1218 4353 1278 4402 est?
1321 4349 1391 4411 Quia
1415 4349 1441 4402 id
1463 4347 1543 4402 scivit
1563 4347 1672 4402 Aristo·

306 4426 386 4489 teles,
408 4425 510 4496 vulgus
533 4428 714 4496 approbavit,
744 4445 799 4481 nox
822 4429 877 4482 ista
897 4436 1050 4498 amporam
1071 4436 1114 4482 tot
1134 4429 1229 4482 secula
1249 4430 1337 4500 longa
1357 4428 1558 4482 consolidavit?
1602 4427 1672 4490 Quid

305 4505 394 4578 igitur
413 4506 473 4559 Deo
495 4507 604 4577 gratias
627 4508 735 4578 agimus
757 4507 894 4579 quotidie,
922 4507 966 4577 qui
988 4508 1119 4577 dispulsis
1150 4509 1205 4562 illis
1233 4509 1356 4562 tenebris
1385 4525 1444 4562 cum
1475 4509 1502 4560 in
1534 4508 1672 4581 religione

307 4592 364 4640 tum
385 4587 413 4640 in
434 4586 541 4640 artibus
564 4594 593 4640 et
614 4588 701 4642 literis
724 4587 902 4642 clarissimam
924 4587 1088 4657 cognitionis
1110 4605 1237 4642 auroram
1252 4589 1414 4644 reduxerit?
1454 4592 1499 4642 An
1520 4587 1672 4642 etiamnum

306 4671 462 4730 stertemus,
485 4683 545 4722 cum
563 4665 623 4734 jam
645 4669 749 4721 clarum
771 4683 850 4721 mane
872 4669 1008 4720 fenestras
1030 4667 1136 4724 intrati
1166 4673 1209 4722 An
1225 4670 1284 4722 herl
1307 4685 1399 4722 omnes
1415 4675 1534 4722 naturae
1557 4669 1672 4722 thesau-

305 4761 351 4799 ros
373 4746 507 4802 exhausit
527 4747 709 4811 Aristoteles,
731 4754 764 4801 ut
785 4747 864 4800 hodie
883 4746 953 4802 nihil
975 4749 1114 4818 supersit?
1157 4753 1199 4802 Διι
1222 4749 1272 4803 tibi
1294 4751 1389 4802 durum
1410 4748 1532 4810 videtur,
1555 4755 1588 4802 ut
1610 4765 1672 4801 cae·
1713 4805 1716 4812 ,

307 4825 436 4878 cutivisse
459 4825 486 4880 in
508 4828 601 4883 multis
623 4835 731 4882 veteres
754 4826 893 4880 dicamus?
935 4826 1021 4896 Cujus
1052 4845 1120 4900 ergo
1142 4835 1207 4882 suut
1228 4829 1284 4883 ista
1303 4829 1403 4882 verba:
1434 4843 1546 4899 „pauca
1571 4826 1672 4882 mentis
1778 4865 1785 4872 -
