3674 5528
298 261 365 337 erp
718 235 939 330 ιιιιηὲιηιιι
956 261 1231 328 ummo

297 423 491 508 geometrica.
536 403 617 488 usui
644 413 779 504 ᾳιιίιιιὶἰίι1
805 431 839 486 et
868 421 1034 506 biqnintilis
1066 425 1111 488 sic
1138 423 1259 505 melem
1291 429 1363 486 sunt
1393 422 1458 488 locc
1485 419 1656 500 posteriore

293 515 376 588 inter
407 511 663 576 demonstrativas
694 511 824 592 figuras,
866 520 900 575 nt
930 513 1018 576 simul
1048 531 1104 593 per
1135 513 1212 576 bunc
1245 529 1397 575 recessum
1431 517 1464 572 et
1494 527 1550 588 per
1578 508 1656 573 bano

298 603 399 682 fugam
424 599 614 680 aequatiouis
636 599 831 680 perveniatur
853 599 884 662 in
898 601 1214 681 proportionalitatem
1229 599 1363 664 divinam
1376 599 1507 662 omatnm
1530 615 1655 677 geome-

297 691 440 754 tricorum
462 707 570 752 rcrnm.
616 685 686 750 Etsi
718 679 820 769 itaque
852 689 898 752 bis
931 690 1020 752 deest
1046 689 1289 762 numerabiliter,
1321 693 1507 752 manatura
1530 684 1655 759 numeri,

297 777 430 842 vicissim
453 784 554 841 umen
582 776 657 858 ipsis
687 777 776 840 adest
802 778 955 859 proportio
979 777 1100 854 divina,
1137 797 1198 859 qua
1234 785 1341 842 carent
1369 784 1511 856 sapsam
1535 773 1654 840 usitati.

296 868 478 947 Propterea,
515 872 548 926 et
580 865 651 947 qnia
687 865 940 946 quinquangulum
976 867 1137 931 adhibetur
1169 867 1209 928 ad
1249 865 1437 928 efficiendum
1474 881 1583 942 corpus
1625 869 1658 924 et

296 954 416 1038 cuidem
447 952 638 1033 primarium,
675 961 707 1016 et
744 953 918 1034 biquintiles
954 955 1066 1036 figurae
1107 952 1148 1018 12
1180 956 1220 1017 ad
1250 952 1482 1034 pulcherrimum
1517 951 1658 1030 regulare

298 1051 419 1110 auctum
442 1041 594 1117 (stellam)
619 1042 797 1117 faciendum,
822 1043 996 1122 aspectibus
1020 1051 1092 1106 sunt
1115 1043 1315 1106 accensenda.
1360 1041 1521 1104 Postrema
1542 1040 1657 1119 ligura·

296 1151 363 1198 rum
385 1139 510 1213 utroque
538 1131 656 1192 nomine
680 1139 730 1194 est
755 1131 1033 1212 sesquiqnadratus.
1080 1130 1225 1196 Ceterum
1253 1131 1283 1194 in
1311 1131 1420 1192 edecm
1447 1147 1554 1209 pamm
1581 1145 1658 1208 pos-

272 1229 386 1302 ¹sunt,
419 1220 486 1299 plus
510 1226 625 1294 tamem
658 1239 749 1300 qnam
778 1221 902 1300 quaevis
931 1220 994 1282 alia
1025 1237 1084 1284 non
1117 1220 1307 1294 harmonica,
1343 1217 1595 1298 quamadmodum
1627 1214 1659 1278 in

296 1307 410 1374 musice
442 1314 533 1370 sexta
563 1307 662 1370 mollis
694 1308 894 1371 consonantia
920 1316 1022 1372 tamen
1055 1317 1117 1382 est,
1150 1317 1198 1382 nt,
1233 1327 1299 1372 oum
1331 1306 1373 1369 sit
1395 1305 1570 1380 imbecillis,
1601 1321 1659 1366 nec

296 1397 401 1460 laedat
419 1415 524 1472 aures,
553 1402 589 1458 ut
611 1415 687 1476 quae
710 1397 877 1460 dissonant.
924 1398 1005 1462 Nam
1038 1397 1190 1460 sensibilis
1219 1397 1293 1460 baec
1325 1395 1455 1458 musices
1485 1411 1553 1456 cnm
1582 1393 1659 1456 meis

297 1484 464 1550 rationibus
500 1483 681 1547 harmonicis
709 1485 920 1548 convenientia
957 1484 1157 1548 senissimum
1186 1485 1273 1560 lacit,
1311 1501 1396 1549 meae
1430 1482 1565 1546 rationes
1599 1499 1658 1544 nou

297 1591 366 1636 esse
389 1572 593 1652 denegandas,
618 1589 710 1654 quare
734 1591 789 1636 neo
812 1572 841 1636 in
866 1573 1033 1654 astrologia
1055 1573 1300 1636 contemnendas.
1315 1567 1339 1645 ¹)

384 1661 469 1724 Haec
492 1659 648 1736 hactenus,
673 1670 707 1724 nt
728 1679 776 1722 me
799 1670 832 1723 et
854 1669 1083 1726 teexercerem.

366 1799 553 1850 Fabricius:
572 1799 619 1850 Pro
638 1801 770 1865 generibus
787 1801 867 1852 missia
884 1802 978 1867 grttlu
990 1801 1111 1852 maximas
1122 1801 1211 1852 habeo.
1250 1797 1353 1852 Utinam
1366 1797 1661 1850 commurmuratus

297 1877 389 1925 mont
426 1869 486 1922 Sola
504 1871 669 1922 accidentium
690 1877 810 1922 sccnmta
827 1873 964 1924 observatio
984 1872 1158 1938 astrologiam,
1184 1885 1251 1922 nuno
1269 1871 1341 1935 quael
1358 1870 1490 1927 talamum.
1516 1883 1562 1918 ruo
1585 1869 1661 1918 ultori

297 1944 427 1994 ιοιιιιιιοιι
444 1947 536 2006 potest.
572 1942 667 1993 Vallem
687 1957 795 2008 meque,
814 1951 840 1994 tc
858 1945 884 1993 lu
902 1951 961 1994 tua
978 1945 1105 2008 geneal,
1128 1958 1179 1994 non
1196 1941 1291 1994 mrsud
1308 1949 1338 1992 ut
1355 1955 1402 2008 ago
1420 1947 1497 2006 pute,
1516 1939 1663 1990 accusatis

297 2015 381 2066 emnia
398 2014 423 2062 in
442 2013 515 2064 certia
533 2013 619 2062 diebus
637 2013 696 2062 milui
716 2014 919 2066 communicasse.
956 2013 1070 2065 erlma
1086 2029 1144 2079 parc
1162 2013 1214 2064 lato
1233 2013 1306 2064 modo
1324 2014 1447 2064 denotata
1464 2017 1512 2066 est.
1529 2025 1579 2064 uec
1598 2025 1662 2077 cog·

295 2097 398 2134 noscere
422 2098 563 2153 possumus,
593 2097 625 2133 au
651 2099 713 2132 noro
738 2083 776 2134 rel
802 2087 879 2134 reteri
902 2086 966 2148 stylo
990 2087 1077 2136 utaris.
1115 2083 1199 2146 Quare
1217 2085 1243 2134 in
1261 2091 1365 2148 auoque
1394 2089 1420 2134 ts
1445 2083 1526 2148 magia
1546 2081 1662 2146 explicat

295 2155 458 2218 praesertim,
486 2167 533 2218 quo
552 2153 593 2203 dle
611 2155 671 2203 anni
689 2151 731 2203 91.
751 2153 839 2205 Martis
857 2157 977 2206 mamitus
995 2170 1039 2220 per
1057 2155 1235 2207 urendeutem
1262 2153 1529 2209 evacuaturum,
1555 2159 1581 2202 et
1600 2167 1661 2218 quo·
1701 2180 1705 2185 -

295 2223 379 2275 medo.
416 2223 473 2285 Quo
500 2225 540 2276 dic
569 2225 648 2274 (lratli
665 2223 793 2291 ngarica
819 2225 893 2276 labris
920 2233 947 2277 te
974 2227 1099 2276 invaserit.
1137 2225 1192 2288 Quo
1217 2225 1256 2275 dic
1282 2225 1341 2276 anni
1369 2220 1412 2273 00.
1431 2223 1561 2290 lingulae
1587 2223 1664 2274 lebria

298 2295 400 2351 lautior.
429 2308 459 2344 ex
477 2292 584 2345 Saturno
602 2308 676 2358 super
693 2296 884 2354 ucendeutem.
912 2303 939 2348 te
957 2297 1079 2348 allllxerlt.
1116 2297 1211 2348 Ultima
1228 2301 1354 2361 quma
1372 2293 1400 2344 8.
1419 2293 1477 2348 Oct·
1499 2309 1533 2346 aa
1551 2300 1602 2344 ret
1621 2294 1663 2346 rel

296 2380 359 2415 noro
378 2363 459 2427 stylo?
494 2364 585 2416 Lasaia
603 2367 658 2416 nasi
676 2365 786 2430 quodie.
822 2367 949 2420 Masrtlinl
966 2367 1202 2435 genedaaibaber.
1221 2365 1554 2418 relimmllniconumuuicea.
1587 2364 1663 2416 Unde

297 2435 438 2487 Paradiaeri
456 2437 560 2502 gerula
576 2435 675 2487 babeat
1560 2465 1568 2486 ι

386 2539 590 2622 Keplerus:
628 2539 778 2622 Exempla
801 2559 953 2620 geneseos
976 2541 1082 2604 mutila
1104 2541 1183 2604 misi.
1221 2543 1358 2621 Ignosce.
1402 2537 1489 2610 Cum.
1514 2540 1662 2616 utrides,

298 2628 473 2694 certitudini
496 2628 572 2690 artis
595 2628 625 2690 in
645 2629 848 2708 singularibus
870 2649 977 2708 parum
998 2631 1138 2706 tribuam,
1164 2629 1366 2711 negligentior
1389 2647 1459 2690 esse
1481 2630 1580 2703 soleo,
1605 2647 1665 2692 nen

300 2726 332 2781 tc
354 2716 404 2780 hic
427 2718 552 2782 multum
570 2717 678 2798 juvare
701 2736 835 2797 possum.
882 2717 943 2782 Sed
968 2727 1001 2782 tu
1025 2718 1160 2799 deperire
1184 2718 1297 2780 videris
1320 2725 1435 2791 artem;
1465 2715 1544 2790 vide,
1568 2735 1606 2778 ne
1630 2726 1665 2780 tc

300 2805 486 2879 ludificetur,
525 2806 642 2886 majora
678 2805 757 2868 enim
801 2807 938 2870 humanis
978 2807 1092 2870 viribus
1130 2807 1192 2868 ista
1225 2807 1298 2869 mibi
1335 2805 1492 2879 videntur,
1530 2805 1663 2868 certita-

300 2893 399 2957 dinem
422 2892 492 2956 inde
516 2902 634 2974 petere,
659 2894 709 2956 ubi
732 2892 816 2958 nulla
839 2915 907 2958 esso
930 2903 1047 2977 potest,
1079 2904 1110 2958 te
1134 2895 1201 2975 ipso
1225 2903 1321 2970 teste,
1346 2893 1397 2976 qni
1420 2893 1561 2956 concedis
1585 2913 1662 2956 can·

300 2999 401 3045 sarum
425 2981 553 3044 omnium
577 3001 739 3045 concursus
758 2983 848 3064 juxta
870 2983 997 3046 coelum.
1044 2982 1126 3056 Quid
1149 3003 1189 3046 ex
1217 2985 1274 3048 boc
1297 2990 1456 3065 sequatur,
1486 2981 1580 3062 probe
1605 3001 1664 3044 cx·

299 3071 431 3152 pendere
454 3079 485 3132 te
508 3071 617 3145 velim3
641 3090 711 3133 nam
733 3071 965 3134 inconsideratis
988 3072 1086 3153 prima
1109 3072 1209 3136 fronte
1234 3092 1294 3136 non
1319 3077 1457 3152 apparet.

388 3159 423 3220 In
446 3177 512 3234 mea
536 3160 640 3239 genesi
664 3160 761 3242 stylus
784 3169 872 3222 vetus
895 3158 993 3235 valet,
1023 3179 1117 3242 nsque
1147 3161 1187 3226 ad
1210 3181 1320 3240 annum
1343 3155 1396 3236 94,
1421 3177 1479 3240 quo
1503 3176 1583 3220 anno
1610 3155 1665 3222 tl.

300 3245 377 3327 apr.
401 3253 441 3308 st.
465 3267 492 3309 n.
520 3247 659 3310 Gratium
683 3248 750 3310 veni
773 3267 839 3310 cnm
863 3257 1033 3311 versaretur
1055 3249 1086 3324 ll
1108 3249 1138 3310 in
1162 3250 1261 3316 medio
1279 3248 1355 3314 coeli
1367 3267 1376 3323 ;
1406 3244 1445 3310 lt
1459 3255 1530 3328 post
1553 3246 1663 3310 diebus

303 3334 429 3486 i¹n4ipsn
460 3337 524 3412 dd
533 3339 557 3409 )
591 3337 621 3400 in
652 3333 764 3410 23⁰11
793 3336 884 3400 incidi
916 3337 946 3398 in
970 3337 1076 3400 febrim
1099 3337 1298 3418 Ungarieam,
1341 3356 1416 3418 quae
1441 3337 1563 3400 durarit
1585 3336 1665 3400 alios

370 3423 445 3485 dies.

390 3509 480 3573 Anno
495 3506 547 3584 90,
572 3529 637 3573 cnm
661 3519 745 3574 esset
766 3507 787 3590 li
811 3509 918 3578 tow
931 3509 1034 3591 40‘11
1056 3514 1181 3594 (quaere
1205 3513 1284 3576 diam
1306 3513 1398 3595 ipse),
1422 3511 1558 3592 graviter
1576 3513 1664 3594 coepi

303 3608 464 3681 aegrotare
488 3598 590 3661 dolore
621 3600 730 3681 capitis
761 3609 794 3662 et
814 3594 1058 3664 consternatione
1087 3603 1298 3668 membrorum.
1344 3600 1420 3668 Cum
1443 3597 1464 3678 5
1489 3600 1600 3673 iterum
1622 3601 1664 3664 ibi

303 3696 395 3764 osset,
419 3688 540 3752 scabies
563 3706 611 3750 me
634 3691 742 3752 tenuit

390 3777 482 3838 Anno
505 3772 558 3850 91,
583 3776 632 3838 dia
651 3776 782 3840 Veneris
805 3785 876 3858 post
898 3777 1016 3842 cineres
1040 3779 1150 3861 capitis
1173 3781 1260 3842 dolor
1283 3777 1446 3842 febriculae
1469 3777 1664 3842 acutissimae

302 3862 420 4018 initia&
430 3863 530 4030 Cgecit,
561 3883 636 3944 quae
668 3863 690 3930 8
720 3866 784 3928 dies
809 3865 930 3929 duravit
952 3875 984 3929 et
1006 3885 1053 3932 me
1084 3885 1162 3949 pene
1185 3867 1333 3932 enecavit.
1380 3865 1417 3930 Si
1441 3865 1518 3931 bens
1541 3867 1665 3930 memini

300 3951 362 4016 init
481 3960 516 4024 0¹·

392 4039 470 4104 Post
493 4041 584 4104 ferias
607 4041 765 4104 natalitias
787 4041 1005 4122 praecedentes
1035 4062 1053 4104 e
1082 4043 1195 4124 templo
1222 4063 1239 4108 c
1263 4041 1391 4126 lectione
1415 4043 1538 4108 veniens
1561 4043 1665 4106 inten-

305 4128 427 4194 sissimo
450 4129 562 4208 frigore
585 4129 693 4192 sudavi
717 4129 990 4197 vehementissime.
1036 4133 1171 4196 Fuerunt
1192 4151 1264 4213 ergo
1287 4131 1433 4214 reliquias
1455 4133 1562 4208 morbi,
1587 4153 1664 4215 quac

306 4219 519 4298 emperantia
542 4218 801 4293 Bacchanalibus,
834 4238 901 4282 cum
923 4221 1013 4300 paulo
1037 4229 1128 4284 antea
1151 4221 1310 4285 sisteretur
1333 4220 1469 4296 scabies,
1498 4229 1531 4284 et
1554 4241 1662 4286 acces·

305 4308 400 4370 sisset
422 4306 581 4370 commotio
605 4307 739 4387 corporis
763 4317 795 4370 et
817 4307 908 4370 animi
937 4327 991 4388 per
1014 4309 1212 4390 agitationem
1240 4309 1434 4384 comoediae,
1462 4310 1493 4372 in
1517 4329 1577 4392 qua
1591 4312 1663 4376 Ma·

305 4395 419 4460 sienem
442 4395 580 4475 agebam.
627 4397 660 4458 ln
689 4405 838 4477 quartana
864 4397 976 4478 stylum
1007 4416 1117 4461 novum
1147 4398 1292 4479 intellige.
1339 4397 1435 4462 Simul
1463 4397 1537 4462 illud
1564 4399 1660 4464 medi·
1750 4473 1758 4488 .

305 4503 425 4548 corum:
464 4483 596 4548 tertiana
628 4503 686 4548 uon
714 4493 883 4566 expurgata
915 4487 949 4546 fit
984 4496 1142 4566 quartana.
1189 4485 1290 4550 Semel
1320 4495 1410 4569 atque
1438 4486 1564 4568 iterum,
1597 4507 1662 4554 com

307 4573 403 4636 adbuc
427 4591 524 4636 essem
550 4571 667 4643 Gratii,
695 4574 778 4636 scusi
806 4591 1017 4655 paroxysmnm
1041 4583 1111 4638 ante
1134 4575 1306 4640 Michaelis.
1352 4575 1504 4656 Agitabar
1526 4579 1608 4642 curis
1632 4584 1663 4640 et

306 4660 474 4735 laboribus,
503 4662 542 4723 ad
570 4661 626 4723 iter
654 4680 699 4724 me
728 4680 859 4741 parans3
898 4663 926 4724 iu
954 4663 1062 4726 itinere
1093 4664 1248 4728 iracundia
1270 4665 1366 4730 effusa
1388 4683 1428 4726 ex
1450 4665 1660 4742 incidentibus,

308 4765 378 4842 esus
400 4750 590 4829 gerberornm
610 4750 777 4826 crudorum,
801 4749 900 4813 victur
923 4750 981 4814 imo
1004 4751 1192 4816 inordinatus
1216 4760 1249 4818 et
1269 4753 1468 4826 antecedente
1492 4765 1581 4818 nocto
1605 4757 1662 4819 iter
