3586 5518
284 229 347 298 144
537 297 540 304 .
794 227 907 294 llystsrii
926 231 1126 298 Cosmograpbicl

281 410 375 456 carum
388 394 473 465 plane
487 391 734 457 fundamentalem,
756 399 872 466 atquae
886 401 966 450 recta
979 396 1015 448 ad
1029 410 1127 450 causas
1142 394 1232 460 ducit;
1254 411 1314 450 cum
1334 403 1391 454 tam
1411 398 1449 454 sit
1462 398 1574 454 obvium
1586 399 1644 454 cui·

281 475 367 538 libet,
388 474 416 528 id
429 473 457 527 in
472 473 576 528 chorda
590 488 751 544 quacunque
766 480 900 539 extensa,
923 473 1002 544 cujus
1024 475 1145 546 spatium
1163 475 1319 546 subjectum
1334 477 1433 534 circino
1448 479 1532 534 dividi
1545 480 1645 551 possit,

281 553 397 624 simplici
412 552 599 624 applicatione
612 552 654 607 rei
673 554 767 616 durae,
790 560 823 606 ut
837 555 916 608 cultri
932 565 983 609 aut
997 557 1083 610 clasis
1103 557 1138 610 ad
1152 557 1290 621 chordam,
1309 574 1393 612 manu
1407 576 1464 614 una
1479 567 1510 614 ει
1530 578 1644 632 percus·
1682 603 1685 613 .

281 636 358 689 sione
377 633 497 702 partium
512 631 573 701 ejus
594 632 831 687 interstinctamm
849 649 910 688 cum
928 636 1034 704 plectro
1049 637 1077 690 in
1091 653 1174 690 manu
1191 636 1296 702 altera,
1319 639 1545 708 experimentari.
1588 642 1645 696 Ita·

282 733 334 786 que
350 729 454 767 summa
468 712 522 766 fuit
535 712 591 766 ista
605 712 724 766 felicitas
744 711 772 766 in
795 713 928 784 principio
953 715 1151 785 speculationis
1170 717 1296 772 tendenti
1313 721 1347 772 ad
1369 736 1437 789 opus
1457 719 1646 776 harmonicum

282 794 468 849 scribendum:
490 793 613 864 quamvis
630 801 695 846 tuno
709 793 817 863 quidem
831 795 948 848 nondum
968 795 993 848 id
1009 797 1098 850 auimo
1113 797 1325 852 destinaveram.
1356 799 1449 854 Causa
1468 808 1575 864 autem,
1598 818 1647 854 cur

282 883 388 944 septem
408 873 501 927 ordine
522 891 603 927 voces
627 889 713 944 usquo
735 875 769 926 ad
791 873 925 943 diapason
942 892 1001 929 cum
1015 875 1071 930 ima
1083 884 1214 947 suscepta
1234 887 1396 944 consonent,
1421 888 1466 934 est
1486 879 1554 945 ista,
1581 881 1647 952 quia

281 955 385 1009 chorda
399 953 503 1024 septies
517 951 674 1008 harmonice
689 953 771 1006 dividi
785 961 894 1023 potest;
917 954 1034 1028 singulis
1054 955 1124 1010 enim
1143 957 1175 1010 iis
1198 957 1306 1012 actibus
1322 959 1425 1030 singuli
1441 961 1647 1015 constituuntur

280 1037 350 1100 soni,
371 1041 554 1089 consonantes
569 1051 628 1087 cum
644 1050 710 1086 sono
725 1033 818 1088 totius.
848 1035 916 1087 Vide
932 1035 979 1088 lib.
996 1037 1043 1090 lll.
1059 1037 1155 1092 Harm.
1172 1054 1231 1108 cap.
1249 1037 1276 1092 2.
1347 1107 1349 1112 Ι

362 1127 385 1202 i)
413 1132 516 1186 Verum
529 1138 581 1196 est,
602 1130 626 1185 si
640 1133 770 1186 naturale
784 1131 811 1185 id
826 1132 909 1196 dicos,
933 1134 1004 1202 quod
1022 1135 1112 1203 prima
1132 1135 1228 1188 statim
1247 1136 1426 1205 coaptatione
1445 1137 1599 1194 sectionum
1619 1139 1647 1193 in

282 1214 341 1284 ipso
356 1211 435 1284 quasi
448 1211 568 1284 uestigio
583 1227 729 1266 causarum
742 1229 972 1284 praegressarum
990 1213 1107 1279 elicitur,
1129 1223 1161 1268 ut
1179 1214 1368 1286 distinguatur
1389 1216 1426 1270 ab
1448 1235 1490 1280 ec,
1515 1221 1588 1288 quod
1602 1235 1646 1272 oe-

282 1291 416 1348 eiindaria
429 1291 536 1346 ratione
551 1293 630 1346 velut
646 1291 828 1348 artificialiter
847 1299 877 1345 ει
897 1293 1050 1348 imitatione
1064 1301 1182 1350 naturae
1197 1295 1382 1350 constituitur.
1411 1297 1488 1352 Atei
1502 1316 1558 1354 nou
1574 1299 1646 1354 ordi·

282 1392 344 1428 nem
358 1379 443 1438 ortus,
460 1373 508 1426 sed
521 1371 727 1443 proportionem
740 1371 829 1442 ipsam
842 1372 983 1442 respicias,
998 1375 1142 1429 naturalia
1155 1382 1237 1452 emunt
1251 1383 1281 1429 et
1295 1375 1345 1430 illa
1358 1376 1508 1433 intervalla
1521 1379 1646 1444 dicenda
1737 1377 1741 1387 ’

282 1469 353 1526 quae
370 1452 564 1524 proportiones
585 1452 625 1506 sic
644 1459 709 1506 ante
734 1453 900 1506 constitutas
925 1452 1078 1508 imitatione
1102 1461 1220 1508 naturae
1241 1455 1402 1525 suscipiunt
1433 1456 1471 1510 Ut
1489 1458 1517 1512 in
1531 1460 1648 1529 sequela

283 1551 378 1588 vocum
392 1551 431 1598 re,
447 1533 491 1597 mi,
507 1533 544 1596 fa,
561 1533 611 1596 sol,
627 1533 657 1585 la
670 1533 800 1588 naturale
816 1539 859 1586 est
873 1533 1064 1600 intervallum,
1085 1534 1127 1597 ia,
1143 1536 1197 1602 sol,
1214 1541 1295 1589 tonus
1310 1535 1399 1604 major
1413 1535 1519 1602 diotus;
1542 1539 1646 1610 quippe

282 1614 408 1685 primitus
424 1612 614 1677 constituitur,
638 1614 747 1683 quaudo
766 1613 945 1667 intervallum
962 1632 1006 1678 re,
1026 1615 1069 1679 fa,
1092 1615 1182 1668 adhuc
1195 1617 1314 1670 noudum
1328 1622 1372 1670 est
1386 1615 1517 1672 divisum:
1543 1618 1567 1672 si
1586 1619 1647 1688 jam

282 1695 367 1748 etiam
381 1693 454 1748 inter
474 1710 517 1757 re,
542 1692 571 1746 ia
589 1692 751 1764 designetur
770 1709 826 1747 von
849 1693 897 1757 mi,
910 1693 973 1748 'tali
997 1695 1175 1764 proportione
1190 1695 1309 1749 chordae
1329 1695 1377 1760 mi,
1403 1697 1437 1750 ad
1459 1698 1591 1752 chordam
1605 1716 1644 1763 re,

283 1774 359 1846 quali
374 1780 418 1828 εει
432 1774 473 1828 sol
489 1775 523 1827 ad
539 1773 576 1837 ia,
597 1779 663 1826 tunc
677 1773 782 1842 etipsa
795 1790 851 1826 son
866 1773 901 1826 mi
916 1774 1052 1828 naturalis
1067 1773 1165 1829 haberi
1178 1777 1270 1830 debet.
1300 1776 1378 1840 Quod
1393 1793 1457 1830 vero
1472 1795 1588 1833 causam
1602 1780 1647 1832 hic

283 1853 388 1909 reddidi
402 1853 593 1917 distinctionis,
610 1852 688 1922 quasi
703 1853 740 1918 fa,
756 1854 798 1906 sol
812 1853 938 1908 habeant
950 1853 1121 1909 indubitatos
1135 1873 1276 1920 numeros,
1299 1855 1334 1910 mi
1354 1873 1419 1910 sero
1445 1875 1500 1912 non
1513 1857 1596 1914 item:
1621 1858 1649 1912 id

285 1936 491 1988 condonandum
514 1939 558 1986 est
581 1932 715 2004 tyrocinio
739 1939 805 1986 tuno
824 1933 923 2003 posito.
952 1935 1023 1989 Nam
1046 1935 1094 1989 lib.
1114 1936 1154 1989 lll
1174 1937 1305 1990 Harmon.
1330 1953 1391 2006 cap.
1415 1935 1432 1990 5
1453 1945 1483 1992 et
1507 1939 1523 1990 'l
1546 1955 1647 1993 causas

285 2015 403 2085 optimas
419 2013 527 2077 tradidi,
543 2013 640 2084 quibus
656 2013 739 2066 etiam
749 2030 816 2066 sono
826 2013 862 2067 mi
877 2019 907 2068 et
922 2014 1055 2069 similibus
1071 2033 1136 2070 suus
1151 2015 1321 2070 indubitatus
1332 2033 1460 2071 numerus
1476 2018 1647 2091 assignatur.

363 2107 397 2182 k)
412 2113 472 2166 Hoc
485 2127 581 2166 rerum
595 2115 646 2175 est,
662 2110 685 2164 si
698 2110 827 2181 utrinque
842 2112 929 2166 selles
943 2113 1098 2182 perfectum
1111 2114 1241 2184 diapente
1256 2114 1433 2170 constituere.
1462 2111 1558 2186 Atqui,
1575 2118 1648 2188 quod

286 2199 352 2248 tunc
365 2192 542 2264 ignorabam,
564 2206 630 2260 pars
651 2208 706 2245 non
720 2190 888 2246 minimaest
910 2192 1072 2263 disciplinae
1098 2195 1131 2248 de
1151 2193 1335 2248 consonantiis
1360 2194 1539 2260 adulterinis,
1565 2213 1648 2266 qutun

286 2271 386 2327 tradidi
401 2271 448 2325 lib.
464 2272 503 2326 111
517 2272 648 2326 Hermon.
665 2288 726 2341 cap.
744 2271 789 2326 12.

365 2346 390 2421 l)
412 2353 456 2405 lta
473 2351 578 2405 usitate
597 2351 792 2422 appellantur;
817 2357 925 2406 veteres
950 2369 985 2406 ue
1007 2369 1058 2422 pro
1078 2353 1264 2408 consonantiis
1279 2354 1387 2424 quidem
1405 2356 1574 2411 habuerunt.
1617 2357 1649 2410 In

284 2450 344 2488 meo
360 2448 443 2502 opere
457 2430 645 2496 Harmonices,
667 2431 715 2486 lib.
731 2433 780 2488 Ill.
797 2449 857 2502 cap.
875 2431 919 2496 16,
941 2451 992 2487 neo
1006 2433 1094 2488 minus
1114 2440 1144 2488 et
1164 2450 1226 2503 cap.
1245 2436 1258 2488 l
1280 2441 1310 2488 et
1328 2435 1348 2488 4
1368 2435 1432 2489 libri
1447 2436 1486 2490 ΙΙΙ
1498 2442 1529 2490 ει
1542 2434 1649 2506 passim

248 2535 252 2544 ¹
285 2512 371 2568 etiam
384 2511 561 2583 imperfectas
583 2512 740 2582 appellaui,
766 2513 815 2566 sed
835 2529 891 2566 vox
912 2513 969 2568 ista
989 2530 1044 2567 non
1062 2530 1151 2584 aeque
1165 2515 1245 2568 salet
1258 2515 1442 2570 adulterinae.
1471 2515 1563 2569 Deest
1576 2514 1648 2570 enim

285 2592 460 2648 adulterinae
474 2591 612 2646 minimum
626 2591 743 2662 aliquid,
768 2609 821 2662 quo
840 2591 928 2646 miuus
943 2593 981 2647 sit
992 2593 1079 2662 plena
1097 2595 1294 2656 consonantia;
1315 2595 1385 2648 nihil
1403 2597 1483 2649 deest
1501 2595 1605 2650 tertiae
1620 2603 1650 2649 ει

285 2681 386 2728 sextae
400 2671 557 2743 legitimae,
579 2672 735 2743 quominus
750 2671 823 2726 inter
837 2674 1031 2728 consonantias
1050 2675 1218 2731 referantur.
1246 2675 1345 2745 ltaque
1364 2675 1548 2730 distinctionis
1563 2691 1650 2730 causa

285 2759 413 2824 praestat
427 2751 525 2806 tertias
540 2759 570 2806 et
584 2759 681 2807 sextas
696 2753 813 2807 minores
834 2752 925 2808 dicere
944 2755 1151 2819 consonantias,
1174 2754 1254 2825 idque
1275 2772 1330 2809 non
1349 2755 1516 2826 quantitatis
1539 2762 1649 2810 tantum

287 2839 429 2904 respectu,
454 2835 501 2886 sed
525 2833 611 2888 etiam
633 2833 745 2904 speciei.

364 2907 404 2983 m)
426 2914 506 2968 Hunc
521 2930 575 2985 ego
589 2929 703 2968 nervum
717 2913 874 2984 argumenti
893 2921 959 2970 tunc
972 2912 1111 2968 constitui.
1139 2913 1279 2967 Dividitur
1297 2914 1425 2968 zodiacus
1445 2915 1473 2969 in
1492 2923 1591 2986 partes
1614 2915 1648 2971 12

285 2999 315 3048 ει
331 2995 403 3057 120;
425 2993 555 3048 dividitur
569 3001 598 3048 ει
613 2995 716 3047 chorda
730 2993 756 3048 in
778 2993 893 3048 totidem
911 2993 1082 3048 harmonice:
1106 3009 1174 3063 orgo
1189 2994 1294 3048 numeri
1307 2994 1337 3048 hi
1351 3002 1416 3048 sunt
1430 2996 1505 3064 apud
1519 3003 1650 3052 naturam

285 3075 314 3129 in
327 3074 425 3144 pretio.
446 3077 486 3126 At
499 3091 559 3128 cum
574 3074 679 3128 zodiaci
693 3073 789 3127 divisio
804 3074 873 3128 sita
887 3074 1006 3145 quinque
1020 3073 1180 3143 corporibus
1195 3069 1251 3142 (uti
1265 3080 1330 3128 turm
1344 3072 1562 3144 existimabam),
1578 3077 1650 3131 seri-

286 3155 387 3218 simile,
409 3154 526 3209 indidem
540 3161 570 3208 ει
584 3155 703 3208 chordae
719 3153 879 3208 divisionem
900 3171 975 3218 essa,
998 3159 1028 3206 et
1046 3154 1085 3208 sic
1104 3153 1222 3225 quinque
1240 3153 1304 3208 illas
1318 3155 1424 3226 figuras
1438 3156 1525 3212 ctiam
1539 3158 1650 3212 harmo-

286 3234 393 3288 niarum
407 3235 482 3288 ideas
498 3251 574 3298 esse,
597 3241 662 3293 tunc
681 3234 789 3306 quidem
808 3235 887 3305 sequi
899 3233 1055 3289 videbatur.
1084 3233 1138 3287 Sed
1152 3250 1225 3288 nunc
1238 3253 1276 3288 ex
1290 3252 1373 3304 opere
1388 3236 1547 3291 harmonico
1562 3237 1651 3294 lector

286 3331 386 3368 causas
401 3313 619 3369 harmonicorum
633 3315 770 3386 genuinas
784 3321 880 3384 petat:
901 3321 966 3368 sunt
984 3313 1056 3368 enirn
1069 3331 1125 3368 non
1138 3315 1190 3369 illa
1204 3313 1323 3386 quinque
1338 3332 1455 3385 corpora
1467 3318 1649 3388 geometrica,

287 3396 334 3448 sed
358 3393 452 3465 potius
476 3395 584 3466 figurae
607 3395 711 3466 planae
734 3395 762 3448 in
786 3395 917 3450 circulum
940 3393 1088 3464 inscriptae
1112 3393 1160 3450 doc.

365 3467 399 3542 n)
420 3475 573 3530 Jucundum
588 3481 644 3540 est,
666 3475 768 3546 primos
782 3474 971 3530 inventionum
985 3481 1100 3528 conatus
1115 3475 1201 3529 etiam
1215 3477 1467 3532 errantes‘intueri.
1495 3477 1571 3532 Ecce
1586 3496 1650 3534 cau·

287 3571 334 3610 sas
348 3553 485 3627 genuinas
500 3559 530 3608 et
551 3555 745 3627 archetypicas
766 3555 1035 3618 concordantiam,
1060 3571 1128 3624 quas
1150 3555 1276 3608 manibus
1297 3559 1457 3624 versabam,
1482 3561 1650 3623 ooecutiens,

286 3637 366 3690 velut
380 3635 523 3698 absentes,
545 3636 628 3690 anxie
648 3635 780 3706 quaesivi.
809 3636 930 3707 Figurae
943 3635 1047 3705 planae
1063 3642 1127 3690 sunt
1141 3652 1243 3690 causae
1258 3636 1513 3692 concordantiamm
1528 3656 1559 3694 se
1574 3640 1651 3710 ipsis,

287 3732 340 3769 nou
355 3723 491 3786 quatenus
513 3717 583 3770 liunt
600 3717 750 3770 solidarum
762 3717 914 3787 figurarum
928 3713 1094 3785 superficies.
1122 3717 1238 3770 lbustra
1256 3719 1292 3770 ad
1312 3717 1403 3771 solida
1415 3720 1529 3788 respexi
1544 3720 1574 3774 in
1588 3737 1651 3774 con·

288 3794 434 3850 stituendis
457 3795 620 3850 harmonicis
642 3803 765 3850 motuum
786 3795 1020 3867 proportionibus.
1090 3837 1097 3844 .

367 3869 397 3945 o)
418 3875 504 3945 Atqui
519 3891 619 3930 causas
630 3876 691 3946 jam
705 3875 859 3932 nominatas
880 3875 969 3940 vides,
991 3875 1097 3946 figuras
1115 3876 1232 3945 planas:
1257 3875 1335 3946 atqui
1355 3894 1410 3931 non
1429 3878 1575 3947 cognatio,
1597 3897 1652 3933 non

288 3954 529 4027 consanguinitas,
553 3957 602 4009 sed
624 3958 699 4010 nuda
720 3956 842 4011 affinitas
863 3963 913 4010 est.
943 3955 1063 4027 Figurae
1085 3955 1156 4010 enim
1176 3956 1279 4026 planae
1298 3974 1337 4010 ex
1354 3973 1411 4010 una
1427 3963 1511 4026 parte
1526 3959 1653 4014 dividunt

287 4036 417 4090 circulum
435 4035 610 4106 harmonice,
630 4055 667 4092 ex
686 4037 779 4092 altera
796 4043 878 4107 parte
901 4042 1058 4108 congruunt
1076 4036 1103 4089 in
1123 4037 1228 4106 figuras
1248 4036 1367 4108 quinque
1387 4037 1500 4092 solidas.
1528 4039 1609 4111 Ergo
1623 4045 1653 4092 et

287 4115 446 4170 harmonica
469 4116 562 4170 circuli
587 4117 683 4170 divisio
707 4123 736 4170 et
759 4117 877 4188 quinque
900 4117 1008 4188 figurae
1031 4115 1059 4170 iu
1084 4133 1139 4171 uno
1167 4116 1264 4181 tertio,
1288 4117 1316 4170 in
1344 4116 1440 4189 liguris
1471 4117 1529 4174 scil.
1558 4119 1652 4189 planis

289 4197 464 4252 conveniunt.
919 4189 928 4207 '

367 4271 401 4348 p)
421 4277 497 4331 Nota
511 4277 563 4330 hoc
576 4277 727 4349 diligenter
741 4282 771 4330 et
788 4283 923 4347 cognos'ce
937 4276 985 4330 vel
997 4277 1049 4330 boc
1062 4293 1117 4330 uno
1131 4276 1260 4346 exemplo
1275 4275 1329 4330 vim
1342 4276 1461 4331 aliarum
1474 4277 1651 4334 fortuitarum

288 4357 475 4412 collusionum.
513 4357 626 4426 Septem
644 4357 899 4411 concordantiamm
922 4357 1039 4420 formas,
1064 4373 1115 4410 seu
1137 4362 1252 4426 septem
1268 4357 1403 4412 sectiones
1427 4358 1603 4428 harmonicas
1623 4359 1651 4413 in

287 4438 425 4509 prioribus
441 4440 475 4492 ad
496 4437 651 4508 quinarium
668 4437 824 4509 redegimus
845 4442 1007 4507 utcumque,
1030 4442 1062 4490 ut
1084 4435 1166 4490 binae
1190 4454 1298 4506 semper
1321 4437 1501 4507 imperfectae
1523 4456 1577 4511 pro
1595 4457 1653 4494 una

289 4525 474 4573 censerentur.
504 4518 651 4580 Quinarius
667 4517 719 4571 istc
733 4517 762 4570 in
775 4518 828 4569 duo
844 4516 904 4571 abit
916 4521 1053 4582 membra,
1073 4523 1106 4597 ut
1118 4517 1183 4571 binc
1196 4523 1273 4571 stent
1285 4523 1356 4583 tres,
1375 4518 1438 4572 inde
1453 4520 1536 4575 duae.
1563 4519 1652 4592 Atqui

288 4604 318 4651 et
332 4598 471 4669 quinarius
486 4613 629 4667 corporum
644 4615 681 4650 ex
694 4613 751 4650 una
764 4603 846 4666 parte
860 4597 915 4650 tria
928 4597 1023 4660 habet,
1039 4615 1076 4652 ex
1091 4598 1182 4652 altera
1196 4599 1264 4652 duo:
1278 4615 1368 4669 neque
1383 4605 1477 4652 tamen
1491 4599 1547 4654 illis
1562 4601 1650 4654 tribus

289 4684 334 4732 εει
347 4679 478 4750 cognatio
493 4694 554 4732 cum
567 4677 610 4730 bis
626 4677 723 4742 tribus,
741 4694 792 4731 nec
806 4675 873 4730 illae
887 4678 958 4731 duae
972 4679 1140 4746 respondent
1152 4677 1196 4734 his
1211 4679 1326 4734 duobus.
1354 4677 1426 4734 Nam
1440 4680 1511 4734 duae
1526 4681 1649 4752 duplices

290 4755 512 4826 imperfectamm
525 4757 781 4812 concordantiarum
794 4758 899 4812 formae
914 4757 1114 4814 communicant
1127 4759 1296 4828 decangulo,
1322 4761 1394 4832 quod
1417 4765 1462 4814 εει
1483 4759 1529 4815 bio
1548 4776 1649 4834 cogna-
