3698 5516
294 258 360 331 254
840 258 965 326 tum
981 257 1105 322 lustret·

221 445 223 452 ·
295 419 398 483 Solem
421 417 555 497 proxime
569 434 659 495 super
672 416 790 478 Lunam
804 415 935 480 intimam
949 415 1116 492 collocarit,
1129 414 1220 496 idque
1235 415 1275 481 ah
1288 431 1324 476 ao
1339 419 1374 476 ut
1387 411 1658 488 ceteuaAristotpp

295 509 341 570 les
363 505 508 569 hauserit.
555 505 621 566 Hoc
635 511 727 584 pacto
750 504 915 568 siechema
934 505 1070 585 superius
1089 505 1143 567 liat
1165 504 1284 572 theoria
1297 501 1390 576 Solis,
1414 499 1549 574 manebit
1570 501 1662 581 primi

296 596 399 660 circuli
423 593 495 656 [LK
518 593 595 656 situs
619 604 652 654 et
674 600 781 668 motus,
807 595 955 656 secundus
969 591 1061 664 NOQ
1079 602 1162 658 motu
1183 592 1301 662 carebit
1323 593 1396 660 lere.
1443 588 1564 662 Tertius
1577 587 1662 652 Rsu

296 685 397 749 Solem
421 683 512 746 vehet
535 689 567 742 et
590 700 688 745 annuo
711 683 812 761 spatio
836 684 874 744 ad
898 683 978 745 idem
997 682 1086 763 primi
1113 682 1163 744 uel
1182 679 1298 750 zodiaci
1312 687 1456 760 punctum
1469 678 1660 750 restituetur.

384 771 530 844 Quamvis
564 789 624 835 uon
651 771 823 851 negauerim
855 771 918 834 lieri
941 771 1091 852 potuisse,
1123 778 1158 832 ut
1184 789 1251 836 oum
1273 770 1419 838 Emeum
1445 767 1478 842 iu
1504 765 1578 835 Sole
1604 767 1661 831 de-

297 863 425 926 linearet
452 860 585 923 eolumm
614 859 829 936 solstitiorum,
859 861 970 942 inquo
1000 859 1224 926 demonstraret
1251 859 1414 936 maximam
1437 856 1500 934 ejus
1523 855 1662 929 declina-

294 953 417 1026 tionem,
447 948 633 1012 Aristoteles
657 965 725 1010 eum
749 950 881 1012 colurum
898 967 953 1030 pro
977 949 1108 1028 sphaera
1123 947 1226 1014 mobili
1245 955 1393 1024 censeret,
1441 943 1504 1014 ssu
1520 963 1576 1022 noo
1594 962 1665 1016 em

296 1040 499 1120 conjecturam
522 1037 693 1116 rejicerem,
724 1055 811 1117 quarn
834 1036 1023 1100 Fracastorii
1049 1036 1142 1100 verba
1165 1035 1376 1120 suppeditant,
1398 1049 1464 1104 oum
1488 1031 1549 1106 ait:
1583 1031 1665 1108 „Sol

297 1148 368 1192 vero
392 1127 422 1191 in
446 1125 579 1189 maxima
604 1145 660 1189 sua
683 1125 883 1192 declinatione
907 1125 1067 1188 videbatur
1080 1145 1157 1187 nune
1171 1127 1270 1205 magio
1294 1123 1335 1194 eh
1347 1129 1512 1203 tttlssfllffl
1535 1119 1664 1198 ditum.

296 1236 374 1279 nuno
396 1216 526 1278 minus.“
571 1213 725 1276 Eudoxus*
744 1217 847 1295 itaque
870 1235 924 1277 seu
947 1213 1192 1280 observationum
1215 1212 1424 1282 claritatum
1450 1209 1525 1283 uitio
1549 1217 1587 1284 tl
1604 1227 1663 1291 Vt·

296 1305 418 1379 rietate,
442 1323 495 1366 sen
520 1310 655 1366 veterum
679 1304 716 1365 de
740 1301 919 1384 obliquitate
941 1303 1057 1366 zodiaci
1080 1302 1294 1366 traditionibus
1318 1305 1422 1376 (erant
1436 1300 1514 1368 eninr
1529 1297 1663 1378 diligen-

297 1405 345 1457 tee
377 1395 408 1455 in
440 1393 497 1455 hoc
529 1390 705 1472 inquirendo
734 1401 858 1472 propter
888 1391 1104 1474 Olympiadum
1136 1392 1238 1467 initia)
1269 1406 1336 1457 oum
1364 1408 1420 1458 otto
1449 1385 1665 1461 obtttvttiffle

298 1483 431 1557 collatis,
466 1499 518 1543 seu
542 1479 689 1559 suspicari
722 1499 775 1544 seu
803 1500 873 1542 vere
904 1480 1126 1561 deprehendere
1159 1482 1259 1561 putruit
1286 1477 1495 1550 diversitatem
1528 1475 1667 1556 aliquam

299 1569 509 1634 declinationis
534 1567 721 1643 solstitialia,
751 1569 798 1632 oni
823 1570 997 1631 efficiendae
1018 1567 1121 1634 Solem
1150 1570 1181 1634 iu
1211 1567 1381 1636 latitudinis
1409 1564 1521 1634 circulo
1546 1563 1666 1627 eonsti-

298 1659 415 1722 tuebat.
462 1659 509 1718 De
532 1656 659 1737 iphito
683 1657 803 1738 quidem
827 1658 992 1720 communis
1016 1664 1066 1718 est
1094 1660 1195 1735 fama,
1224 1652 1537 1726 committititur
1560 1660 1666 1726 W·

298 1747 446 1810 uomicam
469 1745 722 1808 instituendarum
744 1744 967 1828 Olympiadum.
987 1741 1028 1822 ¹¹)
1075 1747 1117 1810 Et
1131 1748 1200 1827 ipsa
1214 1749 1311 1813 forma
1328 1741 1666 1818 animositates

299 1845 401 1899 notam
435 1834 528 1898 luisse
553 1834 652 1913 iphito
675 1835 825 1898 rationem
848 1834 972 1898 solstitii
1002 1835 1136 1918 adeoque
1159 1833 1374 1900 declinationis
1397 1830 1549 1905 motiano
1569 1828 1666 1905 ¹Solio

299 1932 334 1988 ut
357 1925 406 2008 qui
429 1941 540 1986 annum
563 1923 601 1983 ab
626 1942 661 1984 eo
684 1923 848 2003 plenilunio
871 1923 1045 2003 incipiebat,
1072 1925 1150 2006 quod
1165 1925 1301 2006 proxime
1323 1919 1487 1992 solstitium
1512 1919 1665 1999 aqueta-

299 2023 358 2076 tur.
405 2011 455 2074 Ab
484 2029 519 2074 eo
543 2029 613 2072 vero
638 2013 677 2074 ad
700 2011 858 2076 Eudoxum
878 2020 952 2077 sunt
975 2012 1044 2074 anni
1067 2011 1144 2078 400.
1191 2014 1271 2074 Vide
1295 2010 1391 2078 etiam
1411 2025 1487 2087 quae
1511 2006 1668 2086 saprade

300 2100 438 2176 Thalete,
463 2099 513 2180 qui
536 2099 653 2161 medius
676 2101 733 2161 fuit
756 2101 834 2162 inter
857 2100 990 2180 Iphitum
1013 2109 1045 2163 et
1067 2102 1239 2178 Eudoxum,
1263 2101 1339 2166 item
1362 2095 1492 2179 detine
1515 2095 1668 2176 antiquit·

300 2189 377 2252 simo
400 2207 439 2252 ex
461 2187 586 2251 Laenio
610 2187 779 2256 retulimus.

389 2277 607 2353 „Planetarum
630 2295 701 2340 vero
724 2277 851 2342 aliomm
874 2276 1017 2355 cujusque
1040 2273 1108 2342 rnt
1125 2270 1535 2358 sponaui'quarumprirue
1559 2277 1592 2332 et
1612 2289 1668 2340 so·

301 2365 401 2430 cunda
423 2365 530 2432 eadem
553 2371 615 2434 est,
644 2384 721 2445 qnae
744 2375 776 2429 et
799 2366 959 2438 inerrans,
985 2365 1085 2430 serene
1108 2383 1229 2440 omnes,
1259 2373 1292 2429 et
1314 2380 1392 2444 quae
1420 2360 1475 2432 tub
1500 2379 1537 2432 ta
1565 2358 1671 2439 potiit

301 2462 352 2518 est
383 2471 460 2535 quae
493 2471 548 2532 per
571 2453 700 2518 medium
722 2453 839 2518 zodiaci
863 2459 977 2525 motum
1000 2453 1107 2529 hebet,
1138 2471 1323 2525 communem
1346 2448 1523 2524 omnibu⁵‚“
1554 2445 1671 2521 hubert

301 2561 404 2606 omres
426 2542 568 2621 planetae
591 2561 681 2614 unum
705 2543 817 2617 orbem,
842 2541 892 2622 qui
915 2541 1077 2622 sphaeram
1099 2543 1297 2606 inerrantium
1321 2540 1353 2604 in
1367 2543 1451 2602 motu
1473 2536 1587 2618 etsitu
1611 2536 1669 2601 oh·

300 2639 423 2696 seruet:
452 2629 545 2693 alium
575 2630 663 2706 item,
694 2631 744 2712 qui
774 2631 829 2695 sub
858 2630 983 2696 zodiaco
1006 2639 1144 2696 mouetur
1177 2633 1207 2694 in
1231 2627 1415 2698 contrarium
1442 2625 1539 2704 Primo
1569 2632 1602 2688 δὲ
1632 2644 1670 2688 0¹

303 2721 435 2803 obliquo.
483 2721 514 2782 le
534 2718 592 2782 luit
615 2739 707 2800 supra
726 2717 824 2795 NOQ,
850 2738 940 2800 super
963 2719 1041 2798 polis
1064 2718 1108 2795 N,
1133 2718 1161 2785 0
1184 2721 1338 2790 incedens.
1385 2713 1447 2786 Sed.
1471 2713 1520 2776 hit
1538 2715 1602 2778 alit
1621 2713 1670 2794 ip-
