3586 5518
286 245 332 320 00
594 326 598 331 ,
885 249 1046 310 marm

287 419 446 494 mantare
464 411 565 494 potnit
587 411 757 494 egregium,
787 413 813 476 si
835 431 999 478 concursus
1022 413 1224 495 planetarum,
1250 434 1315 480 rem
1336 435 1404 480 cum
1421 417 1490 482 risa
1512 417 1651 484 adm

236 595 239 600 A
286 503 374 567 bilem
399 501 539 578 maxime,
564 509 626 564 tum
650 501 758 564 effectu
781 503 1076 582 praestantissimam
1100 504 1130 566 in
1153 504 1398 570 natura‘omisit.

375 589 437 654 Sed
457 591 538 654 aliud
562 590 654 654 etiam
678 598 743 666 est,
772 591 850 672 quod
881 590 912 653 in
935 611 991 655 sua
1013 593 1154 656 machina
1177 591 1337 658 Cardenus
1362 595 1483 658 laudat:
1518 615 1651 676 ‚squam-

286 699 412 762 „quam,
436 679 548 760 inquit,
578 698 673 760 oeque
697 679 951 762 ponderansque
975 683 1061 746 funes
1086 683 1197 745 artifex
1221 691 1325 746 noster
1347 683 1538 746 miscuerit.“
1583 685 1652 746 Hoc
1723 719 1726 722 ·

280 771 346 849 jean
370 768 459 832 hodie
482 769 555 832 nihil
578 769 699 841 mirum,
724 787 820 849 neque
845 788 902 848 ego
927 769 1085 850 quicquam
1103 771 1207 834 horum
1221 772 1363 848 meditor,
1408 773 1520 834 Verurn
1536 773 1650 836 audia-

284 877 349 922 mus
379 855 550 922 deanum
580 859 706 920 formam
734 875 807 920 suae
843 860 992 937 sphaerae
1024 860 1143 941 penitus
1175 860 1420 939 patefacientem.
1473 861 1551 934 Ait,
1582 863 1651 937 „sic

284 955 420 1028 „aptant
444 955 478 1010 ut
501 967 548 1024 ea,
571 947 678 1028 quibus
703 953 800 1010 motus
824 947 1061 1022 administratur,
1086 949 1167 1011 intus
1191 949 1323 1011 lateant:
1353 950 1410 1030 ipsi
1430 968 1502 1012 vero
1525 969 1651 1014 errones

284 1056 323 1113 „e
346 1036 459 1102 tabulis
483 1055 550 1100 cum
579 1036 757 1116 quibusdam
780 1035 900 1098 circulis
914 1037 1118 1116 prominentes
1141 1037 1254 1119 absque
1278 1036 1490 1118 impedimento
1515 1039 1650 1120 spectari

283 1124 455 1210 „possiut.“
485 1124 552 1196 Quo
575 1125 664 1186 modo
687 1124 788 1188 nescio
812 1144 849 1186 an
874 1125 1011 1188 obtineat
1035 1126 1064 1188 in
1088 1145 1145 1188 sua
1168 1127 1309 1207 sphaera,
1339 1129 1418 1207 quod
1442 1127 1513 1190 mihi
1538 1147 1647 1190 neces-

283 1215 394 1278 sarium
423 1215 551 1286 omisso,
590 1213 718 1276 maxime
756 1233 803 1275 me
840 1222 946 1290 vexat,
991 1215 1104 1277 indices
1142 1214 1259 1276 scilicet
1292 1234 1348 1294 per
1386 1216 1498 1296 gradus
1531 1215 1649 1280 zodiaci

282 1313 447 1370 curreutes.
492 1303 572 1366 Nam
596 1303 655 1366 etsi
679 1311 839 1382 separatas
864 1303 949 1364 uobis
972 1303 1121 1384 proponit¹
1137 1304 1268 1367 tabellas
1289 1303 1424 1384 singulas
1443 1323 1499 1384 pro
1513 1305 1648 1384 planetis

260 1392 426 1474 ¹singulis,
451 1392 635 1472 totidemque
659 1391 814 1466 zodiacos;
838 1410 933 1472 neque
957 1393 985 1454 in
1011 1412 1046 1454 eo
1071 1400 1152 1454 metu
1176 1401 1238 1467 est,
1273 1392 1470 1472 impedituros
1494 1413 1527 1456 se
1542 1403 1649 1456 mutuo

281 1482 396 1546 iudices
419 1481 449 1543 in
474 1489 575 1544 mutuo
600 1498 741 1543 occursu:
768 1489 868 1542 tamen
893 1499 1017 1543 necesse
1042 1488 1105 1555 est,
1129 1491 1235 1543 centra
1258 1481 1459 1556 aodiaoorum,
1485 1481 1514 1543 in
1539 1483 1649 1562 quibus

166 1634 170 1642 ,
283 1571 366 1652 affigi
389 1569 500 1632 debent
523 1569 652 1643 indices,
682 1588 750 1632 esse
775 1589 842 1632 cum
865 1569 976 1632 circulo
1003 1570 1146 1650 planetae
1170 1569 1303 1632 mobilia
1351 1569 1441 1656 Quod
1468 1572 1547 1635 enim
1570 1571 1650 1634 dicit

283 1659 456 1734 Cardenus,
482 1659 574 1722 certis
598 1658 774 1738 quibusdam
798 1658 918 1722 circulis
943 1678 1065 1722 errones
1087 1659 1270 1740 prominere,
1299 1658 1330 1721 id
1354 1659 1527 1722 necessario
1550 1659 1648 1722 intel-

283 1750 387 1830 ligitur
414 1749 452 1810 de
484 1746 584 1828 planis
614 1747 818 1810 circularibus.
864 1747 946 1827 Ergo
977 1747 1092 1810 iudices
1121 1747 1150 1810 in
1172 1749 1264 1827 plano
1287 1747 1439 1823 circulari,
1474 1747 1648 1829 quodcum

282 1839 408 1919 planeta
434 1835 542 1900 mobile
567 1845 631 1912 est,
666 1836 749 1899 affixi
773 1855 831 1898 non
854 1837 1028 1916 pendebunt
1052 1844 1229 1900 constanter
1252 1855 1290 1900 ex
1312 1843 1415 1900 centro
1438 1837 1556 1912 mundi,
1586 1837 1648 1900 nisi

282 1928 397 1991 tabella
425 1925 580 1988 circularis
604 1927 746 2006 planetae
770 1925 939 2008 aequaliter
966 1935 1123 1989 moveatur
1153 1925 1233 1988 circa
1256 1926 1345 1988 idem.
1392 1925 1455 1989 Sed
1486 1925 1569 1988 hisce
1593 1924 1647 1990 ule

282 2035 397 2097 cunque
420 2015 535 2078 occurri
559 2015 690 2077 fortusse
713 2020 833 2095 potest,
864 2015 904 2076 ad
931 2015 1084 2078 minimum
1115 2021 1216 2076 tamen
1239 2013 1354 2077 iudices
1383 2021 1507 2096 propter
1529 2021 1648 2078 motum

282 2103 450 2170 latitudiuis
479 2103 633 2166 zodiacum
667 2103 807 2168 deserent
835 2103 864 2172 in
893 2103 988 2168 latum
1012 2110 1170 2178 exeuntes,
1202 2104 1301 2166 etsie
1329 2103 1404 2166 fient
1429 2097 1646 2184 propemodum

281 2193 417 2269 inutiles,
450 2210 517 2256 cum
541 2192 639 2270 officio
662 2211 717 2255 suo
744 2192 898 2276 indicandi
922 2193 1034 2272 gradus
1061 2188 1178 2256 'zodiaci
1205 2191 1325 2256 minirne
1344 2193 1517 2274 iungantur.
1566 2189 1647 2256 Gre-

282 2282 408 2346 diderim
432 2301 488 2362 rgo
512 2301 570 2344 non
596 2281 748 2344 adhibitos
771 2281 900 2357 indices,
924 2283 979 2344 sed
997 2289 1183 2344 monstrasse
1209 2301 1242 2344 se
1265 2281 1504 2362 ipsosplanetas
1528 2281 1557 2344 iu
1582 2280 1648 2344 suis

281 2371 415 2438 zodiacis
437 2371 612 2434 immediate
636 2371 694 2434 sibi
724 2369 935 2452 suprapositis.
982 2367 1050 2442 Quo
1081 2370 1178 2432 miuus
1207 2389 1256 2432 me
1283 2388 1394 2451 angere
1424 2370 1532 2443 debet,
1566 2370 1646 2452 quod

281 2469 313 2524 et
336 2479 392 2541 ego
415 2461 445 2524 in
469 2460 607 2522 machina
631 2461 720 2539 louge
744 2458 905 2522 difficiliori
928 2477 1017 2522 careo
1041 2458 1198 2521 indicibusr
1244 2456 1306 2521 Sed
1329 2458 1438 2538 pedem
1455 2460 1647 2540 proferamus

282 2551 320 2612 ad
345 2549 498 2630 egregium
523 2547 655 2612 (lardani
679 2547 894 2612 testimonium.

370 2637 439 2714 „Ex
462 2656 534 2719 quo,
560 2637 670 2719 inquit,
694 2637 887 2700 manifestum
911 2644 972 2710 est,
997 2636 1152 2718 antiquam
1166 2642 1348 2698 structuram
1365 2636 1455 2715 longe
1469 2636 1526 2700 bac
1540 2645 1648 2700 nostra

282 2727 482 2803 „nobiliorem
512 2745 579 2790 esse
604 2749 640 2790 ac
667 2726 881 2807 pulchriorem,
910 2734 1044 2788 nostram
1073 2744 1145 2788 vero
1175 2723 1423 2788 diuturniorem.“
1468 2723 1565 2807 Atqui
1589 2743 1647 2806 ego
1718 2805 1721 2812 Ι

282 2816 424 2899 antiquos
452 2817 526 2880 mihi
553 2834 687 2899 propono
718 2815 880 2878 imitandos
909 2815 940 2876 iu
962 2833 1028 2878 mea
1052 2815 1196 2895 sphaera,
1226 2831 1302 2895 qnae
1326 2813 1404 2876 vitro
1434 2815 1567 2894 tegenda
1585 2821 1645 2892 est.

280 2906 331 2970 Ad
363 2906 443 2987 quod
475 2905 686 2972 subministrat
717 2903 791 2968 mihi
814 2902 982 2978 consilium,
1017 2901 1061 2965 sic
1084 2921 1230 2984 pergens:
1265 2901 1376 2978 „Qum
1400 2901 1426 2964 si
1455 2921 1493 2966 ex
1515 2902 1647 2965 materia

280 2994 378 3070 „dura
401 3003 433 3068 et
451 2994 610 3075 perspicua
633 2995 753 3070 herent,
778 2992 1026 3074 quemadmodum
1042 2991 1171 3054 diximus
1195 2991 1332 3072 superius
1357 2991 1393 3054 de
1414 2992 1571 3074 crystallo,
1596 2991 1645 3054 cui

281 3091 460 3164 ..mgentem
483 3083 524 3146 sit
547 3084 724 3158 immistum,
754 3090 825 3145 tunc
849 3089 880 3144 et
904 3080 1035 3144 naturali
1058 3080 1205 3144 rotundae
1229 3081 1345 3144 formae
1369 3087 1402 3142 et
1423 3080 1644 3146 constructioni

236 3179 240 3184 “
280 3173 433 3249 „orbium
466 3191 526 3253 qna
548 3191 624 3234 nnus
649 3171 738 3236 alteri
766 3170 941 3246 includitur,
972 3178 1003 3231 et
1025 3168 1235 3252 perspicuitati
1268 3189 1304 3232 ac
1331 3169 1546 3251 pulchritudini
1577 3188 1645 3232 cum

280 3260 501 3336 „diuturnitate
525 3261 694 3324 consultum
719 3259 836 3324 esset.“
877 3259 984 3334 Addit,
1008 3267 1079 3322 tunc
1099 3259 1186 3338 longe
1201 3259 1331 3339 majores
1345 3257 1409 3322 lieri
1424 3259 1533 3325 solitas
1548 3259 1645 3322 moles

280 3349 367 3424 illas,
393 3359 482 3431 quam
507 3369 583 3431 quae
603 3370 640 3413 ex
655 3349 779 3413 metallo
795 3367 882 3411 nunc.
929 3345 1059 3420 Quodsi
1078 3365 1182 3410 verum
1201 3356 1263 3424 est,
1287 3355 1429 3428 poterunt
1443 3365 1515 3429 ergo
1530 3347 1644 3410 etiam·

280 3457 351 3502 num
373 3439 473 3520 magni
497 3438 578 3520 globi
602 3438 691 3502 vitrei
714 3438 793 3515 fieri,
818 3444 909 3518 atque
932 3437 990 3500 hac
1012 3436 1042 3500 in
1065 3443 1154 3518 parte
1177 3435 1293 3499 inutilis
1308 3445 1356 3499 est
1375 3455 1443 3500 mea
1458 3435 1643 3500 sollicitudo.

280 3527 313 3590 lu
343 3528 537 3609 sequentibus
566 3529 645 3591 omni
673 3547 720 3590 mc
749 3527 837 3590 laude
868 3525 1050 3589 inventionis
1081 3524 1207 3605 spoliat,
1242 3526 1371 3589 eumad
1405 3545 1471 3590 eam
1504 3525 1642 3600 formam,

198 3685 200 3690 ,
280 3635 368 3698 quam
393 3635 449 3698 ego
473 3617 616 3691 meditor,
640 3617 850 3680 concinnatam
875 3613 1031 3678 existimat
1049 3613 1210 3696 sphaeram
1232 3614 1476 3678 Archimedeam.
1524 3611 1643 3690 „Orbi-

280 3706 373 3782 „bus,
398 3706 494 3786 iuquit
517 3707 570 3779 (ex
593 3705 789 3787 conjectura?
813 3723 853 3768 an
877 3705 947 3786 quia
964 3710 1099 3766 autorem
1113 3702 1256 3777 habeti),
1280 3715 1372 3766 unum·
1389 3712 1509 3767 tantum
1528 3711 1643 3766 motum

280 3794 479 3870 „addiderat‚
505 3813 666 3876 omnesque
690 3795 772 3857 circa
794 3794 873 3858 idem
896 3800 1032 3857 centrum
1056 3791 1242 3870 collocabat,
1268 3801 1302 3855 ut
1320 3791 1467 3874 Calippus
1491 3792 1643 3856 etEudo·

279 3901 374 3957 ,‚xus,
404 3882 500 3962 ipsam
522 3902 594 3946 vero
617 3885 757 3959 Terram,
787 3884 925 3964 exiguam
945 3881 1138 3962 sphaemlam
1160 3881 1318 3961 multiplici
1342 3890 1425 3945 motu
1448 3881 1591 3962 agitabat
1613 3880 1642 3944 iu

280 3971 415 4047 „medio,
440 3972 556 4044 nescio,
587 3973 694 4053 quibus
718 3971 862 4036 artificiis.
910 3971 990 4034 Nam
1013 3971 1059 4032 sic
1082 3969 1271 4034 existimavit
1293 3971 1375 4036 orbis
1397 3979 1502 4051 partes
1526 3989 1561 4034 se
1585 3971 1643 4033 ha-

281 4061 387 4136 „bera,
411 4069 446 4126 ut
468 4061 497 4122 in
522 4060 685 4128 libellosde
710 4081 820 4126 arenae
838 4079 966 4124 numero
980 4059 1142 4122 manifeste
1166 4067 1308 4124 testatur.
1357 4057 1457 4132 Quam
1471 4057 1643 4142 opinionem

280 4156 425 4224 „secutus
448 4157 494 4212 est
519 4149 665 4214 Nicolaus
685 4150 870 4232 Goperuious
894 4157 996 4213 aetate
1020 4156 1135 4214 nostra.
1182 4147 1230 4212 An
1255 4165 1327 4212 vero
1352 4150 1390 4212 ad
1414 4167 1559 4230 unguem,
1584 4168 1643 4212 non
1709 4142 1711 4150 ⁴

148 4309 157 4320 ,
281 4238 380 4314 ,satie
404 4246 538 4314 constat,
572 4259 637 4304 cum
660 4240 806 4303 incertum
830 4238 884 4314 sit,
918 4258 956 4302 an
980 4237 1179 4301 Archimedes
1202 4239 1307 4304 Lunae
1330 4240 1435 4314 orbes,
1466 4246 1500 4300 ut
1523 4237 1643 4320 Coper-

281 4327 402 4402 ‚,nicvs,
435 4347 501 4390 cum
525 4324 682 4392 elementis
704 4328 780 4408 ipsis
803 4327 996 4390 circumvolvi
1019 4327 1182 4390 voluerit.“
1227 4327 1312 4390 llaec
1337 4325 1508 4390 Cardenus.
1555 4324 1643 4398 Quae

280 4415 306 4483 si
330 4425 363 4479 tu
386 4416 512 4498 legeris,
546 4417 652 4483 mirum
675 4416 733 4479 nisi
756 4416 890 4490 dubites,
921 4436 959 4478 au
983 4435 1042 4479 non
1066 4435 1123 4496 ego
1145 4416 1292 4497 proximis
1315 4416 1412 4482 litoris
1435 4415 1581 4496 pleraque
1605 4435 1644 4480 ex

280 4505 426 4570 hocloco
451 4507 705 4587 hanseripserim,
735 4505 810 4568 adeo
835 4504 1026 4568 convenimus
1053 4511 1086 4568 et
1108 4505 1138 4570 in
1162 4507 1294 4587 sphaera
1316 4503 1527 4579 Archimedis,
1558 4505 1642 4568 etin

281 4594 403 4674 propria
423 4594 604 4658 inventione.

369 4684 412 4748 Et
434 4683 504 4763 quia
526 4683 625 4763 incepi
648 4683 687 4745 ab
711 4683 768 4743 hac
791 4679 928 4755 materie,
953 4680 1063 4743 addam
1087 4688 1118 4743 et
1142 4680 1234 4756 illud,
1265 4682 1342 4764 quod
1357 4680 1493 4762 proxime
1508 4688 1642 4749 testatus

281 4787 348 4836 som
375 4790 421 4834 me
445 4769 474 4836 in
499 4789 645 4856 suspenso
669 4769 851 4852 relinquere,
877 4768 995 4834 scilicet
1018 4769 1055 4832 de
1080 4770 1235 4854 multiplici
1257 4779 1341 4836 motu
1356 4770 1486 4834 Venerio
1505 4777 1539 4834 et
1556 4771 1641 4839 Mar-
