3698 5516
744 308 833 352 ones
850 301 948 354 nee
1398 281 1399 286 '
1458 305 1540 371 ree.

149 453 242 516 efficit
264 453 359 518 insito
382 459 538 539 principio
561 461 672 534 activo,
697 461 751 524 sed
774 461 890 542 rapitur
913 482 932 523 a
954 427 1021 524 lixis
1041 459 1084 524 24
1108 417 1205 536 ιιι-ις
1228 459 1274 525 ita¹
1296 463 1393 544 prima
1415 465 1446 539 ll
1467 486 1522 528 ra-

149 542 230 622 pitur
253 563 274 605 a
296 544 401 624 prima
425 543 462 626 ij,
488 567 580 629 eoque
604 550 742 611 ordinate
765 569 885 630 semper
911 551 1060 614 inferioris
1083 553 1180 630 prima
1204 573 1222 612 a
1245 555 1340 632 prima
1361 554 1523 632 superioris

151 649 244 712 usqne
269 634 311 694 ad
330 634 466 698 Lunam.
512 637 607 700 Porro
636 655 713 718 quae
743 638 791 700 hio
815 641 1033 702 Fraoastorens
1062 641 1280 720 interpretandi
1308 644 1524 716 consentiet,

153 740 189 780 ea
211 721 238 782 ei
263 733 334 784 oum
357 723 417 786 luae
442 725 692 806 interpretatione
717 727 917 804 conterantur,
942 747 998 808 per
1022 748 1054 790 se
1070 748 1179 791 nasura
1192 737 1275 808 puto.
1323 730 1464 792 Verum
1455 751 1524 810 ipsa

155 809 351 873 Aristotelis
360 813 439 875 haee
462 816 541 877 ratio
566 815 768 877 constituendi
792 817 943 878 coelestes
967 819 1056 879 orbes
1080 837 1138 878 non
1154 826 1271 880 tentum
1290 818 1318 878 in
1338 821 1523 882 astronomia

157 899 289 974 uidetur,
316 902 371 963 sed
396 921 493 982 neque
516 905 704 967 naturalibus
729 905 858 986 undique
881 905 1052 968 rationibus
1075 915 1125 968 est
1148 917 1362 970 consentanea.
1409 909 1522 981 Primo,

159 989 237 1067 qnod
264 989 330 1052 sine
355 991 527 1068 discrimine
542 995 727 1072 superiorum
742 1004 840 1056 motus
856 995 885 1054 in
900 995 1057 1056 inferiores
1074 995 1203 1056 derivari
1224 995 1343 1069 asserit,
1370 1003 1401 1056 et
1421 1017 1522 1059 eorum

159 1076 208 1156 qui
230 1079 458 1158 amplectuntur
482 1081 649 1158 inferiores,
674 1089 707 1143 et
729 1083 778 1162 qui
793 1101 851 1144 non
866 1083 1096 1162 amplectuntur,
1122 1084 1249 1164 epioyuli
1275 1083 1357 1144 dieti.
1405 1085 1522 1147 Deinde

159 1167 248 1245 qnod,
273 1187 342 1230 oum
361 1187 400 1228 ex
413 1171 586 1249 promiscua
608 1188 724 1232 summa
746 1171 863 1233 orbium
878 1173 1038 1240 conoludat
1053 1173 1239 1234 Aristoteles
1259 1172 1415 1252 aequalem
1437 1194 1522 1236 sum-

159 1273 238 1317 mam
261 1256 533 1336 intelligentiarum
556 1260 733 1333 motrioium,
759 1268 876 1339 septem
899 1269 999 1323 tamen
1025 1281 1041 1323 e
1064 1280 1203 1336 numero,
1229 1261 1278 1341 qni
1300 1261 1389 1340 primi
1413 1263 1522 1324 stella-

159 1363 224 1406 rum
255 1346 410 1423 dicuntur,
441 1359 535 1409 motu·
553 1357 668 1410 carent.
721 1345 802 1418 Quid
829 1348 928 1428 igitur
949 1349 1009 1411 illis
1040 1369 1115 1430 opus
1143 1349 1346 1428 intelligentia
1378 1351 1522 1413 motrioe?

159 1433 217 1494 nisi
241 1434 320 1496 iorte
343 1436 477 1514 paeiiva,
502 1437 586 1522 eujus
611 1437 640 1497 vi
664 1436 866 1499 obedientium
889 1446 1048 1518 praestent
1071 1439 1217 1519 superiori
1240 1439 1375 1500 trahenti
1397 1440 1522 1520 ejusque
1600 1497 1623 1514 κ

159 1524 262 1584 ιἰιιιι
286 1523 366 1586 ultro
390 1533 564 1606 sequentur.
599 1526 703 1588 Tertio
727 1545 809 1600 oum,
835 1533 869 1588 ut
891 1527 1003 1588 dietum
1027 1536 1089 1600 est,
1118 1536 1235 1608 septem
1259 1545 1417 1589 enumero
1439 1537 1522 1590 motu

160 1619 295 1687 careant,
321 1633 373 1674 our
395 1633 453 1676 non
477 1615 574 1676 vicem
589 1615 778 1678 restituentis
794 1615 948 1695 quaelibet
963 1617 1084 1695 supplet
1108 1626 1140 1678 et
1163 1617 1208 1678 ita
1222 1635 1307 1677 snam
1327 1615 1395 1695 ipsa
1409 1617 1523 1696 sphae-

159 1719 225 1762 ram
247 1701 288 1763 ab
310 1703 372 1764 ima
394 1703 556 1783 superioris
578 1703 710 1765 motione
733 1704 862 1766 liberat?
907 1704 975 1766 Nisi
995 1706 1073 1767 forte
1088 1706 1238 1766 servanda
1253 1705 1422 1784 aequalitas
1445 1706 1538 1767 inter
1634 1747 1640 1762 .

158 1787 287 1868 primm
312 1788 437 1855 Saturni
466 1799 497 1854 et
519 1792 633 1871 primas
657 1791 838 1873 reliquorum
861 1793 1066 1872 planetarum,
1097 1803 1144 1870 ιι,
1174 1794 1245 1874 quia
1272 1793 1327 1854 illa
1353 1793 1411 1854 hoo
1431 1794 1524 1855 otium

161 1885 209 1940 est
231 1887 336 1951 nacta,
354 1880 413 1942 hae
437 1899 553 1960 quoque
579 1881 685 1944 eodem
706 1881 865 1962 privilegio
888 1883 1051 1961 gaudeant.

248 1967 313 2030 Sed
335 1977 529 2049 pertexamus
552 1971 732 2032 Aristotelis
756 1969 942 2032 orationem:
968 1989 1056 2046 „oum
1078 1971 1170 2050 igitur
1195 1970 1354 2031 terentium
1373 1971 1522 2048 sphaera-

161 2074 225 2118 rum
247 2057 329 2120 aliae
353 2057 391 2132 8,
416 2059 495 2120 aliae
518 2055 562 2122 24
585 2058 668 2120 sint“
692 2060 736 2133 (in
761 2059 833 2120 aliis
857 2059 1079 2140 exemplaribus
1103 2059 1215 2138 legitur
1233 2056 1303 2132 25).
1351 2057 1430 2120 Octo
1454 2060 1523 2139 qui-

162 2147 228 2207 dem
257 2154 330 2208 sunt
352 2145 477 2210 Saturni
505 2154 537 2208 et
558 2147 660 2222 Jovie,
695 2148 881 2228 singulorum
899 2143 931 2210 4.
978 2148 1171 2228 Reliquorum
1200 2147 1227 2208 si
1257 2147 1395 2228 quilibet,
1431 2149 1523 2210 etiam

162 2231 201 2312 (ξ)
226 2243 260 2296 et
285 2237 330 2310 d,
354 2236 517 2298 secuudum
540 2243 672 2298 mentem
686 2236 877 2298 Fraoasturei
901 2236 1015 2299 habent
1039 2234 1075 2310 5,
1100 2231 1216 2298 summa
1239 2236 1358 2315 quidem
1382 2233 1424 2299 25
1448 2256 1522 2300 eon-

162 2324 260 2386 llntur.
310 2325 429 2386 Vereor
452 2325 544 2404 igitur
570 2332 605 2386 ut
626 2326 702 2386 haee
726 2325 872 2388 eorrectio
897 2322 939 2388 25
963 2342 1017 2404 pro
1041 2322 1084 2388 24
1108 2326 1149 2387 sit
1172 2325 1375 2386 Fraoastorei.
1423 2323 1457 2387 Si
1482 2323 1523 2403 Θ

160 2419 191 2473 et
213 2413 240 2484 ι
268 2421 433 2493 quaternae
456 2422 574 2476 tantum
598 2414 720 2486 habent,
745 2432 861 2478 summa
883 2413 1081 2494 posteriorum
1105 2415 1164 2476 erit
1187 2411 1239 2488 23,
1264 2432 1323 2474 non
1349 2409 1401 2475 25.

227 2501 323 2588 Vide,
357 2521 396 2564 an
425 2521 485 2564 non
516 2503 560 2564 sio
587 2502 872 2582 intelligendnmffi
875 2503 965 2578 ,aliae
992 2504 1099 2578 octo,“
1131 2504 1151 2564 i.
1184 2522 1210 2564 e.
1236 2501 1317 2564 Solis
1346 2511 1378 2564 et
1407 2502 1523 2578 Lunae,

159 2590 261 2664 ,al,iae
282 2550 359 2665 23’‚“
382 2590 402 2652 i.
428 2610 454 2652 e.
479 2591 712 2671 reliquorumfi.
760 2593 802 2654 Ut
825 2592 869 2653 ita
892 2592 934 2654 sit
952 2591 1121 2653 evidentior
1140 2611 1234 2654 cause
1256 2590 1345 2670 hujus
1367 2589 1524 2654 divisionis

160 2680 190 2741 in
214 2675 237 2740 8
262 2687 295 2740 et
318 2676 372 2742 23.

252 2767 319 2842 „Et
350 2768 457 2830 harum
484 2787 543 2830 non
572 2785 696 2830 neeesse
727 2775 776 2830 est
805 2768 917 2830 hebere
946 2769 1156 2830 restituentem
1191 2767 1285 2828 solam
1314 2765 1411 2842 illam,
1446 2787 1522 2847 qnae

157 2865 275 2919 astrum
297 2856 435 2918 ultimum
461 2857 553 2918 fert.“
595 2857 709 2918 Omnes
735 2852 754 2919 6
779 2856 962 2938 superiores,
998 2857 1044 2918 sni
1072 2855 1185 2940 ordinis
1213 2855 1305 2929 imae,
1337 2875 1414 2935 quae
1438 2865 1524 2918 astra

157 2963 216 3006 sua
237 2946 349 3021 ferunt
373 2946 489 3007 habent
510 2945 567 3008 sub
591 2965 624 3007 ee
648 2947 855 3019 restituentes,
882 2945 952 3025 quia
966 2945 1078 3006 liabent
1102 2952 1134 3005 et
1156 2945 1212 3005 snb
1232 2963 1265 3006 se
1290 2944 1373 3004 aliud
1396 2952 1522 3007 astrum.

157 3033 234 3096 Sola
247 3035 364 3110 Lunae,
388 3033 488 3097 ultimi
511 3035 595 3109 astri,
622 3035 720 3096 serene
745 3043 777 3096 et
799 3036 860 3110 ime
882 3051 940 3096 non
965 3034 1059 3096 hebet
1083 3034 1186 3094 subse
1207 3032 1426 3107 restituentem,
1453 3034 1524 3113 quia

156 3124 273 3186 nullum
296 3130 413 3185 astrum
437 3123 580 3203 seqnitur,
606 3122 691 3202 eujus
715 3123 812 3204 prima
834 3123 1022 3184 restituatur.
1068 3121 1327 3197 „Restituentium
1361 3119 1523 3201 quidemss

150 3221 247 3288 ,erunt
270 3213 395 3275 duorum
419 3212 615 3292 primorum.“
660 3213 742 3274 Nam
765 3211 910 3292 Oelippus
934 3209 1066 3274 Saturno
1089 3207 1111 3272 4
1135 3210 1270 3285 dederat,
1295 3209 1421 3272 totidem
1440 3211 1521 3284 Jovi,
1556 3286 1559 3295 Ι

156 3301 264 3380 primis
287 3301 434 3382 planetis.
481 3301 669 3363 Aristoteles
697 3299 782 3362 addit
805 3303 943 3380 utrinque
970 3300 1111 3374 totidem,
1143 3299 1335 3368 meminus,
1369 3306 1403 3361 ιι
1431 3318 1522 3380 snpra

160 3391 409 3454 denunciaverat.
457 3389 536 3452 Sunt
563 3390 665 3470 itaque
694 3389 741 3451 bis
770 3399 847 3464 tres,
882 3408 957 3470 quos
985 3389 1085 3463 addit,
1109 3407 1161 3451 eo.
1187 3384 1216 3451 6.
1264 3387 1425 3462 „Sedecim
1449 3408 1521 3450 vero

156 3479 359 3557 posteriorum
381 3477 436 3542 4.“
481 3479 561 3540 Nam
583 3478 728 3542 Eudorus
752 3479 845 3540 dabat
869 3487 911 3548 d,
936 3481 970 3556 5,
997 3477 1039 3552 Ω,
1065 3475 1125 3554 Q:
1151 3477 1185 3553 5,
1210 3475 1247 3553 5,
1274 3475 1308 3550 5,
1334 3472 1370 3550 4;
1395 3479 1520 3540 Aristo·
1608 3544 1613 3552 ,

155 3569 235 3630 telee
263 3568 352 3630 addit
380 3567 523 3642 totidem,
558 3586 677 3647 semper
704 3587 763 3630 uno
791 3567 905 3642 minus,
940 3586 984 3628 so.
1008 3565 1047 3642 4,
1077 3565 1112 3640 4,
1136 3561 1172 3639 4,
1197 3564 1231 3641 3,
1266 3566 1344 3646 quod
1373 3586 1519 3631 summam

157 3657 233 3722 latit
259 3655 310 3720 15.
358 3655 414 3719 Sin
438 3663 595 3719 antem-et
619 3653 659 3733 Θ
683 3658 847 3719 seeundum
870 3657 1062 3718 Fraeestorei
1085 3665 1214 3717 mentem
1238 3655 1350 3716 habeat
1373 3653 1392 3716 5
1418 3657 1519 3716 feren-

155 3753 220 3822 tes,
247 3745 377 3808 habebit
404 3755 436 3808 et
458 3742 481 3809 4
503 3745 718 3820 restituentes,
749 3746 863 3824 eritque
893 3763 1109 3806 summosano
1138 3741 1186 3806 16.
1224 3742 1358 3817 ··„Quare
1388 3744 1519 3806 omnium

156 3855 296 3898 numerus
332 3843 365 3896 et
399 3833 559 3897 ferentium
594 3843 624 3896 et
661 3833 882 3896 restituentium
915 3834 975 3895 erit
1002 3831 1081 3909 55;“
1118 3833 1265 3912 siquidem
1304 3832 1365 3894 illic
1402 3835 1518 3896 Frena-

157 3933 257 3988 storeo
286 3923 430 4004 largiaris
460 3921 496 4000 8,
525 3920 598 3998 25;,
621 3921 670 3985 hin
699 3919 733 3998 6,
768 3919 817 3986 16.
864 3923 910 3985 At
937 3921 963 3984 si
991 3919 1026 3996 8,
1057 3919 1099 3984 23
1133 3930 1164 3983 et
1192 3918 1227 3996 6,
1259 3919 1298 3983 15
1327 3923 1516 4002 colligamus,

157 4031 303 4076 summam
326 4013 518 4075 eouiioiemus
542 4009 594 4075 52.

244 4101 301 4180 ,Si
325 4119 397 4164 vero
413 4100 479 4164 Soli
502 4109 534 4163 et
548 4101 652 4162 Lunae
676 4117 733 4160 non
754 4098 906 4162 addiderit
925 4097 1001 4178 quis,
1026 4117 1100 4179 quos
1117 4097 1255 4174 diximus,
1280 4107 1380 4160 motus
1403 4117 1515 4175 omnes,
1610 4174 1616 4188 x

158 4189 417 4271 sphaerae‘erunt
438 4187 514 4254 49.“
562 4189 634 4251 Sive
664 4188 743 4250 enirn
768 4186 913 4267 Oulippne
937 4189 1022 4248 binos
1051 4187 1214 4262 addiderit,
1244 4188 1354 4248 cadent
1375 4188 1472 4268 primo
1495 4184 1518 4251 4

158 4281 296 4356 serentes,
323 4279 393 4340 dein
419 4276 440 4340 2
465 4278 660 4342 restituentes
685 4275 775 4351 Solis,
800 4273 910 4356 quia2
934 4276 999 4354 ejus
1023 4278 1155 4337 ferentes
1178 4277 1325 4339 cecidere.
1371 4275 1435 4338 Sex
1457 4277 1516 4354 igi-

158 4379 203 4432 tur
223 4372 250 4433 si
273 4369 400 4432 auferas
424 4365 520 4437 aot,
548 4373 670 4428 restant
691 4359 745 4429 49.
791 4364 905 4445 Aliqua
937 4375 1035 4426 tamen
1061 4365 1245 4443 exemplaria
1272 4366 1385 4427 habent
1407 4366 1515 4427 vitiose

158 4453 216 4535 4⁷3
248 4461 316 4522 eive
340 4457 455 4536 singuli
480 4455 640 4534 aOalippo
664 4454 726 4516 sint
745 4453 850 4529 additi,
875 4453 986 4516 eadent
1007 4453 1103 4533 primo
1127 4452 1304 4528 2lerentes,
1329 4473 1388 4516 nna
1401 4457 1514 4524 itunae,

160 4549 250 4612 altera
272 4547 370 4622 Solis,
395 4546 525 4625 indeque
548 4545 614 4623 ejus
637 4563 698 4605 una
720 4541 884 4606 restituens
891 4560 901 4617 ;
925 4539 1052 4622 qnereii
1072 4543 1108 4604 de
1123 4539 1166 4606 52
1190 4543 1322 4618 ablatae,
1345 4542 1516 4621 relinquunt

159 4635 258 4701 iterum
281 4633 338 4702 49.
387 4635 502 4698 Nesoie
533 4633 604 4715 quid
634 4631 761 4694 monstri
788 4631 863 4694 dant
890 4630 1023 4694 affectati
1052 4630 1179 4705 numeri,
1213 4631 1240 4693 si
1266 4641 1368 4692 tamen
1375 4629 1513 4708 genuini

161 4735 242 4790 eunt:
272 4735 325 4790 est
349 4723 463 4788 binarii
486 4719 638 4796 eubne8,
662 4739 802 4784 numerus
825 4721 984 4782 ferentium
1007 4716 1027 4800 ι)
1052 4718 1155 4793 ιιιι;
1179 4727 1228 4782 eet
1215 4717 1357 4782 tbinarii
1382 4716 1513 4795 qnadra-

159 4823 212 4880 un
233 4815 269 4897 4
293 4827 446 4880 numerem
469 4812 627 4890 etellarnm
649 4818 722 4892 post
743 4809 819 4877 duos
842 4809 921 4885 illas,
947 4825 1024 4890 quae
1038 4807 1235 4872 restituentes
1258 4805 1313 4868 tub
1332 4823 1365 4866 se
1384 4805 1513 4878 habent3

1240 4908 1300 4960 17*
