3542 5528
705 237 891 316 Μὰ.
1415 245 1467 330 ao·

198 417 293 480 llatae
318 417 339 480 7
365 377 436 482 ιιι.
462 421 510 482 vel
533 409 575 486 28
595 419 670 483 Dec
694 422 764 484 anni
787 422 956 502 incipientis
984 419 1080 496 1597,
1112 399 1199 502 quem
1221 421 1277 486 tibi
1299 429 1369 490 tuae
1388 441 1458 484 con-

80 487 186 589 jugi,
207 527 325 584 socero,
352 509 536 591 collegisque
560 511 694 574 omuibus
718 512 855 574 foelicem
876 529 990 591 precor.

743 601 782 664 H.
807 601 841 664 Τ.
889 599 1021 664 Gratias.
1046 602 1120 664 disc.
1237 663 1239 669 ,

1137 687 1184 752 Μ.
1207 687 1261 752 .Ῑι.
1284 685 1413 770 Kepler.

176 841 204 892 lu
221 844 329 908 epicteto
346 845 490 911 Kepleri
508 859 572 912 que
588 846 653 898 hanc
672 848 737 898 brevi
755 849 887 901 unmechte
905 856 944 900 est
959 849 1023 899 haec
1041 863 1097 900 cum
1115 848 1148 898 ad
1165 863 1203 899 res
1222 849 1383 908 demordeas,
1406 854 1460 900 ιιιι

114 914 143 964 ad
158 929 215 979 epm
230 918 388 980 padnensis
404 919 522 984 legimus:
865 955 867 960 .
1240 954 1242 962 ,

191 1035 332 1102 Salutem
346 1040 515 1122 plurimam.
549 1037 705 1104 Neminem
719 1042 889 1105 mortalium
904 1042 1041 1107 existimo
1056 1042 1167 1118 vivere,
1191 1043 1275 1124 cujus
1294 1043 1339 1104 ita
1361 1043 1459 1124 fugiat

111 1127 322 1208 providentiam
348 1131 468 1194 lortuna
491 1150 560 1204 sua,
588 1138 623 1192 ut
645 1150 691 1192 me
714 1151 783 1194 mea
805 1131 901 1214 fugit:
932 1133 989 1200 cui
1007 1131 1086 1194 bona
1115 1134 1249 1212 speranti
1277 1138 1308 1194 et
1333 1132 1472 1212 jamjam·

112 1216 210 1279 fruenti
232 1218 388 1281 loelicitas
412 1240 429 1280 e
452 1219 586 1282 manibus
610 1220 758 1284 elabitur·
789 1228 895 1283 contra
920 1222 1001 1282 mala
1028 1215 1172 1283 metuenti
1194 1229 1236 1284 et
1259 1222 1386 1302 jamjam
1409 1221 1455 1283 vi-

110 1305 184 1368 denti
206 1307 287 1369 bena
309 1307 462 1372 eveniunt
494 1309 604 1402 Atque
620 1309 706 1372 haec
713 1328 780 1372 mea
798 1309 925 1384 fortuna,
951 1329 1017 1412 quo
1031 1311 1128 1390 magis
1151 1297 1207 1372 ιιι
1230 1317 1363 1393 tempore
1386 1309 1457 1371 milri

109 1393 266 1470 blanditur,
291 1396 351 1460 boc
375 1397 472 1478 magis
494 1397 565 1459 mihi
588 1377 687 1460 metuo
711 1398 749 1458 ab
772 1398 838 1473 illa,
862 1408 911 1474 ut,
935 1399 961 1461 si
984 1399 1143 1479 aliquando
1168 1399 1241 1462 mihi
1264 1399 1318 1460 liat
1340 1397 1458 1460 infensa

110 1487 228 1556 (utnon
252 1485 338 1548 solet
360 1506 428 1549 esse
452 1488 609 1560 constans)
633 1488 688 1548 hoc
711 1487 821 1558 idem
814 1487 964 1568 ingenium
988 1506 1072 1550 suum
1096 1489 1234 1550 retineat.
1276 1488 1355 1551 Nam
1378 1488 1457 1550 bone

109 1573 149 1634 rel
170 1591 259 1635 coeco
284 1575 429 1638 obvenire
454 1585 484 1638 et
507 1576 667 1638 somnianti
691 1576 771 1639 nulla
793 1577 951 1640 calamitas
975 1585 1040 1640 est:
1070 1577 1150 1639 mala
1171 1596 1243 1640 vero
1266 1575 1358 1641 etiam
1380 1591 1454 1657 pro-

109 1661 177 1724 vidis
200 1669 232 1724 et
254 1647 522 1761 praesagientibus
546 1665 651 1745 gravia
675 1672 757 1740 sunt,
786 1666 892 1728 nedum
915 1666 941 1728 si
971 1667 1045 1727 bene
1069 1675 1226 1746 sperantes
1251 1672 1372 1747 repente
1397 1684 1453 1747 op-

107 1751 238 1853 primant.
275 1753 360 1816 Ecce
375 1743 590 1816 Obmoediam..
618 1754 697 1816 Duxi
722 1772 798 1816 anuo
821 1751 864 1817 9ss
888 1773 1019 1829 uxorem,
1045 1773 1101 1816 nec
1125 1754 1204 1817 aliud
1229 1763 1292 1818 toto
1317 1755 1454 1816 semestri

108 1839 197 1917 sensi,
230 1842 479 1905 confirmantibus
511 1861 557 1905 me
591 1831 701 1906 literis
717 1844 960 1923 gravissimorum
987 1844 1125 1907 virorum.
1176 1839 1290 1907 Laetus
1321 1843 1432 1907 redii
1423 1863 1453 1906 ιι

107 1929 248 2012 Styriam;
272 1941 310 1994 ut
332 1933 416 2004 reni,
439 1931 556 1995 nemine
580 1952 636 1993 ιιι
661 1933 847 2013 gratulante,
871 1931 943 1995 mibi
967 1941 1082 1995 secreto
1107 1934 1270 2006 indicatur,
1294 1951 1341 1994 me
1363 1952 1454 1995 uxore

107 2019 258 2082 excidisse.
313 2019 393 2100 Spes
421 2021 551 2102 conjugii
579 2040 632 2100 per
659 2030 806 2084 semestre
838 2022 974 2084 radicata
1001 2041 1113 2084 moram
1146 2017 1270 2084 alterius
1301 2023 1455 2085 semestris

108 2108 265 2188 requisivit,
290 2111 388 2173 donec
411 2129 527 2172 rursum
550 2110 759 2180 eradicaretur,
786 2119 876 2195 atque
900 2130 955 2190 ego
978 2111 1097 2191 penitus
1120 2112 1193 2174 mihi
1212 2111 1270 2192 ipsi
1288 2113 1453 2191 persuade-

37 2203 44 2224 ·
107 2215 171 2271 rem,
193 2198 313 2261 irritam
338 2219 424 2275 esse,
449 2199 596 2279 aliamque
620 2201 700 2261 vitae
724 2199 870 2270 rationem
895 2200 1008 2263 inirem.
1041 2201 1101 2263 Ubi
1121 2202 1312 2284 desperatum
1334 2202 1454 2282 penitus

109 2295 160 2360 est,
180 2307 212 2348 re
231 2287 301 2368 jam
326 2289 364 2350 ad
389 2287 583 2351 ministerium
608 2288 718 2364 delata,
744 2307 812 2350 ecce
836 2307 944 2351 novam
966 2307 1154 2370 πιριιιιιιαι.
1197 2290 1295 2353 Movit
1318 2291 1453 2352 homines

106 2375 255 2438 ministerii
279 2377 449 2452 autoritas,
483 2385 515 2438 et
544 2377 569 2438 si
597 2385 821 2457 comparerent,
856 2377 1014 2441 ludibrium
1038 2399 1132 2442 suum.
1178 2381 1284 2460 ltaque
1314 2379 1454 2442 certatim

109 2483 202 2527 omnes
220 2466 290 2545 jam
313 2467 438 2540 viduae,
467 2466 530 2546 jam
557 2467 698 2545 parentis·
714 2467 843 2528 animum
870 2467 973 2529 adorti·
996 2487 1048 2530 eos
1072 2475 1294 2551 expugnamnt,
1324 2468 1453 2552 mihique

108 2571 191 2614 novas
214 2555 414 2618 confecerunt
435 2557 566 2635 nuptias.
612 2553 679 2626 Quo
702 2574 760 2617 ιιι
783 2556 896 2635 impetu
919 2565 1093 2620 corruemnt
1116 2559 1304 2620 omnia-mea
1328 2557 1454 2620 consilia

108 2642 140 2703 de
161 2643 220 2706 alia
243 2646 313 2706 vita
335 2645 475 2706 ineunda.
512 2645 613 2724 Usque
633 2645 709 2705 adeo
728 2661 786 2705 non
806 2652 853 2706 est
876 2645 905 2706 in
925 2645 1052 2708 hominis
1075 2654 1228 2726 potestate
1252 2646 1316 2709 dies
1340 2648 1452 2710 orasti-

109 2749 166 2794 nus.
209 2733 300 2796 Haec
325 2735 364 2795 ad
387 2743 434 2810 te,
458 2734 641 2812 Praeceptor
663 2733 843 2808 clarissime,
867 2735 983 2815 meique
1007 2735 1228 2810 amantissime,
1253 2755 1319 2797 cum
1342 2744 1376 2798 ut
1398 2736 1452 2799 tibi
1530 2793 1532 2796 .

109 2821 335 2892 sollicitudinem
359 2823 485 2892 demam,
508 2829 571 2884 turn
595 2822 634 2884 ob·
656 2841 751 2884 meum
774 2824 957 2904 opusculum.
996 2821 1140 2894 Quamvis
1159 2843 1325 2885 cormeum
1344 2826 1452 2900 dicam,

109 2927 192 2972 causa
213 2913 347 2974 obscura
371 2919 402 2972 et
424 2912 522 2973 tenuis
546 2917 602 2973 est.
639 2910 704 2973 Illi
712 2911 790 2973 enim
813 2931 869 2992 ego
893 2911 1011 2974 Semele
1035 2911 1084 2986 fui,
1110 2920 1143 2974 tu
1164 2911 1294 2991 Jupiter.
1338 2913 1404 2975 Aut
1427 2915 1453 2975 si

107 2999 185 3061 malis
206 3001 368 3063 Minervae
388 3001 460 3063 illud
479 3019 650 3080 comparare
666 3017 753 3080 quam
768 3000 900 3063 Libero:
918 2991 1038 3082 Jdpiter
1051 3019 1107 3081 ego
1122 3002 1220 3082 capite
1235 3001 1308 3064 illud
1322 3001 1451 3082 gestavi,

109 3089 204 3150 sed'
176 3087 233 3152 ursi
256 3099 293 3152 tu
312 3089 468 3152 Vulcanus
492 3107 558 3151 cum
580 3089 700 3168 bipenni
725 3089 833 3152 fuisses
858 3089 1079 3166 obstetricatus,
1105 3108 1254 3172 uunquam
1277 3109 1333 3188 ego
1355 3109 1451 3173 pepe·

109 3177 216 3241 neem.

186 3269 275 3332 Illius
297 3266 391 3348 igitur
413 3265 547 3349 opusculi
570 3262 635 3330 200
653 3267 837 3348 exemplaria
859 3285 956 3329 emere
980 3275 1124 3348 gravatus
1147 3285 1213 3337 sum
1236 3269 1266 3330 in
1289 3268 1451 3349 superiori-

109 3355 157 3418 bus
178 3357 278 3421 literis
309 3357 347 3418 cb
376 3358 451 3419 duas
477 3355 664 3438 potissimum
696 3375 822 3431 causas,
854 3356 981 3437 primum
1009 3357 1079 3437 quia
1106 3357 1277 3421 metuebam
1305 3365 1451 3433 sumtum;

110 3445 226 3522 deinde,
262 3447 335 3527 quia
363 3445 483 3508 omuino
508 3444 580 3507 mihi
611 3462 840 3524 proposueram,
873 3446 938 3508 lata
969 3464 1069 3508 curem
1096 3446 1260 3510 ministerio
1289 3449 1460 3524 sententias

110 3535 281 3606 baedae„
313 3536 383 3598 llcn
406 3535 545 3596 videbam
569 3541 681 3608 autem,
713 3552 851 3614 quorsum
877 3533 963 3604 mihi,
993 3553 1051 3596 ιιι
1075 3534 1124 3596 diu
1148 3535 1195 3600 hic
1218 3545 1450 3610 commoratum,

110 3625 262 3702 prodesset
296 3631 415 3687 tantum
442 3641 517 3686 onus
546 3621 766 3701 exemplarium.
819 3623 888 3686 Jam
916 3629 983 3684 rato
1010 3642 1077 3686 meo
1104 3625 1243 3706 conjugio
1272 3627 1451 3690 manendum

111 3713 173 3775 mihi
194 3721 264 3778 est:
289 3722 323 3776 et
340 3713 469 3794 pretinm
487 3711 663 3774 tolerabile..
684 3712 751 3775 Non
774 3730 874 3792 pugno
897 3711 989 3790 igitur
1009 3711 1146 3792 amplius,
1171 3713 1250 3795 quin,
1272 3715 1299 3777 si
1321 3717 1451 3778 nundum

111 3819 169 3864 ιιι
194 3803 388 3884 typographo
414 3800 576 3882 pepigisti,
606 3800 669 3881 jam
701 3818 789 3880 porro
820 3801 874 3862 illa
903 3796 968 3864 200
995 3802 1178 3881 exemplaria
1207 3803 1278 3870 mibi
1306 3797 1450 3868 vindices.

112 3889 323 3974 typographus
346 3909 472 3972 parvam
489 3908 603 3952 moram
617 3907 708 3970 aequo
724 3890 822 3959 animo
836 3891 925 3952 serat.
958 3889 1033 3952 Mihi
1056 3891 1193 3955 intanto
1216 3891 1331 3956 itineris
1353 3894 1449 3957 inter-

110 3981 198 4056 rabo,
229 3989 323 4044 tanta
348 3988 487 4044 monetae
509 3978 658 4040 varietate
678 3978 961 4058 tabellariorumque
983 3979 1108 4059 perfidia
1130 3999 1189 4042 ιιι
1212 3981 1257 4043 ita
1280 3983 1450 4062 expeditum

111 4077 161 4144 est,
183 4071 344 4152 pecuniam
367 4087 530 4132 numerare.
566 4065 685 4130 -Tribus
705 4075 807 4128 autem
837 4067 964 4131 diversis
988 4067 1095 4130 Suavis
1118 4069 1244 4132 eandem
1266 4088 1342 4150 pene
1366 4091 1449 4134 sum-

112 4175 180 4222 ιιιιι
203 4157 247 4224 33
271 4161 449 4222 florenorum
471 4157 519 4219 bic
544 4155 691 4218 Grastii
682 4175 744 4235 Jam
767 4156 933 4230 numeravi,
959 4175 1047 4239 quam
1071 4157 1115 4222 illi
1137 4177 1191 4238 per
1214 4178 1283 4220 snos
1307 4170 1449 4239 parentes

114 4244 359 4352 Gmppenbachio
389 4253 543 4308 numerent
570 4246 651 4307 iutra
678 4245 823 4306 trimestre
852 4253 980 4327 tempus.
1031 4243 1071 4308 10
1094 4247 1124 4310 fl
1148 4247 1303 4310 Hervarto
1327 4249 1448 4310 Essliu-

112 4339 196 4415 gensi,
221 4333 335 4419 ΒΉ.
360 4335 454 4398 Lucio
467 4332 697 4416 Waiblingensi,
721 4331 815 4396 1211.
840 4335 951 4397 Murrio
974 4334 1176 4415 Marpecensi.
1209 4337 1250 4399 Et
1273 4337 1309 4399 de
1334 4337 1447 4399 duobus

111 4426 245 4491 ultimis'
231 4445 297 4510 Jam
321 4433 424 4489 certus
447 4443 525 4497 sum,
556 4424 592 4486 de
615 4423 710 4505 primo
729 4430 763 4485 ut
784 4424 847 4486 viro
871 4424 1018 4504 locuplete
1042 4424 1117 4486 bene
1141 4444 1238 4505 spero.
1286 4425 1348 4487 Sed
1371 4425 1446 4484 hanc
1524 4451 1528 4460 ·

113 4513 273 4582 intricatam
299 4513 459 4578 solutionis
482 4514 562 4576 viam
580 4511 780 4596 typographus
798 4511 900 4593 procul
921 4511 1009 4574 dubio
1030 4515 1217 4576 aversabitur
1239 4521 1273 4574 ut
1291 4513 1445 4574 incertam

113 4601 204 4674 Quare
227 4605 304 4669 nihil
328 4605 374 4667 illi
398 4603 435 4664 de
464 4603 550 4664 modo
579 4601 681 4670 dicas,
712 4609 841 4677 ιιιιιιι,
872 4601 1090 4681 persoluturum
1117 4621 1163 4664 me
1192 4601 1339 4663 hominem
1366 4597 1446 4660 intra

113 4689 263 4760 incuses
287 4695 328 4758 ab
354 4713 408 4764 eo,
437 4711 492 4774 quo
517 4690 700 4773 exemplaria
723 4685 869 4771 accepero.
917 4687 1100 4771 opusculum
1123 4691 1219 4771 ipsum
1241 4685 1444 4766 mihiplacet

113 4793 139 4848 ct
158 4788 274 4854 omniuo
299 4781 478 4865 gratisshua
500 4790 549 4844 est
568 4779 622 4844 illa
645 4788 699 4844 tua
721 4777 869 4842 ιιιιιιιίι
893 4779 930 4842 de
952 4779 1129 4842 Aristarcho
1152 4777 1262 4840 Samio.
