3586 5518
731 283 883 350 ιιι-ιιι
1272 239 1275 248 ’
1427 289 1488 356 ιιι

125 445 213 508 istius
235 463 328 526 quam
351 445 433 508 illius
457 453 555 508 motas
579 444 701 518 fortior,
726 445 790 506 sive
815 445 951 516 citatior,
976 446 1040 508 sive
1059 445 1216 526 pernicior,
1241 447 1305 510 sive
1329 407 1487 528 vigentior,

126 553 178 596 seu
202 552 380 614 quoeunque
404 534 498 597 verbo
520 553 583 596 rem
607 534 776 614 exprimere
799 534 910 613 placet.
949 525 1007 596 At
1018 543 1130 615 quanto
1154 536 1236 598 orbis
1255 536 1327 598 orbe
1352 538 1487 618 amplior,

126 629 212 685 tauto
233 623 304 703 plus
328 623 475 703 temporis
499 623 590 684 etiam
614 621 740 702 requirit
762 623 801 683 ad
829 622 994 698 ambitum,
1029 625 1087 686 etsi
1116 624 1254 706 utrinque
1284 625 1326 687 sit
1352 628 1488 730 aequalis

125 713 168 774 ris
192 720 304 774 motus.
338 711 421 790 Ergo
444 711 512 774 hinc
536 711 679 792 sequitur,
704 729 793 772 uuam
818 711 1039 791 elongationem
1058 713 1200 791 planetae
1219 712 1324 776 aSole
1343 715 1488 795 majorem

124 801 170 864 bis
193 803 296 863 iacere
321 799 360 862 ad
384 800 553 880 augendam
576 799 749 879 periodum:
782 808 814 861 et
838 810 956 876 εοιιιιι,
986 801 1204 865 incrementum
1227 801 1342 881 periodi
1367 804 1488 885 duplum

123 908 190 952 esse
214 891 255 952 ad
280 887 482 966 ἀιοςιματωι
503 886 752 960 differentiam.¹)

209 969 377 1041 Dimidium
401 976 492 1057 igitur
514 976 689 1040 incrementi
713 976 848 1041 additum
871 976 995 1058 periodo
1019 977 1125 1039 minori
1144 976 1285 1041 exhibere
1305 978 1396 1042 dehet
1413 1000 1486 1060 pro-

124 1069 295 1148 portionem
320 1084 423 1126 reram
447 1065 678 1128 distantiarum:
700 1065 747 1127 sic
772 1073 805 1127 ut
828 1072 1027 1145 aggregatum
1051 1065 1100 1140 sit,
1126 1076 1160 1128 ιιι
1178 1066 1326 1130 distantia
1349 1068 1487 1148 superio·

123 1157 163 1218 ris
186 1166 220 1218 et
242 1155 374 1235 simplex
392 1153 487 1216 minor
501 1155 641 1238 periodus
657 1161 866 1233 repraesentet
880 1154 1037 1229 inferioris,
1064 1173 1107 1216 sc.
1132 1155 1274 1236 planetae
1299 1156 1346 1218 sui
1369 1156 1488 1222 distan-

122 1247 195 1308 tiam
225 1246 258 1307 in
287 1243 395 1306 eadem
423 1243 602 1323 quantitate.
648 1242 847 1322 Exemplum:
881 1243 903 1320 ξι
935 1251 1034 1304 motus
1067 1243 1237 1322 periodicus
1270 1253 1318 1307 est
1349 1241 1393 1308 88
1426 1248 1488 1308 lere

124 1335 249 1410 ιιιειιιιιι,
275 1329 407 1394 Veneris
431 1329 496 1394 224
518 1351 586 1394 curn
607 1331 695 1394 hesse
716 1333 818 1406 ferme,
844 1330 1014 1394 differentia
1043 1326 1103 1396 136
1127 1341 1158 1394 et
1182 1333 1245 1407 hes,
1270 1333 1422 1396 dimidium
1446 1331 1489 1398 68

123 1431 153 1484 ει
173 1441 250 1502 pars
273 1418 377 1483 tertia.
423 1421 489 1482 Hoc
508 1421 648 1500 junctum
672 1439 739 1483 cum
762 1415 806 1484 88
830 1420 919 1482 efficit
948 1415 1008 1483 156
1032 1429 1063 1482 ει
1086 1421 1236 1484 trientem.
1283 1421 1365 1501 Ergo
1389 1432 1423 1485 ut
1445 1421 1489 1486 88

124 1513 160 1574 ad
186 1507 254 1574 156
278 1529 346 1572 cum
369 1507 480 1583 tertia,
515 1511 558 1571 sic
589 1509 813 1570 semidiameter
840 1509 944 1571 circuli
967 1509 1157 1571 Mercurialis
1182 1509 1271 1572 rnedii
1295 1511 1334 1572 ad
1358 1513 1488 1574 mediam

124 1601 266 1663 Veneris.
303 1599 371 1662 Hoc
395 1597 533 1659 modo'
508 1617 533 1660 ιι
552 1597 582 1659 in
602 1597 727 1677 siugulis
743 1597 885 1676 opereris,
912 1605 1002 1678 atque
1026 1597 1238 1678 provenientes
1262 1598 1349 1661 binas
1368 1601 1487 1662 distan-

124 1691 181 1752 tias
203 1707 263 1770 per
284 1703 428 1750 numeros
451 1685 569 1750 sinuurn
593 1686 736 1766 explices,
762 1685 806 1749 sic
828 1695 863 1748 ut
886 1705 1005 1803 semper
1024 1685 1187 1768 superioris
1206 1687 1430 1752 semidiameter
1448 1689 1489 1752 ait

125 1779 204 1842 unus
229 1785 338 1842 totus:

700 1911 820 1989 2ι574
1126 1913 1192 1980 572

457 2003 615 2084 proveniet
701 1999 818 2074 <5274
919 2005 963 2065 Αι
986 2011 1034 2065 est
1125 2001 1190 2067 290
1248 2073 1251 2084 ,

428 2090 650 2156 semidiameter
701 2088 844 2170 6694
965 2092 993 2154 in
1125 2089 1191 2158 658

496 2179 577 2244 orbis
702 2177 817 2256 9762
892 2179 1060 2263 Coperuico
1126 2177 1191 2246 719
1324 2217 1328 2226 ,

707 2267 816 2348 8563
1125 2265 1191 2356 500
1211 2265 1256 2346 ⁸⁰)

209 2395 361 2476 Propius,
391 2403 426 2458 ut
449 2395 553 2470 vides,
582 2396 620 2457 ad
644 2394 804 2458 veritatem
829 2393 1020 2458 accessimus.
1036 2397 1063 2468 ¹)
1109 2396 1178 2458 Etsi
1202 2415 1273 2458 vero
1297 2396 1419 2472 dubito,
1450 2417 1489 2460 an

126 2484 366 2548 demonstrativa
388 2485 546 2558 methodo,
577 2485 655 2565 quod
680 2485 836 2546 theorema
859 2481 1047 2558 instituerat,
1076 2485 1181 2564 praxis
1204 2485 1266 2547 ista
1288 2484 1402 2547 divisae
1427 2486 1489 2548 dii-

128 2574 271 2637 ierentiae
297 2583 442 2636 assecuta
465 2571 555 2635 inerit
581 2591 636 2654 per
664 2573 763 2636 omnia
776 2571 826 2647 ιι)ι
860 2581 961 2634 tamen
994 2591 1051 2635 nou
1086 2574 1205 2636 omnino
1237 2573 1310 2636 nihil
1342 2574 1372 2635 iu
1406 2575 1488 2638 hisce

126 2661 256 2727 numeris
280 2663 388 2738 latere,
414 2663 535 2726 credere
559 2682 606 2725 ιιιε
627 2662 716 2742 jubet
737 2661 798 2724 alia
822 2660 997 2723 numerandi
1019 2664 1197 2737 methodus,
1222 2682 1281 2744 qua
1305 2662 1344 2724 ad
1368 2663 1490 2726 eosdem

127 2773 264 2816 numeros
288 2753 439 2816 revolvar.
478 2748 558 2823 Quia
578 2751 657 2814 enim
676 2750 830 2831 probabile
846 2758 903 2826 est,
928 2749 1133 2813 fortitudinem
1157 2760 1254 2814 motus
1278 2770 1345 2814 cum
1369 2750 1489 2814 distau-

127 2842 174 2904 tiis
196 2862 269 2905 esse
291 2842 323 2904 iu
347 2841 559 2921 proportione:
583 2839 643 2904 erit
665 2848 696 2902 et
719 2839 775 2902 hoc
793 2837 959 2920 probabile,
984 2840 1061 2919 quod
1086 2839 1211 2920 quilibet
1234 2841 1366 2921 planeta,
1391 2859 1489 2920 quan-

127 2941 187 2994 tum
211 2937 339 3011 superat
369 2929 553 3009 superiorem
581 2929 755 2993 fortitudine
787 2938 906 3002 motus,
939 2935 1057 2990 tautum
1090 2937 1248 3008 superetur
1275 2928 1304 2990 in
1331 2927 1488 2991 distantia.

127 3019 202 3082 Esto
232 3019 344 3100 igitur,
379 3018 508 3098 exempli
541 3018 659 3098 gratia,
693 3017 803 3079 Martis
829 3027 862 3080 et
889 3016 1038 3078 distantia
1064 3024 1097 3079 et
1119 3018 1217 3080 virtus
1240 3017 1349 3080 unitas.
1394 3015 1490 3096 Igitur

128 3110 220 3189 quota
244 3107 397 3189 perticuli
419 3106 540 3170 virtutis
563 3108 696 3169 Martiae
720 3107 823 3168 Tellus
846 3107 946 3168 Marte
970 3105 1077 3168 tortior
1104 3114 1170 3168 est:
1199 3114 1298 3188 totam
1324 3105 1489 3168 distantiae

129 3198 257 3260 Martiae
281 3197 463 3278 particulam
483 3196 615 3260 amittet.
652 3197 719 3259 Hoc
743 3195 830 3257 facile
853 3195 889 3256 fit
910 3213 964 3274 ρει
987 3195 1122 3276 regulam
1145 3195 1235 3258 falsi:
1258 3213 1337 3274 pono
1360 3213 1489 3276 namque

131 3288 243 3348 radium
268 3287 399 3348 Telluris
424 3286 462 3347 ad
485 3285 629 3349 Martium
653 3303 720 3346 esse
744 3292 778 3346 ιιι
801 3279 867 3348 694
890 3283 928 3345 ad
955 3281 1055 3360 1000,
1079 3301 1163 3364 ergo,
1188 3283 1302 3366 inquio,
1327 3284 1352 3346 si
1376 3283 1487 3365 ampli-

130 3378 199 3438 tudo
223 3376 328 3438 circuli
352 3394 407 3456 per
424 3371 508 3438 1000
532 3383 641 3436 notata
662 3373 888 3454 perambulatur
911 3395 929 3434 a
952 3373 983 3434 ιι
1006 3374 1131 3436 metrice
1146 3373 1261 3436 Martia
1284 3370 1348 3438 687
1373 3372 1488 3448 diebus,

130 3464 389 3544 perambulabitur
412 3464 518 3526 eadem
541 3463 571 3526 vi
594 3463 709 3526 Martia
733 3461 862 3526 circulus
885 3461 997 3540 minor,
1031 3481 1086 3544 per
1116 3458 1181 3528 694
1209 3471 1350 3536 notatus,
1383 3462 1488 3526 diebus

129 3551 203 3618 477.
251 3555 322 3616 Jaru
348 3553 418 3633 quia
440 3561 556 3616 certum
580 3561 637 3626 est,
663 3553 774 3614 Terrae
798 3551 952 3614 circuitum
976 3570 1122 3614 essenon
1143 3545 1229 3628 477,
1254 3552 1308 3614 sed
1332 3547 1396 3614 365
1421 3553 1487 3614 die-

130 3663 211 3706 rum:
239 3661 335 3723 pergo
364 3662 417 3722 per
444 3643 579 3722 regulam
603 3643 753 3704 inversam
781 3639 843 3702 sic:
873 3640 938 3702 dies
961 3638 1025 3704 477
1051 3651 1295 3704 consumerentur
1317 3661 1337 3703 a
1359 3639 1488 3721 simplici

131 3733 158 3793 ιι
179 3733 314 3805 Martia:
348 3739 491 3812 quantum
519 3733 556 3792 de
585 3731 614 3791 vi
637 3731 752 3792 Martia
777 3729 926 3792 consumit
954 3729 1109 3792 circuitum
1134 3725 1199 3793 365
1229 3748 1295 3792 curu
1319 3731 1487 3810 quadrante

131 3821 240 3883 dierum
263 3839 320 3900 per
342 3820 469 3882 eundem
493 3819 648 3893 ambitum,
672 3837 759 3898 quem
783 3819 868 3880 Mars
891 3820 1051 3880 conficeret
1072 3815 1137 3880 477
1161 3816 1290 3880 diebus?
1326 3819 1406 3880 Nam
1430 3820 1487 3882 du·

132 3908 207 3971 bium
234 3929 294 3972 uon
329 3915 396 3981 est,
431 3909 499 3989 quin
533 3908 639 3970 fortior
665 3907 762 3968 virtus
790 3908 960 3986 requiratur
987 3924 1075 3986 quam
1105 3915 1154 3968 est
1175 3907 1298 3970 Martia.
1345 3907 1490 3971 Provenit

132 3997 218 4076 igitur
250 4016 345 4077 supra
377 3998 526 4076 integram
558 3998 620 4059 vim
642 3996 788 4058 Martiam
816 3996 913 4057 adhuc
943 3989 1064 4076 mim„
1096 4015 1169 4076 pars
1196 3996 1332 4076 ejusdem
1353 3996 1487 4060 virtutis.

131 4085 170 4148 Et
191 4097 308 4150 tautum
325 4086 428 4148 Tellus
442 4086 543 4148 Marte
568 4085 675 4148 fortior
698 4093 764 4147 est:
791 4085 880 4146 debet
902 4083 995 4164 igitur
1018 4093 1051 4146 ει
1073 4093 1158 4146 tauto
1181 4085 1303 4187 propior
1321 4103 1390 4146 esse
1406 4085 1488 4160 Soli:

133 4195 232 4258 nempe
256 4177 284 4238 si
307 4176 393 4236 Mars
417 4192 471 4255 ρει
497 4172 582 4238 1000
606 4195 624 4235 a
649 4173 721 4236 Sole
746 4174 872 4235 recessit
899 4173 1060 4245 (distantia
1083 4174 1161 4235 enim
1184 4173 1346 4254 superioris
1370 4193 1488 4254 semper

133 4273 178 4325 est
198 4268 347 4346 integrum
372 4265 459 4345 quid)
483 4263 583 4325 Tellus
603 4282 658 4342 per
672 4258 736 4325 306
751 4281 855 4323 earum
878 4263 1007 4341 partium
1030 4249 1153 4340 propior
1176 4263 1252 4324 erit:
1277 4271 1310 4324 ει
1332 4263 1486 4338 subtracto

134 4353 273 4433 superiori
296 4349 362 4416 306
387 4352 425 4414 ab
448 4351 579 4413 inferiori
604 4349 697 4424 1000,
722 4351 812 4412 debet
834 4351 992 4452 provenire
1016 4369 1155 4412 numerus
1179 4350 1264 4413 initio
1287 4351 1414 4431 positus,
1438 4349 1487 4409 vi-

133 4443 235 4506 delicet
258 4439 334 4517 694,
360 4441 386 4501 ιι
410 4459 483 4503 vera
507 4439 563 4502 luit
586 4441 639 4502 illa
661 4439 792 4520 position
817 4439 862 4500 siu
887 4440 966 4500 falsa
986 4437 1073 4516 foret,
1098 4459 1169 4520 ergo
1189 4438 1357 4520 operareris
1376 4455 1486 4498 secun-

134 4531 195 4594 dum
217 4539 384 4614 praecepta
407 4529 543 4610 regulae,
568 4537 599 4590 et
621 4529 746 4590 eliceres
770 4546 872 4588 veram
896 4525 1091 4608 positionem.

213 4621 311 4684 Vides
336 4619 394 4701 hoc
417 4619 513 4680 altero
537 4619 723 4680 theoremate
747 4615 903 4697 provenire
926 4635 984 4678 nou
1009 4615 1100 4692 alios,
1124 4635 1214 4697 quam
1236 4609 1405 4692 superiores
1428 4627 1486 4669 uu·

134 4729 238 4776 nuos:
262 4709 341 4774 unde
357 4715 473 4772 certum
487 4713 535 4770 est
549 4707 606 4770 duo
625 4707 687 4770 iste
701 4704 892 4770 theoremata
905 4705 1001 4770 forma
1024 4705 1143 4787 quidem
1158 4703 1286 4772 differre,
1311 4695 1365 4758 sed
1379 4713 1487 4758 revera
