3586 5518
629 261 750 314 ΕΜ·
767 261 914 326 mmm·
1393 259 1455 326 105

111 419 208 498 reliquo
229 417 321 482 etiam
348 420 472 484 dimidio
496 417 653 484 excurrat?
698 417 854 504 EStyria
876 421 1045 502 quondam,
1069 429 1104 483 ut
1127 421 1204 496 dixi,
1230 421 1269 484 ad
1293 423 1454 499 Brsheum,

109 507 135 570 id
154 514 199 568 est
217 507 254 568 ad
277 527 374 589 opus
397 509 615 572 Tabularum
637 508 955 590 Rudolphinarum
978 510 1201 585 maturandum,
1222 511 1380 589 'proiectus
1404 523 1453 575 est

110 595 211 657 lrliellns
232 595 302 672 iste,
329 617 378 660 me
403 598 513 660 latore:
539 599 608 680 qnid
631 598 778 672 insolens,
813 598 883 678 quid
912 599 988 662 adeo
1011 599 1140 662 alienum
1169 621 1187 660 a
1209 600 1338 679 pristino
1361 601 1454 664 iristi-

111 691 165 745 tuto
185 691 294 755 restro,
320 687 479 760 Proceres,
503 688 572 768 quid
596 685 723 767 deniqne
746 705 804 748 non
828 695 947 766 matum
970 687 1161 750 Fordinando
1185 687 1363 766 Imperatori
1388 690 1455 754 Au-

109 781 205 854 gusto,
231 773 388 856 Rudolphi
412 783 482 856 post
505 775 668 838 Matthiam
692 775 874 850 successori,
908 776 1060 850 feceritis,
1096 775 1122 838 si
1146 785 1349 839 revertentem
1377 798 1455 842 nunc

109 861 238 936 libellum,
256 871 397 926 veterem
419 864 556 926 clientem
574 872 718 938 vestrum,
743 864 781 924 de
805 865 894 926 robus
917 864 1035 926 interea
1058 865 1154 944 gestis
1183 866 1328 942 audiatis,
1353 868 1379 930 si
1402 875 1453 930 ta-

109 950 225 1012 bnlarnm
248 969 328 1032 opus
352 953 534 1015 laboriosum
557 963 588 1016 et
611 951 789 1024 sollicitum,
821 951 847 1013 si
871 952 996 1015 delicias
1021 952 1141 1016 humani
1163 955 1298 1034 generis,
1334 955 1361 1018 si
1388 955 1455 1018 Ru-

109 1038 196 1117 dolpli
213 1039 413 1121 Imperatoris
436 1061 540 1104 nomen
563 1042 760 1121 honoresque,
784 1039 903 1102 modica
917 1041 1102 1104 liberalitate
1120 1043 1340 1122 promovendos
1355 1045 1454 1106 susci:

107 1127 201 1206 piatis;
223 1129 249 1190 si
274 1129 357 1193 lisnc
371 1131 607 1193 vetustissimam
626 1129 907 1193 mathematicorum
922 1125 1147 1210 disciplinarum
1163 1132 1335 1194 clientelam
1351 1133 1457 1195 domus

108 1217 269 1292 Austriacc,
302 1237 339 1280 ne
367 1219 425 1298 hoc
453 1220 571 1302 quidem
600 1217 780 1300 glorissimo
808 1227 891 1280 motu
918 1237 1079 1294 concussa,
1122 1220 1329 1283 intercedente
1352 1229 1457 1283 vestre

108 1307 321 1368 succenturiata
343 1309 550 1388 providentia,
575 1308 711 1371 dimittet
733 1307 884 1369 exterisve
908 1308 1019 1370 cedat?
1080 1345 1083 1356 ·

182 1394 238 1456 Hic
261 1396 357 1474 igitur
379 1397 578 1459 dedicationis
602 1397 690 1476 hujus
717 1395 866 1476 repetitae
890 1413 999 1477 scopus
1022 1404 1108 1472 esto,
1138 1415 1226 1477 quem
1249 1395 1276 1459 si
1300 1404 1455 1472 svestra,

107 1482 247 1558 Proceres,
273 1485 501 1565 magnificentia
524 1486 607 1548 luero
631 1492 842 1564 consequutus,
866 1483 897 1546 id
921 1503 1007 1547 omen
1032 1485 1103 1547 milri
1118 1485 1279 1548 maximnm
1299 1485 1364 1561 erit,
1383 1486 1457 1561 lore,

107 1580 135 1633 nt
153 1573 324 1654 prinsquam
347 1592 403 1654 ogo
422 1573 631 1655 Rudolplrinas
657 1575 687 1636 in
718 1573 813 1635 lucem
842 1573 995 1652 protorum
1021 1573 1187 1654 colophone
1215 1569 1275 1637 hoc
1296 1583 1455 1637 restaura-

108 1660 171 1721 tioni
192 1661 415 1724 astronomicae
438 1663 597 1743 imposito:
621 1668 815 1724 restauratus
838 1661 894 1723 sul)
916 1661 1107 1725 Fordinendo
1130 1663 1170 1725 ll.
1195 1670 1268 1743 post
1295 1681 1390 1725 annos
1419 1664 1458 1727 ab

108 1767 225 1828 excessu
241 1751 425 1813 Fordincndi
451 1753 475 1815 l.
498 1751 596 1815 minus
620 1750 794 1828 sexaginte,
819 1749 1041 1829 provinciarum
1058 1751 1289 1814 Austrioosrum
1316 1752 1458 1834 antiquus

109 1837 150 1897 ille
171 1838 334 1916 quinarius,
358 1833 506 1920 repressis
529 1840 618 1903 bellis
641 1839 787 1913 civilibus,
812 1845 845 1902 et
863 1856 939 1917 pace
958 1859 1058 1902 rerum
1076 1839 1191 1920 optima
1205 1840 1339 1914 reducta,
1361 1842 1457 1905 denuo

108 1926 250 2004 pristinum
279 1928 310 1989 in
340 1929 467 1990 nitorem
491 1929 679 2002 efflorescat:
703 1928 780 2008 quod
803 1945 906 2002 omen,
931 1927 1094 2008 angoribus
1117 1929 1155 1990 ob
1179 1929 1260 1991 mols
1282 1930 1459 2008 praesentis

108 2033 156 2074 non
177 2015 283 2078 leviter
306 2027 493 2096 quassatum,
518 2017 600 2078 Deus
623 2017 697 2096 Opi.
722 2017 803 2079 Max.
829 2016 1023 2078 miseratione
1048 2016 1213 2087 ecclesiae,
1237 2017 1289 2080 filii
1313 2018 1361 2079 sui
1384 2037 1457 2080 son-

108 2103 184 2180 gnine
210 2107 379 2178 redemtae,
417 2105 563 2185 propitius
591 2107 697 2174 firmet,
722 2105 796 2166 irsm
826 2121 912 2166 snam
947 2106 1069 2167 tandem
1098 2125 1118 2166 a
1135 2103 1231 2168 ‘nobis
1260 2123 1401 2168 eversam
1424 2109 1457 2169 in

109 2199 202 2269 gentes
228 2193 389 2255 ecclesiam
412 2202 570 2256 vastantes
598 2201 772 2266 convertat,
805 2191 961 2271 imperium
989 2193 1171 2256 Fordiuandi
1199 2195 1237 2257 Il.
1262 2195 1338 2275 Imp.
1364 2195 1456 2276 Aug,

109 2279 254 2344 exstinctis
285 2281 397 2343 irsrnm
427 2281 584 2344 incentivis
613 2282 740 2344 salutari
772 2280 952 2343 clementiae
981 2301 1056 2345 suro
1090 2283 1261 2364 mitigatum
1285 2292 1458 2364 prosperet3

109 2387 158 2445 qna
178 2370 294 2432 ratione
313 2378 346 2432 et
370 2369 489 2452 Styria,
515 2373 651 2433 torturae
677 2389 761 2432 roone
784 2369 882 2448 prima
901 2369 1094 2444 incunabulo,
1125 2389 1249 2452 cumque
1272 2372 1326 2434 ills
1348 2382 1381 2436 et
1403 2391 1458 2435 vos

109 2459 338 2520 reverendissimi
363 2460 644 2541 generosissimique
668 2458 824 2529 Procoros,
848 2458 903 2520 sub
927 2457 984 2520 alis
1008 2459 1127 2540 aquilae
1152 2461 1210 2523 tuti
1235 2479 1254 2522 c
1277 2460 1394 2524 vulture
1417 2461 1456 2524 ll-

110 2545 238 2620 mitaneo,
261 2566 422 2628 rerumque
446 2549 575 2610 omniurn
599 2547 685 2628 copis
708 2545 882 2626 locupletes,
907 2547 937 2608 in
961 2565 1056 2610 conos
1080 2549 1251 2612 innumeros
1270 2549 1456 2630 perduretis:

111 2633 204 2712 quibus
226 2635 332 2697 debita
355 2655 424 2697 cnm
446 2638 640 2699 veneratione
662 2655 709 2697 me
732 2634 919 2697 commendo.

187 2723 308 2786 Valeto.
358 2725 478 2786 Dabam
500 2724 693 2788 Frankolnrti
717 2721 770 2788 20.
796 2719 883 2798 (3⁰.)
905 2723 988 2786 Junii
1010 2719 1104 2786 1621.

406 2811 483 2876 Rev.
508 2824 539 2877 et
563 2814 640 2877 Gen.
664 2814 748 2893 Meg.
773 2813 814 2874 V.

845 2897 1051 2962 deditissimus
1075 2897 1170 2962 cliens

648 2990 790 3052 Joormes
811 2985 984 3069 Καρία-ιω,
1009 2987 1080 3050 olim
1103 2985 1225 3070 Styriae
1248 2967 1414 3066 procerum,
1534 2949 1536 2956 ‚

628 3086 698 3158 post
722 3077 817 3157 impp.
835 3074 942 3140 Ososs.
963 3075 1117 3156 Rudolphi
1140 3085 1172 3138 et
1186 3074 1348 3150 Matthias,
1373 3076 1393 3139 Ι.
1419 3095 1459 3140 m.

625 3166 710 3230 ordd.
732 3185 760 3247 q.
777 3163 921 3229 Austrias
942 3162 1198 3266 Supr-Anisauso
1212 3164 1460 3228 Mathematicus.
