3542 5528
707 341 868 393 eomm-
1330 283 1331 288 Ν
1420 341 1462 410 ιι

117 506 160 560 ιιι
188 517 260 560 anno
296 495 384 564 1569
414 499 535 562 biennio
558 509 628 562 ente
651 520 698 563 me
721 509 833 564 natum.
876 502 977 582 Antor
999 501 1114 564 Remus
1138 503 1238 566 estin
1264 502 1385 565 scholis
1400 505 1461 568 suis

115 592 179 660 (non
199 585 392 662 Geometria)
418 588 619 652 Geometricis
642 590 713 668 folip
734 587 777 654 49
793 599 829 652 et
843 589 896 654 50.
944 589 1011 662 Quo
1035 591 1100 654 loco
1123 591 1239 653 Ramns
1262 592 1463 674 praemium

115 675 357 740 conformatae
396 679 536 760 absque
578 679 845 761 hypothesibus
875 680 1126 760 'astrologiae
1170 681 1331 760 spondet
1376 700 1462 744 snae

113 765 355 844 professionis
378 769 600 830 cessionem.
646 767 681 831 Si
703 768 818 831 Romus
843 768 912 831 illas
936 769 1153 830 exterminatas
1172 770 1256 848 cupit
1269 770 1460 852 hypotheses,

113 871 179 934 qnae
202 863 234 916 ιι
257 857 646 939 credanturpostulcntnr,
670 859 923 938 conprobantur,
949 866 981 918 et
1004 858 1029 920 si
1054 858 1140 924 hanc
1153 859 1266 938 absque
1281 859 1459 940 hypothesi·

111 943 159 1005 bns
188 945 409 1009 astronomiam
440 947 561 1022 laudat,
590 965 667 1028 quae
700 948 794 1010 solius
825 955 951 1034 naturae
975 955 1125 1026 apparatu
1147 947 1262 1011 orbium
1286 948 1461 1011 coelestium

110 1041 242 1095 contenta
266 1044 327 1108 est,
352 1035 573 1116 quodquidam
597 1045 665 1098 ante
690 1044 721 1098 et
743 1044 813 1116 post
835 1036 954 1098 omuino
978 1037 1098 1098 innuere
1114 1035 1246 1101 videtur:
1273 1037 1396 1100 vicimus
1411 1038 1459 1100 vel

109 1121 167 1202 Ego
188 1123 237 1184 rel
262 1121 471 1204 Ooperuious,
498 1127 545 1187 vel
568 1135 693 1228 uterque
716 1126 820 1196 ιΙιιιιιΙ,
844 1103 987 1206 nobisque
1011 1125 1160 1206 professio
1184 1126 1309 1188 debetur
1331 1111 1458 1188 Rarnee.

108 1207 155 1272 Sin
178 1219 280 1274 autem
303 1213 423 1276 Remus
447 1233 550 1278 omnes
573 1215 694 1276 omnino
717 1215 901 1296 hypotheses
924 1215 1024 1295 rejicit
1046 1233 1098 1276 sou
1122 1233 1210 1278 veras
1238 1225 1269 1276 et
1297 1217 1460 1291 natur,ales

107 1319 154 1362 sen
176 1301 284 1375 falsas,
309 1311 375 1365 tum
396 1303 429 1365 id
453 1312 509 1380 est,
534 1305 612 1385 qnod
635 1304 825 1385 supradixi:
850 1304 962 1366 stultus
984 1322 1099 1383 nempe,
1124 1303 1214 1386 idque
1236 1315 1271 1367 nt
1291 1307 1397 1385 opinor
1411 1306 1458 1366 vel

62 1449 75 1466 θ
108 1397 133 1449 ιι
146 1390 256 1470 judice.
307 1391 425 1456 Verum
447 1401 482 1454 ut
503 1395 657 1474 utriusque
680 1392 784 1464 honori
808 1395 990 1469 consulatur,
1013 1394 1094 1454 malo
1117 1411 1167 1456 me
1186 1393 1389 1474 professorem
1409 1413 1459 1456 ιι-

106 1478 178 1558 qinm
201 1499 295 1561 qnam
319 1481 449 1545 Remum
473 1485 598 1546 stultum
622 1483 784 1562 appellare.
831 1483 897 1544 Hoc
920 1501 1011 1544 unum
1033 1490 1092 1545 est.

183 1570 256 1633 Jam
280 1579 382 1651 porro,
406 1579 441 1634 ut
463 1569 576 1652 Regius
589 1572 748 1635 Professor
771 1570 884 1652 aliquid
907 1571 1000 1634 etiarn
1024 1590 1077 1634 suo
1101 1571 1189 1634 titulo
1213 1572 1335 1652 dignum
1358 1580 1456 1652 gerat,

106 1660 237 1739 proponit
260 1660 320 1722 tibi
347 1659 520 1727 Clarissima
543 1660 581 1723 D
604 1669 782 1764 praeceptor
803 1661 958 1741 problema
982 1651 1212 1723 Geometricnm.
1239 1691 1280 1704 -
1305 1661 1456 1742 Triangu-

106 1747 159 1809 lum
181 1749 395 1829 rectangulum
418 1749 614 1825 constituere,
643 1751 726 1830 cujus
754 1751 854 1811 omnia
884 1750 943 1812 tria
966 1751 1063 1812 latere
1086 1750 1148 1812 sint
1169 1749 1297 1813 invicem
1320 1751 1458 1813 continue

104 1838 347 1916 proportionalia,
372 1847 407 1900 nt
425 1839 503 1902 sicut
525 1839 622 1901 minus
646 1840 736 1901 latus·
749 1840 789 1901 ad
811 1839 908 1919 majus
932 1838 1012 1901 ciros
1035 1845 1158 1914 rectum,
1183 1840 1227 1902 sio
1251 1841 1307 1902 hoo
1329 1839 1367 1903 ad
1383 1839 1457 1902 sub-

104 1935 214 1990 tensam
237 1936 337 1990 recto.
375 1928 571 1991 Utilitatem
563 1929 744 1990 inventionis
760 1928 906 2008 insignem
920 1929 1032 2002 nescio,
1056 1929 1114 1990 nisr
1105 1927 1208 2009 qnod
1222 1929 1318 2009 magis
1334 1936 1460 1990 esomst

104 2017 307 2106 geometriam.
352 2016 470 2078 Νιιιιι
446 2037 473 2080 ιι
492 2017 637 2097 pensitas,
662 2017 786 2090 videbis,
812 2037 901 2079 unam
921 2018 1131 2080 tautummodo
1148 2018 1276 2082 formem
1300 2019 1375 2096 ejus,
1400 2036 1462 2080 non

103 2105 196 2183 plnres
219 2125 291 2168 esse
316 2123 418 2186 posse.
465 2106 602 2168 Ioventio
627 2107 745 2186 Magiro
770 2107 910 2182 debetur,
944 2125 1003 2187 qua
1026 2107 1133 2168 adeo'
1126 2125 1223 2187 rpsnm
1246 2108 1379 2170 officiose
1404 2127 1458 2168 sa·

104 2194 173 2270 luto,
202 2202 387 2276 gratumque
411 2215 459 2258 me
486 2195 530 2258 illi
562 2195 703 2271 exhibeo,
733 2205 894 2275 propterea
922 2197 1001 2276 quod
1024 2214 1082 2258 suo
1096 2195 1314 2276 jucundissimo
1337 2197 1459 2260 theore-

105 2293 176 2346 mate
209 2303 291 2354 noua
322 2284 480 2366 voluptate
503 2285 689 2366 geometrica
710 2304 757 2347 mo
782 2300 902 2366 quoqne
920 2285 1000 2367 iuter
1021 2293 1140 2347 ceteros
1164 2287 1277 2349 beavit.
1323 2287 1458 2350 Demon-

104 2373 203 2435 stratio
236 2374 342 2440 facilis
377 2383 426 2435 est
457 2393 494 2436 ex
524 2375 618 2455 ipsius
653 2375 793 2436 invento:
827 2375 905 2454 quod
938 2374 1056 2454 quidem
1089 2374 1134 2435 ita
1162 2375 1193 2436 in
1218 2376 1308 2438 aliam
1333 2375 1459 2442 formam

105 2464 224 2540 mutavi,
260 2471 299 2526 nt
323 2462 507 2540 existimem,
531 2483 578 2525 me
602 2462 691 2525 facile
714 2464 762 2524 vel
786 2464 883 2542 ipsum
907 2463 1059 2542 Magirum
1083 2462 1113 2524 iu
1131 2463 1214 2532 hauc,
1230 2465 1459 2545 persuasionem

104 2551 306 2629 inducturum,
337 2561 372 2614 nt
402 2561 491 2632 putet
522 2571 602 2615 mere
629 2570 727 2614 meum
750 2571 829 2614 esse.
875 2553 1046 2632 Propositio
1069 2551 1114 2614 ita
1137 2562 1246 2616 sonet:
1284 2553 1324 2616 Si
1351 2573 1460 2634 super

105 2639 234 2704 lineam
269 2653 448 2704 extrema·
470 2649 505 2706 et
535 2643 654 2704 media
676 2642 820 2704 ratione
844 2649 985 2704 sectam
1003 2644 1267 2722 rectangnlum
1289 2644 1457 2723 triangu-

105 2730 165 2792 lum
196 2732 463 2794 constituatur
490 2732 543 2794 sic
571 2739 609 2792 ut
636 2739 760 2793 rectus
784 2732 942 2812 angulus
966 2737 1104 2811 puncto
1129 2731 1314 2795 sectionis
1338 2733 1391 2794 sit
1414 2732 1458 2792 ad

103 2821 425 2900 perpendicnlum,
461 2822 561 2883 latus
593 2821 710 2882 minus
734 2821 832 2882 circa
859 2828 1005 2882 rectum
1034 2821 1264 2900 aequabitur
1295 2820 1459 2900 portioni

103 2912 226 3015 maiori
252 2918 393 2972 sectae
418 2910 559 2972 lineae.
596 2909 901 2973 ·Demonstrationem
924 2908 1052 2988 Magiri,
1069 2927 1165 2988 qnam
1189 2909 1218 2971 in
1241 2910 1321 2972 valle
1346 2910 1458 2972 Luste·

102 3002 186 3062 navia
207 3000 286 3063 mihi
310 2999 545 3070 demonstrasti,
580 3001 699 3061 omnino
722 2999 811 3062 amisi
833 3010 889 3060 nec
912 2998 1082 3059 meminisse
1106 3016 1247 3078 possum:
1276 2999 1343 3060 ideo
1368 2997 1458 3060 aliam

104 3089 222 3152 institui.
262 3090 345 3152 Esto
367 3089 447 3150 linea
461 3088 528 3165 ΑΕ,
553 3097 639 3150 secta
652 3089 844 3169 proportione

104 3179 178 3240 dicta
200 3181 230 3242 in
254 3181 287 3242 F
308 3196 364 3258 per
378 3173 422 3241 30
444 3177 523 3239 sexti
547 3177 731 3252 (Euclidis)·
697 3180 846 3257 ),super

103 3287 155 3346 qna
182 3269 377 3331 describatur
404 3267 625 3341 semicirculus,
662 3265 690 3328 io
720 3285 777 3347 qno
806 3285 843 3328 ex

103 3357 221 3420 Fracta
244 3357 304 3420 ΕΙ)
324 3358 457 3437 erigatur
477 3355 766 3437 perpendiculariter
789 3373 842 3417 us-

103 3463 153 3525 qne
175 3449 214 3509 ad
238 3447 431 3528 superficiem
454 3445 642 3521 semicirculi,
667 3453 840 3507 etoouueo-
949 3507 951 3516 ,

104 3545 198 3600 tantur
211 3535 285 3610 DE,
310 3536 381 3612 DA,
404 3545 439 3598 nt
459 3537 513 3598 fiat
527 3535 653 3614 angulus
668 3534 755 3596 ΕΒΑ
774 3553 841 3596 ιιι-

102 3633 145 3686 ιιι
175 3645 230 3706 per
267 3621 323 3688 31.
356 3625 413 3688 ΙΙΙ.
473 3625 549 3686 Ι)Ιιο
587 3623 665 3703 quod
697 3623 753 3685 Ι)Ε
789 3625 844 3684 liat

104 3717 232 3796 aequalis
253 3715 355 3778 lineae
370 3715 435 3785 ΕΑ,
457 3713 585 3794 portioni
602 3713 707 3792 majori
723 3713 759 3774 de
773 3712 842 3774 ΕΑ.
995 3355 1148 3963 ilo

103 3803 173 3864 liam
196 3802 302 3886 peril.
329 3805 383 3867 VI.
407 3804 561 3882 triangula
574 3801 666 3878 EFD
690 3801 842 3863 DFAtoti

104 3893 183 3955 ΔΒΕ
206 3903 240 3956 ιι
264 3895 345 3957 iute'r
367 3912 401 3955 se
424 3901 496 3955 sunt
518 3892 639 3954 similia.
674 3888 775 3962 Quare
790 3901 844 3973 per

104 3983 263 4046 secundnm
284 3981 474 4045 corollarium
493 3981 630 4061 ejusdem
643 3979 699 4042 ΕΙ)
714 3988 763 4041 ιιι
777 3997 842 4040 me-

104 4071 149 4132 dia
173 4071 414 4154 proportionalis
440 4071 520 4133 inter
543 4070 599 4132 ΑΕ
624 4078 655 4131 ιι
676 4068 739 4132 EF.
785 4067 845 4129 Est

104 4170 198 4224 antem
222 4162 318 4225 etiam
338 4161 395 4223 AF
408 4160 507 4222 media
519 4158 751 4240 proportionalis
766 4157 845 4220 inter
1024 4207 1027 4230 ,

104 4249 154 4310 ΑΕ
177 4259 209 4314 et
231 4252 290 4314 EF
311 4268 367 4330 per
385 4249 584 4312 definitionem
606 4248 701 4310 lineae
716 4264 843 4326 propor-
922 4257 925 4268 ’
1024 4246 1026 4265 “

104 4339 254 4404 tiooaliter
281 4349 399 4403 sectae.
447 4336 522 4400 Cum
542 4345 651 4400 ¹antem
681 4337 759 4398 inter
786 4336 844 4396 dno

105 4439 234 4492 extrema
251 4447 350 4492 uuum
373 4435 490 4489 tanturn
513 4427 642 4490 medium
673 4424 842 4506 proportio-

105 4519 167 4580 nale
198 4539 268 4582 esse
299 4517 420 4598 possit,
451 4513 556 4595 peril.
583 4517 623 4578 V
657 4533 841 4587 conversam,

106 4607 154 4667 AF
176 4618 208 4672 et
230 4609 288 4671 ΕΙ)
314 4605 461 4686 aequales
483 4613 579 4680 erunt,
604 4605 683 4685 quod
707 4611 773 4666 erat
794 4603 990 4682 probandum
1030 4599 1275 4664 Corollariurnl.
1320 4599 1458 4658 Latera

105 4697 277 4779 trianguli
301 4702 394 4758 sunt
415 4695 720 4772 proportionalia.
766 4693 846 4753 Nam
868 4693 933 4764 AF,
958 4691 1021 4766 ΕΙ),
1046 4689 1099 4752 FE
1123 4697 1193 4752 sunt
1218 4683 1461 4769 proportionales

106 4783 204 4861 pers.
226 4788 283 4850 VI.
325 4785 375 4846 At
398 4781 453 4843 ΕΙ)
475 4791 523 4844 ιιι
546 4783 681 4865 aequalis
705 4781 804 4843 lineae
815 4782 880 4844 AF
918 4780 1000 4860 Ergo
1023 4779 1090 4852 ΕΙ),
1114 4777 1178 4849 DF,
1203 4777 1254 4838 FE
1277 4771 1338 4833 tria
1361 4772 1459 4833 latera

107 4876 263 4958 mrmguu
289 4879 370 4936 sunt
390 4871 635 4952 proportionalia.
682 4870 727 4933 At
748 4869 830 4932 EFD
853 4870 1037 4950 triangulum
1060 4865 1189 4949 partiale
1201 4871 1257 5012 ³eqt
1278 4858 1376 4922 simile
1392 4859 1458 4934 toti,

1263 3235 1299 3281 ,.
