3698 5516
318 275 390 346 230
917 275 1081 333 enormium

318 439 380 495 ostio
398 437 523 502 intelligo.
549 435 594 490 sed
617 435 659 490 illa
681 433 773 488 labitur
790 435 817 486 in
833 433 925 488 multas
950 435 1124 488 absurditates.
1163 435 1259 488 Dorum
1284 441 1350 490 vira
1369 453 1397 490 er
1413 439 1460 490 sul
1484 438 1534 502 bap
1552 437 1685 504 (ἕψοι-οἱοί

317 509 492 574 hypothesibus
510 507 635 573 gepiiben,
654 507 692 556 bis
710 522 737 558 er
755 508 851 560 bessors
869 507 962 560 lunden
979 506 1043 564 hott,
1061 507 1200 560 sondsrlioh
1217 508 1274 560 voil
1290 511 1360 571 seius
1378 511 1527 574 hypotheses
1546 511 1572 560 iu
1585 511 1685 562 usloulo
1721 519 1727 526 ·

318 581 482 640 mnemon
507 579 578 628 mehr
599 579 637 630 uit
659 579 705 628 mit
722 576 776 630 oieb
793 580 911 644 pringeu.
937 579 1006 628 daun
1025 578 1153 643 Cupernici
1171 580 1321 644 hypotheses
1344 580 1417 632 surb.
1454 581 1488 632 Es
1506 587 1573 640 ordre
1598 583 1686 632 besses

317 651 358 702 blr
381 651 453 712 ihus,
480 665 507 702 ss
524 649 594 699 hetta
618 649 663 698 dss
681 649 732 700 lest
751 648 849 713 Capitol
867 650 1030 715 ruderrregeu
1047 651 1181 716 galuren,
1209 651 1278 702 werd
1297 651 1362 702 ihme
1382 653 1462 704 selber
1484 652 1517 704 ril
1535 651 1615 707 liiidie
1633 655 1685 704 rnd

317 723 417 786 arbeytt
433 721 569 787 vergebens
587 719 706 779 macheu,
726 721 775 772 rud
794 719 858 774 doeh
875 722 914 772 uit
932 721 1044 774 erhulten
1062 727 1162 788 mugen,
1182 723 1212 773 ob
1232 737 1259 774 er
1276 722 1352 782 sehon
1371 723 1420 774 don
1439 724 1613 789 Lmdpnffon
1624 725 1683 776 dar·

316 795 378 844 iiber
396 807 453 844 sam
471 791 628 844 Sohirurheru
647 805 837 857 aupeuommou.

388 862 504 929 Denique
521 863 544 914 d.
565 861 607 911 28.
628 861 685 914 Oet.
704 863 768 914 hese
786 863 929 928 perscripsit
946 863 1012 913 idem
1029 863 1163 916 Roesliuus
1181 863 1333 916 bisestlino:
1353 863 1480 926 Quantum
1500 880 1530 916 ex
1542 865 1620 922 liter'u
1632 867 1685 916 tuis

317 935 443 1002 hielligo,
471 936 598 1000 utriusque
618 939 644 984 et
662 933 786 998 Tychonis
804 940 830 986 et
847 933 968 997 Bsymsri
993 935 1044 986 lere
1067 941 1106 984 est
1123 950 1177 986 nna
1195 941 1221 987 et
1239 937 1328 990 eadum
1346 937 1472 988 sententia
1494 937 1526 988 ds
1543 943 1684 999 manate

316 1006 416 1064 mundi,
444 1010 471 1058 et
496 1005 623 1057 amborum
647 1005 752 1058 asedeur
774 1005 826 1056 iere
848 1004 1007 1068 hypotheses.
1054 1003 1186 1057 Consonus
1211 1007 1311 1073 quidem
1334 1007 1393 1058 mibi
1411 1013 1450 1058 est
1473 1006 1628 1071 Rayusuus.
1655 1024 1685 1060 so

317 1077 441 1141 bobonis
460 1076 604 1141 discipulum
623 1077 698 1128 luisse
716 1075 755 1128 sul
772 1077 853 1141 potius
872 1076 1016 1139 Tyohonsm
1033 1091 1080 1128 sus
1098 1092 1173 1140 opera
1190 1080 1216 1128 iu
1235 1078 1393 1132 observandis
1412 1084 1438 1129 st
1452 1079 1608 1132 ealmlmdis
1626 1079 1684 1144 pla-

317 1154 431 1200 netarum
449 1149 555 1200 mutibus
573 1162 645 1198 usum
662 1147 752 1202 imese.
780 1147 825 1200 sad
840 1145 983 1210 lychoseur
1002 1147 1103 1200 alterim
1122 1163 1178 1200 esso
1196 1152 1338 1202 smtmriae
1356 1149 1458 1200 dicebat
1476 1156 1504 1202 st
1520 1152 1629 1215 prosimu
1648 1151 1685 1205 sd

315 1219 455 1270 Ptolemsel
477 1217 626 1284 hypoiheses
650 1219 784 1276 secederes
811 1225 837 1272 at
859 1219 970 1271 addebat
994 1220 1069 1274 etiam
1089 1219 1231 1282 Tyehouem
1254 1223 1280 1270 in
1299 1225 1354 1273 arte
1377 1220 1447 1270 ilum
1464 1235 1514 1272 uon
1534 1235 1589 1272 esse
1607 1237 1685 1286 ouem

316 1290 388 1342 nolti
405 1291 556 1349 οιίοοίιοοοο,
575 1289 725 1354 astrologum
743 1291 824 1354 potius
841 1305 896 1342 esse
914 1303 989 1354 quam
1007 1296 1189 1349 astronomum.
1207 1307 1256 1344 nes
1274 1293 1450 1356 praestiturum
1466 1291 1536 1342 illurn
1554 1307 1595 1354 ea,
1613 1307 1683 1358 poss

317 1361 349 1414 de
367 1375 397 1413 eo
414 1361 487 1412 multi
503 1362 550 1410 sibi
567 1360 721 1425 pollicentur.
759 1359 810 1412 Sed
828 1367 949 1425 qnantum
968 1375 998 1410 ex
1016 1361 1092 1412 literis
1111 1363 1160 1412 tuis
1179 1377 1315 1428 cognosse.
1344 1362 1437 1428 aliquid
1454 1369 1522 1414 uerte
1545 1365 1684 1429 praestitit.

320 1431 362 1484 bis
380 1447 444 1487 unus
462 1431 557 1484 inridet
575 1431 655 1489 diesi,
675 1431 740 1496 quod
758 1447 807 1482 non
827 1431 901 1484 deest
917 1435 944 1484 iu
963 1432 1090 1496 discipulo.

388 1503 405 1554 J
413 1503 558 1554 ohannes
578 1501 776 1553 christierni
794 1499 907 1564 (Denuo,
932 1503 1043 1555 medieas
1060 1503 1165 1567 postbso
1183 1501 1277 1568 Ripae)
1296 1519 1369 1570 quem
1395 1504 1455 1556 dicit
1473 1505 1558 1569 'leuhe
1578 1505 1683 1560 „doma-

323 1572 440 1632 allow,
459 1573 523 1626 lisso
542 1573 653 1637 Tycboni
672 1574 717 1624 dot
735 1571 828 1639 (and.
848 1572 906 1624 Boe
927 1575 950 1624 d.
973 1571 1013 1624 13.
1032 1574 1094 1637 idaj.
1115 1571 1219 1636 1598.);

221 1667 222 1670 =
387 1643 419 1696 Β.
439 1643 496 1698 Ursi
514 1646 631 1709 seriptum
649 1658 725 1710 supra
741 1643 841 1695 modum
858 1645 1007 1696 virulentum
1025 1660 1056 1696 su
1073 1646 1144 1696 iutile
1163 1653 1210 1706 est.
1230 1647 1293 1698 adeo
1311 1653 1341 1696 nt
1358 1654 1457 1711 preater
1476 1648 1615 1700 salumniss
1633 1663 1683 1700 us-

316 1715 407 1774 isudss
424 1718 450 1768 iu
469 1723 494 1766 te
511 1717 648 1778 mendaciis
667 1722 747 1766 totum
764 1721 881 1768 sostsret.
920 1715 1020 1777 Quaeso
1038 1717 1096 1781 quid
1114 1717 1202 1768 frontis
1220 1717 1283 1770 Urso
1300 1718 1371 1780 haio,
1394 1719 1436 1784 qui
1454 1720 1509 1770 sine
1526 1722 1687 1775 munientis

318 1787 470 1842 comminisci
487 1803 537 1841 non
556 1793 661 1840 seretur.
682 1801 713 1840 at
731 1789 752 1838 si
770 1793 830 1838 tuse
848 1787 1014 1851 hypotheseos
1031 1789 1123 1853 primus
1141 1795 1230 1846 suntor
1248 1791 1376 1843 emiseno

390 1859 525 1924 roseqmo
542 1859 705 1923 superioribus
724 1861 796 1910 suuis
815 1873 871 1910 eum
889 1859 982 1910 Erico
1002 1859 1142 1926 Longis,
1168 1863 1209 1912 eui
1232 1866 1294 1914 runo
1311 1863 1473 1918 inserviebat.
1499 1861 1686 1930 Ursuiburgam

321 1929 457 1996 appulisset
474 1943 506 1983 so
524 1933 680 1998 cognovisset
697 1931 762 1982 inter
780 1935 879 1988 seura,
898 1937 923 1983 te
943 1945 999 1982 oum
1017 1931 1115 1996 hangio
1133 1932 1258 1998 quaedum
1276 1933 1321 1982 abs
1339 1939 1366 1985 te
1384 1935 1528 1999 excogirsto
1545 1937 1685 1986 eommuni-

316 2016 398 2066 nasse,
417 2003 525 2054 eruimus
543 2007 572 2052 ui
591 2007 653 2064 orat,
672 2007 698 2050 te
716 2001 794 2052 insule
813 2015 898 2052 omnes
910 2001 1009 2052 Musaei
1028 2001 1140 2068 supinos,
1160 2018 1246 2054 omnes
1263 2003 1376 2069 popellos
1388 2011 1446 2056 tuse
1460 2004 1582 2066 lustravit,
1602 2006 1687 2058 deuse

319 2072 382 2124 iorte
400 2074 426 2124 in
444 2072 589 2124 sohedalam
608 2072 742 2136 quandam,
760 2073 786 2122 in
804 2085 855 2136 qus
871 2073 935 2136 hseo
954 2079 1000 2123 tus
1016 2072 1159 2138 hypothesis
1178 2088 1279 2127 enonas
1298 2088 1328 2126 so
1348 2076 1421 2128 dubio
1438 2075 1525 2139 presul
1543 2077 1686 2128 somnium

318 2143 425 2209 quodam
443 2149 486 2194 mo
505 2143 585 2194 obiter
603 2143 731 2196 &meets
749 2149 819 2202 erat,
838 2142 982 2202 incidisset.
1000 2144 1050 2196 hae
1068 2151 1178 2209 srrepts,
1194 2152 1324 2210 postquem
1341 2148 1368 2201 iu
1388 2147 1547 2199 Germaniam
1566 2162 1595 2200 se
1612 2163 1686 2203 reae·

317 2215 403 2278 pause,
422 2214 515 2278 passim
531 2215 584 2276 jam
602 2213 671 2264 velut
688 2227 760 2266 snam
784 2219 810 2266 et
827 2227 889 2266 sse
915 2216 1043 2268 inventam
1061 2215 1184 2275 exhibuit,
1210 2233 1261 2268 uon
1278 2231 1350 2268 auus
1374 2232 1405 2268 ae
1430 2219 1515 2270 οοὶοοο
1538 2221 1686 2282 mysterium

388 2354 495 2408 Proinde
514 2354 677 2406 sertissimuru
696 2361 748 2411 est,
772 2354 861 2408 librum
880 2361 950 2406 tuum
968 2355 999 2408 de
1019 2355 1124 2410 Cometa
1141 2358 1201 2408 anui
1220 2353 1262 2406 77.
1282 2355 1430 2424 Urmiourpr
1453 2359 1503 2410 tuis
1521 2360 1587 2424 typis
1605 2360 1685 2415 iubos

318 2427 463 2490 impressum
485 2439 552 2476 suno
575 2423 618 2474 87.
639 2422 801 2491 (quamquam
825 2431 913 2490 pestes
937 2441 1030 2478 sunum
1054 2425 1098 2480 88.
1117 2430 1222 2493 imprimi
1243 2427 1367 2492 voluisti).
1394 2430 1457 2482 edeo
1480 2436 1523 2489 ut,
1550 2439 1685 2496 possum

317 2496 395 2550 Ursus
420 2499 575 2562 bipontinus
599 2503 652 2550 tum
675 2497 769 2562 degens
792 2497 880 2548 librum
905 2497 972 2550 lusus
989 2504 1060 2550 tuum
1082 2499 1201 2565 prodiisse
1223 2503 1392 2564 cognovisset,
1418 2503 1572 2556 senonensis
1597 2509 1684 2554 tastu

318 2573 415 2623 namus
431 2569 480 2624 sibi
498 2567 696 2633 prospiciendum
714 2569 818 2624 duxerit,
837 2575 863 2618 et
881 2570 969 2622 aedom
986 2567 1029 2620 88.
1048 2573 1162 2637 Augusto
1181 2571 1378 2624 Fundamentum
1397 2587 1468 2622 snum
1481 2575 1684 2626 Astronomisuur

319 2639 406 2694 neon
425 2640 549 2692 arraserit
567 2639 729 2708 Argentinae,
747 2641 865 2706 ignorans
883 2641 971 2692 librum
989 2647 1059 2692 tunm
1078 2656 1144 2694 suno
1162 2643 1328 2694 antaoedeute
1343 2643 1418 2696 luisse
1436 2645 1537 2696 editum.
1573 2645 1604 2696 Id
1615 2647 1685 2710 quosl

317 2712 385 2766 risus
403 2711 475 2764 nuos
494 2726 551 2764 oum
568 2711 651 2764 multis
669 2711 739 2770 ollis,
766 2711 808 2776 qui
830 2712 857 2761 iu
875 2712 963 2764 smdiis
982 2715 1152 2764 astronomicis
1170 2713 1298 2765 donesdei
1322 2729 1435 2774 mamus,
1464 2721 1532 2766 serto
1555 2715 1683 2768 offirmare

316 2783 466 2904 pesolutam
484 2853 568 2918 igiur,
587 2859 644 2906 utut
661 2853 772 2918 plagium
789 2867 862 2904 sunm
880 2853 1013 2904 delenisse
1032 2860 1149 2912 nouom,
1168 2855 1259 2906 hustrs
1276 2853 1375 2907 loborat
1392 2870 1423 2908 su
1441 2863 1536 2908 temere
1553 2863 1580 2908 et
1598 2857 1683 2924 impu-

318 2923 406 2980 denter
428 2939 455 2976 se
474 2927 528 2988 elus
547 2925 652 2989 primum
674 2926 826 2976 inventorem
842 2926 959 2987 justitat.
985 2932 1013 2976 ut
1036 2931 1150 2986 tsoearn,
1179 2925 1244 2990 quud
1266 2941 1311 2990 per
1328 2926 1483 2980 Rothmanul
1500 2929 1683 2980 hueurionem

316 2991 366 3057 (usi
382 2996 536 3046 mendositer
553 2996 594 3046 ille
613 2991 814 3057 summiniseitur)
833 3009 889 3046 earn
907 3009 1064 3062 meorumnam
1081 2997 1215 3062 auoeperis.

389 3067 504 3131 Denique
523 3065 588 3131 quod
607 3065 810 3131 Apollonium
826 3065 1001 3132 Pergaeam
1020 3069 1125 3126 attinet.
1144 3083 1189 3118 nos
1208 3081 1306 3124 omnes,
1324 3069 1366 3132 qul
1385 3071 1422 3119 ini
1439 3070 1552 3133 disnipuli
1571 3084 1681 3128 umus.

254 3147 258 3155 “
316 3137 485 3188 indubitanter
502 3144 649 3198 testemur,¹
664 3137 758 3186 nullum
776 3139 809 3187 ibi
827 3137 932 3202 Purgsei
950 3139 1080 3201 seriptum,
1106 3139 1171 3204 quod
1190 3139 1221 3189 ds
1238 3138 1414 3204 hypothesibus
1432 3148 1532 3207 spuet,
1559 3141 1682 3202 extitisse,

319 3222 367 3260 nso
386 3214 412 3260 te
430 3210 571 3273 quempiam
590 3209 665 3258 aliurn
684 3211 736 3271 ejus
754 3209 870 3259 librorum
886 3208 1011 3266 habuisse.
1030 3215 1131 3272 praeter
1149 3224 1205 3260 eum
1223 3211 1313 3276 quide
1331 3210 1430 3262 Gouiois
1448 3215 1509 3278 agit.

390 3277 463 3339 ouou
481 3278 558 3330 Ursus
581 3282 707 3330 iumuuare
725 3279 778 3330 vole
796 3279 1003 3344 Copernieum
1028 3281 1080 3331 tale
1105 3281 1163 3346 quid
1188 3282 1317 3346 protulisse
1342 3289 1416 3346 atque
1441 3283 1590 3348 hypothesin
1613 3285 1682 3336 huno

315 3349 441 3408 innuisse,
468 3349 494 3400 id
517 3351 628 3400 existimo
651 3351 826 3416 redargutione
849 3366 900 3401 non
922 3351 1047 3418 indigere,
1076 3365 1132 3402 eum
1150 3353 1212 3403 sotis
1231 3359 1328 3403 constet
1351 3355 1401 3406 lsta
1425 3369 1539 3419 perverse
1565 3355 1598 3406 sb
1616 3355 1682 3406 lisso

316 3419 396 3474 silete
411 3421 496 3474 inissa

386 3489 556 3544 Obtreetstori
573 3491 630 3544 huie
647 3492 796 3557 respondere
818 3498 845 3544 ts
862 3495 982 3556 malorum
1000 3493 1052 3543 seio
1072 3501 1098 3544 ot
1116 3507 1234 3559 sgnosw.
1271 3495 1378 3546 Faciant
1400 3496 1464 3546 forts
1488 3497 1545 3554 elii,
1569 3497 1632 3548 huet
1651 3505 1681 3548 tu

316 3561 386 3614 illum
403 3561 580 3629 redargutione
598 3563 726 3630 indignum
744 3578 862 3622 oauseasr
888 3570 914 3614 et
931 3564 1019 3614 merito
1044 3565 1157 3629 quidem.
1186 3565 1245 3630 quid
1274 3568 1339 3616 enim
1365 3581 1465 3618 onrsres
1484 3567 1541 3618 llrsi
1558 3581 1682 3618 sesanam

314 3633 458 3688 nsoonar
483 3649 556 3698 quem
574 3641 669 3686 sermm
686 3641 726 3684 ost
744 3649 773 3684 eo
791 3636 917 3693 smeun'se
936 3634 1071 3692 suumoum
1087 3637 1163 3688 iuuisse
1181 3637 1252 3693 olins.
1276 3651 1332 3686 eum
1351 3637 1433 3690 sdbuo
1456 3639 1482 3688 ln
1500 3638 1588 3690 Dsuis
1605 3640 1682 3689 mini-

315 3709 394 3757 strem
411 3705 501 3770 Lugii
520 3711 614 3770 &aeret
634 3713 663 3756 ut
680 3706 802 3770 plerisque
819 3707 870 3756 suis
887 3707 955 3758 libris
973 3708 1031 3771 igue
1050 3708 1183 3759 sumbustis
1201 3709 1247 3758 sibi
1265 3722 1281 3758 s
1299 3709 1408 3772 patibulo
1427 3712 1539 3768 timerem
1567 3712 1607 3760 its
1623 3723 1681 3760 rer·

315 3775 423 3840 tigluoso
443 3777 553 3841 agitatus
572 3776 671 3826 cerebro
691 3777 798 3828 erebrius
816 3777 913 3843 Langio
933 3777 966 3828 sd
983 3778 1059 3841 pedes
1078 3779 1182 3843 supplex
1200 3780 1344 3842 procubuit,
1370 3780 1450 3830 donee
1474 3782 1506 3830 sb
1524 3797 1555 3832 eo
1578 3781 1681 3832 liberari

316 3844 378 3898 nhil
395 3849 476 3911 magis
493 3848 520 3898 iu
538 3847 600 3896 rods
618 3845 713 3898 babuit
749 3847 806 3898 Noli
829 3849 905 3914 igitur
928 3848 960 3900 sd
979 3847 1048 3900 efferi
1069 3847 1143 3912 huius
1161 3849 1217 3900 Ursi
1240 3851 1396 3915 impudentes
1419 3854 1512 3902 murari
1529 3852 1680 3909 tolumnius,

315 3915 361 3968 sad
377 3922 449 3980 munt
468 3931 498 3968 es
516 3917 568 3968 altu
587 3916 661 3968 Luna
678 3919 769 3970 rabiosi
788 3921 858 3970 esuis
875 3921 995 3972 latratum
1012 3920 1074 3970 nihil
1091 3927 1214 3980 murmur,
1240 3923 1277 3972 ita
1300 3927 1326 3972 et
1343 3920 1411 3973 hsuo
1429 3929 1490 3974 tuse
1508 3925 1680 3976 Εοοοοοιίοοο·

315 3986 413 4040 illatum
430 3989 546 4051 inlunem
564 3989 749 4053 desuperius,
777 3997 844 4042 serto
861 3997 976 4042 emenone
998 3991 1079 4042 nrrllos
1096 3992 1148 4044 iore
1167 3994 1230 4044 viros
1249 3993 1375 4054 sorssors.
1402 3997 1443 4059 qui
1461 4009 1511 4046 nou
1531 3998 1603 4058 justa
1621 4009 1681 4046 sum
1739 4057 1743 4064 ¹

315 4057 486 4124 indignatione
504 4060 622 4124 seriptum
639 4059 700 4110 illud
718 4062 908 4125 supramodum
926 4061 1076 4114 maledicum
1096 4076 1126 4114 ao
1144 4065 1266 4114 famosum
1283 4063 1379 4130 legans.
1416 4065 1489 4116 Vale.

388 4129 566 4182 Testimonium
584 4131 699 4197 denique.
719 4133 784 4198 quod
800 4135 939 4186 transmisit
957 4149 1012 4186 sum
1030 4135 1170 4198 praemissis
1189 4135 1274 4199 Tpsho
1292 4136 1416 4200 Keplero‚
1437 4137 1549 4198 „scribae
1566 4137 1678 4204 Langii‘

316 4197 405 4264 (uren.
423 4199 569 4263 waltheri),
586 4200 634 4252 hoo
652 4208 705 4254 est:

386 4271 461 4324 Erieh
477 4273 579 4340 Lupus
597 4275 651 4324 sein
669 4272 810 4326 Sohreibers
828 4275 1013 4336 hederatum,
1032 4288 1084 4328 sss
1101 4277 1152 4328 ihm
1169 4277 1277 4330 beromi
1293 4291 1342 4328 sen
1360 4278 1416 4331 dem
1434 4279 1497 4330 Urso
1509 4278 1679 4332 Ditmarssho.

387 4412 569 4466 Verssishuuss
593 4414 695 4466 etlisber
713 4413 821 4476 suero.
846 4430 898 4470 oss
920 4419 967 4468 mir
988 4433 1036 4468 rou
1054 4419 1136 4470 aloem
1157 4421 1203 4471 mit
1224 4433 1317 4472 namen
1335 4420 1367 4472 N.
1387 4389 1548 4474 bistonios.
1572 4423 1677 4483 bovum

420 4483 527 4536 velolrsr
545 4485 592 4551 bey
609 4487 716 4538 meinsm
732 4485 862 4540 Juueheru
879 4489 937 4540 dem
954 4489 1035 4542 Edlen
1052 4492 1104 4542 und
1122 4491 1292 4544 Ebrenrusien
1310 4491 1385 4544 Erish
1401 4493 1491 4560 Longe
1509 4493 1635 4560 gedisuet

385 4627 441 4678 Wla
460 4640 487 4678 er
504 4641 536 4690 ss
553 4627 661 4680 munem
679 4626 807 4680 inanium
824 4629 952 4690 hammon.
979 4629 1025 4682 hat
1043 4647 1070 4684 er
1087 4633 1140 4684 sioh
1158 4633 1321 4700 agelmarus,
1349 4636 1386 4687 slo
1404 4648 1462 4686 που
1479 4649 1507 4686 es
1525 4637 1572 4686 mit
1589 4637 1676 4690 selues

214 4697 217 4707 '
316 4695 416 4752 Μαι
438 4703 516 4752 eoru
534 4697 616 4750 reehts
635 4699 687 4748 und
704 4698 856 4752 souderlieho
874 4701 929 4750 sein
947 4703 1026 4752 sollu.
1062 4704 1159 4758 Jedooh
1175 4705 1223 4756 het
1239 4721 1266 4758 er
1284 4706 1337 4758 sieh
1354 4706 1401 4758 viel
1420 4707 1510 4756 anderu
1532 4721 1579 4757 ron
1598 4714 1676 4774 tugen

316 4784 347 4820 su
364 4774 457 4836 sapen,
479 4783 567 4836 vogen
584 4769 667 4822 selues
686 4769 841 4836 monthione
858 4769 1021 4826 sobnam
1044 4776 1095 4826 and
1112 4776 1296 4844 leiuheiern'gsn
1314 4777 1499 4843 thutiereus‚
1523 4777 1631 4832 velobss
1648 4793 1676 4830 er
1712 4843 1720 4854 ·
