3674 5528
322 243 387 314 328
742 248 843 300 literas
861 249 964 313 Ksplsri
983 249 1134 314 stumque
1151 255 1254 300 mutuae

322 409 452 492 spatium
475 426 513 469 ex
536 415 618 470 terra
642 406 753 481 exorti,
784 408 816 470 iu
847 415 976 482 terram,
1011 428 1091 490 aqua
1114 408 1205 484 lacti,
1239 407 1386 472 recidunt.
1433 407 1516 490 Audi
1540 405 1684 480 rusticos,

322 499 440 580 qnando
464 497 600 558 imminet
622 497 733 560 nebula
756 497 894 571 aestiva,
926 497 1053 570 nebula,
1091 498 1226 576 inquam,
1252 505 1283 558 11
1306 500 1421 578 grando
1445 497 1474 558 in
1499 496 1611 558 eadem
1634 514 1684 556 re-

321 588 419 668 gione.
465 585 594 648 Etcum
619 585 673 647 tibi
698 587 782 647 calor
804 585 933 650 attrahit
956 605 1071 655 crassa,
1094 587 1143 666 qui
1167 587 1240 648 milri
1264 605 1369 648 crassa
1389 585 1593 648 subtilisaudo
1615 603 1684 645 sur-

322 695 388 738 sum
410 682 587 754 promovet,
624 676 717 736 audes
741 675 834 736 etiam
860 675 976 755 copiam
1005 675 1116 736 nivium
1154 675 1182 736 io
1207 676 1354 737 montosis
1388 683 1497 755 prote
1522 673 1683 746 adducere,

322 783 396 846 quae
420 763 580 825 manifeste
603 782 658 843 pro
681 783 727 826 me
753 763 852 826 iacit?

409 851 470 914 Sed
495 852 608 914 directe
632 853 758 933 denique
783 869 979 931 responsurus
1003 871 1087 912 meae
1117 850 1283 931 objectioni
1313 853 1350 913 de
1383 850 1590 930 possibilitate
1614 850 1684 928 plu-

322 941 400 1016 endi,
424 939 567 1019 ningendi
591 940 620 1002 in
644 940 811 1015 montanis,
837 939 973 1020 confugis
998 941 1036 1002 ad
1061 959 1164 1004 veram
1188 958 1328 1015 causam;
1351 939 1487 1021 proxime
1512 947 1608 1010 stant,
1635 939 1685 998 in-

321 1029 398 1112 quis,
422 1028 591 1106 humorem,
617 1031 665 1111 qui
690 1030 727 1091 ab
751 1030 877 1092 interno·
893 1030 1038 1091 montium
1063 1030 1164 1091 calore
1189 1037 1293 1089 coctus
1318 1030 1505 1091 sublimatur.
1556 1025 1686 1088 Gratias

321 1137 388 1200 ago,
413 1119 563 1180 namhoc
588 1119 685 1198 ipsum
710 1118 776 1180 dico
801 1119 918 1198 etjam
941 1119 1013 1180 olim
1037 1119 1111 1180 dixi.
1158 1117 1322 1196 Egregium
1337 1137 1408 1179 vero
1432 1117 1591 1186 rationem,
1617 1136 1686 1178 curu

321 1207 468 1270 turbidin's
492 1207 521 1268 in
544 1208 692 1269 Bohemia
715 1207 831 1268 coelum
856 1205 1003 1280 dixisses,
1039 1207 1109 1286 quia
1132 1207 1172 1267 ibi
1197 1206 1330 1268 oriuntur
1354 1207 1494 1280 flumina,
1530 1206 1602 1285 quia
1626 1205 1686 1267 hu-

320 1295 418 1359 milior
440 1307 540 1369 terra,
576 1296 646 1376 quia
678 1297 714 1358 ob
748 1305 891 1358 montana
924 1287 1198 1358 iutns¹calentiorl
1245 1295 1290 1357 At
1314 1295 1369 1357 tibi
1392 1315 1450 1356 non
1473 1296 1579 1372 placet
1611 1313 1688 1355 vera

321 1403 428 1460 causa;
457 1385 488 1446 in
511 1383 620 1460 Dauia,
646 1385 762 1465 inquis,
797 1403 891 1464 vapor
914 1383 1035 1447 subtilis
1059 1385 1122 1446 sine
1146 1383 1249 1463 pluvia
1272 1383 1381 1446 iterum
1405 1383 1550 1445 miscetur
1574 1403 1685 1464 aquae.

318 1472 437 1537 Juvabo
462 1481 502 1536 te.
550 1475 583 1535 ln
606 1475 707 1536 Dania
731 1473 904 1552 superficies
928 1474 1021 1534 maris
1046 1481 1191 1553 vaporat,
1225 1483 1389 1553 propterea
1421 1471 1492 1534 nihil
1529 1473 1592 1533 fers
1627 1471 1686 1533 nisi

321 1581 405 1624 rores
428 1563 498 1623 iude
523 1563 670 1636 existuut3
695 1562 723 1623 in
749 1561 896 1624 Bohemia
920 1561 1041 1624 fumant
1065 1571 1166 1624 terrae
1190 1563 1309 1624 viscera
1332 1579 1453 1624 crassos
1477 1579 1620 1640 vapores.

408 1651 545 1712 Tandem
569 1659 674 1731 aperte
699 1651 858 1713 coulirmas
883 1669 981 1712 meam
1005 1651 1200 1724 sententiam,
1228 1659 1346 1712 ruentes
1371 1650 1438 1729 plus
1462 1649 1578 1710 habere
1602 1659 1684 1712 tem-

303 1747 482 1827 pestatum,
508 1759 597 1820 quam
620 1758 722 1813 mare;
747 1759 816 1801 nam
840 1739 940 1801 sidera
964 1740 1071 1803 lortius
1096 1739 1125 1801 in
1152 1739 1266 1801 solidos
1293 1747 1420 1812 montes,
1447 1757 1536 1818 quam
1560 1739 1685 1800 mollem

321 1848 430 1909 aquam
455 1828 630 1909 impingunt.
677 1827 719 1890 Et
742 1829 798 1890 hoo
822 1848 880 1890 non
905 1835 952 1890 eat
976 1831 1014 1890 cb
1037 1839 1166 1894 montes,
1191 1827 1300 1908 inquis,
1327 1826 1414 1909 quasi
1437 1828 1505 1908 plus
1527 1827 1687 1900 exhalent,

321 1917 374 1980 sed
399 1918 437 1980 ob
461 1926 555 1990 astra,
581 1936 656 1997 quae
680 1918 749 1997 plus
768 1926 931 1996 operantur
954 1917 984 1978 in
1007 1919 1196 1999 propositam
1220 1918 1257 1979 de
1282 1936 1337 1978 sua
1361 1916 1496 1978 essentia
1509 1917 1684 1979 materiam.

321 2005 356 2069 Si
380 2007 447 2086 plus
472 2015 558 2068 astra
580 2025 620 2066 ex
642 2005 794 2068 montibus
818 2005 960 2079 eliciunt,
999 2009 1066 2088 plus
1094 2007 1187 2087 igitur
1216 2006 1406 2084 vaporabunt
1428 2013 1568 2081 montes,
1605 2007 1684 2086 qnod

320 2095 410 2176 plana
434 2113 490 2174 ego
514 2095 679 2168 coutend0;
709 2095 847 2174 quamvis
870 2103 903 2156 tu
926 2113 1030 2158 crasse
1053 2095 1276 2176 philosopharis
1301 2096 1337 2156 de
1363 2104 1515 2157 astrorum
1538 2095 1568 2156 in
1594 2114 1683 2156 mon-

320 2193 368 2248 tes
393 2181 509 2246 sontiori
532 2184 676 2262 impactu.
724 2183 791 2245 Nou
817 2183 909 2245 debes
935 2185 1006 2246 mihi
1031 2185 1086 2246 hoc
1110 2183 1288 2262 principium
1312 2185 1475 2263 imputare,
1505 2184 1586 2264 quod
1610 2185 1683 2258 scis,

322 2291 409 2334 ame
433 2273 463 2333 in
487 2271 764 2334 Dissertatiuucula
788 2273 912 2352 negari,
950 2283 1002 2335 aut
1025 2273 1126 2356 potius
1150 2273 1233 2335 illum
1259 2292 1296 2334 ex
1318 2273 1457 2352 professo
1482 2291 1600 2334 sumere
1626 2273 1684 2334 im-

321 2361 522 2441 pugnandam.

389 2467 419 2517 lu
437 2465 514 2517 literis
533 2463 556 2515 d.
576 2463 600 2515 d
621 2461 806 2515 11111111
825 2463 957 2527 Kepierus,
978 2466 1130 2528 respondens
1149 2467 1182 2515 ad
1200 2467 1371 2530 quaestionem
1385 2465 1491 2517 Fabricii
1509 2465 1541 2516 de
1560 2466 1584 2514 ri
1604 2473 1683 2516 11111·

321 2537 403 2604 111111
421 2537 572 2588 nodorum
590 2535 696 2587 Lunae
714 2536 778 2586 haec
796 2537 944 2600 scripserat:

408 2609 454 2670 Do
475 2609 561 2670 undis
586 2609 648 2670 fore
672 2607 847 2688 persuades,
872 2606 929 2668 hoo
952 2606 1083 2669 maxime
1108 2618 1294 2687 argumento,
1320 2609 1399 2688 quod
1423 2608 1584 2688 eclipticas
1608 2628 1683 2688 par-

320 2705 369 2762 tes
394 2698 526 2760 orientes
549 2696 610 2759 vim
634 2697 749 2759 habent
772 2695 951 2768 maximam,
985 2714 1041 2756 uon
1068 2715 1140 2758 sane
1165 2697 1275 2771 aliam,
1312 2689 1401 2776 quam
1425 2697 1504 2776 qnod
1536 2716 1684 2776 peream

321 2785 393 2858 Sol,
422 2787 513 2866 juxta
542 2794 574 2847 et
597 2786 739 2865 planetae
763 2792 932 2847 transeunt.
979 2782 1091 2854 Quidni
1121 2804 1192 2866 ergo
1217 2794 1248 2848 et
1271 2787 1323 2847 via
1346 2786 1451 2848 Lunae
1475 2785 1535 2848 vim
1559 2787 1685 2855 habeat,

320 2894 355 2936 ac
378 2875 502 2956 perinde
536 2875 629 2936 nodus
662 2873 829 2952 duplicem?
875 2871 938 2933 Sed
973 2873 1057 2946 vide,
1093 2874 1162 2953 quid
1197 2883 1351 2956 sequatur.
1397 2875 1478 2938 Nodi
1501 2875 1686 2954 reliquorum

319 2964 412 3027 etiam
436 2971 506 3026 sunt
529 2962 752 3024 considerandi.
800 2960 924 3031 Quanta
957 2961 1117 3023 multitudo
1151 2970 1182 3024 et
1218 2965 1317 3045 qualis
1349 2963 1503 3024 varietas!
1547 2965 1619 3026 dum
1653 2964 1684 3024 in

319 3054 454 3133 qualibet
477 3051 582 3132 genesi
606 3050 727 3131 propria
750 3059 799 3112 est
823 3051 873 3111 via
888 3051 1002 3111 Lunae.
1050 3051 1095 3112 'lu
1119 3051 1220 3114 nescio
1236 3052 1306 3132 quid
1330 3052 1526 3132 impertinens
1551 3053 1589 3114 de
1608 3072 1685 3113 con·

316 3144 401 3203 fluxu
426 3142 551 3212 orbium,
577 3141 627 3220 qui
651 3141 723 3201 nulli
748 3147 819 3200 sunt
841 3139 870 3198 in
895 3139 989 3214 coelo,
1015 3139 1115 3201 affers.

395 3229 433 3278 Ad
456 3230 518 3279 haec
543 3229 728 3286 Fabricius,
759 3242 864 3293 11111111
888 3230 914 3276 11
940 3227 1017 3276 literis
1044 3227 1068 3276 d.
1091 3225 1131 3276 li.
1151 3228 1210 3278 Feb.
1233 3223 1315 3285 tota,
1347 3231 1383 3279 sic
1402 3227 1541 3292 respoudit:
1574 3225 1685 3277 Causam

323 3299 452 3350 silicaciao
470 3301 589 3350 nodorum
608 3297 696 3350 Lunae
721 3305 839 3362 exparte
865 3298 936 3348 retuli
964 3298 995 3348 ad
1015 3313 1160 3349 concursum
1186 3300 1280 3348 orbium
1299 3299 1362 3350 Solis
1381 3307 1407 3351 ct
1425 3301 1521 3350 Lunae.
1559 3298 1634 3358 Quod
1653 3299 1687 3348 de

322 3371 479 3421 multitudiue
499 3378 524 3420 et
542 3372 664 3420 varietata
683 3372 801 3422 nodorum
821 3371 915 3432 objicis,
934 3369 994 3418 nibil
1014 3376 1058 3419 est.
1096 3370 1150 3420 Etsi
1174 3372 1240 3419 euim
1263 3370 1294 3420 de
1312 3371 1411 3436 reliquis
1430 3371 1501 3420 nodis
1519 3385 1569 3418 ucu
1590 3370 1685 3424 dubito,

322 3442 454 3506 quidquam
473 3447 557 3491 tamen
577 3443 637 3490 certi
656 3441 744 3492 aliems
762 3457 812 3491 uon
830 3455 937 3504 possum.
975 3439 1014 3490 De
1028 3440 1116 3490 Lunae
1135 3441 1205 3490 nodis
1224 3456 1263 3491 rea
1282 3449 1370 3505 aperta
1389 3449 1439 3500 est;
1460 3457 1516 3490 cum
1536 3441 1611 3490 Luna
1629 3455 1684 3490 rna-

320 3513 387 3576 11111
406 3513 439 3564 sd
458 3513 559 3562 Terram
578 3513 766 3570 virescamus,
794 3519 893 3577 propter
910 3513 1078 3570 vicinitatem,
1105 3527 1180 3576 quarn
1198 3515 1324 3575 superiora
1343 3519 1424 3564 astra.
1453 3512 1511 3577 quid
1529 3513 1634 3571 mimus,
1663 3513 1685 3560 si

322 3583 393 3634 nodis
411 3583 500 3634 Lunae
519 3597 614 3648 quoque
632 3587 712 3646 major
729 3585 805 3634 virtus
824 3582 1001 3646 adstipuletur,
1021 3597 1095 3646 quam
1114 3585 1217 3640 catoris,
1236 3598 1338 3648 quorum
1356 3585 1413 3633 nodi
1432 3585 1558 3634 obscurius
1577 3597 1685 3647 operan-

323 3654 381 3704 tur'l
417 3655 470 3720 Ego
489 3655 655 3719 experimento
676 3655 706 3704 de
725 3656 796 3705 nodis
814 3655 886 3705 nitor.
926 3652 1018 3704 Credat
1036 3653 1107 3714 alius,
1127 3667 1288 3721 quaecuuque
1307 3656 1379 3713 solit,
1398 3656 1472 3705 modo
1489 3655 1623 3705 manifeste
1642 3670 1683 3704 sa-

321 3727 391 3777 ritati
409 3728 458 3776 rim
476 3741 525 3776 noa
544 3726 643 3775 inierat.
1714 3731 1716 3734 ·

410 3815 593 3894 Kepierus
627 3801 671 3889 (iri
696 3814 792 3876 literis
817 3815 845 3878 d.
871 3814 899 3876 d.
923 3810 953 3876 4.
979 3813 1083 3885 Julii):
1121 3812 1168 3875 De
1192 3815 1278 3877 nodis
1302 3816 1406 3877 Lunae
1430 3817 1584 3880 subiratus
1608 3838 1684 3882 cou—
1719 3895 1722 3902 ⁴

322 3904 436 3965 cludis:
476 3921 533 3983 ego
558 3903 756 3982 experientia,
781 3901 888 3982 inquis,
915 3903 1003 3975 nitor,
1028 3904 1134 3963 credat
1153 3901 1245 3978 alius,
1272 3904 1342 3983 quid
1365 3904 1449 3968 velit.
1496 3905 1683 3986 111111111-

321 3991 427 4054 ciabo:
462 4000 493 4054 et
525 4011 581 4072 ego
615 3993 728 4067 fateor,
762 3991 832 4053 milri
862 4000 1036 4072 suspectam
1065 3999 1146 4053 tuam
1182 3992 1417 4071 experientiam,
1452 4003 1558 4075 utpote
1592 3996 1682 4058 nimis

323 4081 484 4154 subtilem3
515 4083 595 4143 malo
620 4099 691 4161 ergo
715 4081 859 4154 rationes,
884 4101 960 4162 quae
984 4089 1129 4159 praeeunt
1153 4081 1223 4156 illic,
1249 4082 1397 4144 credendo
1422 4083 1516 4164 sequi,
1545 4085 1682 4164 quamvis

322 4167 379 4230 hoc
403 4168 476 4229 nihil
501 4170 538 4229 ad
563 4169 770 4249 propositum;
796 4171 858 4231 iere
883 4171 970 4243 enim,
998 4170 1084 4243 scito,
1109 4177 1208 4232 tecum
1233 4171 1399 4234 consentio.

393 4275 579 4324 Fabricius:
612 4275 642 4323 In
661 4275 787 4326 1111111111
806 4276 836 4325 do
854 4276 1135 4326 inclinationibus
1154 4282 1180 4324 et
1197 4279 1466 4340 temperamentis
1486 4275 1522 4341 (p.
1536 4275 1597 4334 ³22.
1618 4275 1681 4340 325)

322 4346 365 4394 tibi
379 4346 471 4409 partim
490 4346 606 4404 assentio,
626 4347 716 4408 partim
736 4360 793 4394 nou.
831 4345 869 4395 Tu
887 4346 1076 4396 inclinationum
1095 4362 1196 4396 causam
1215 4348 1292 4398 relsrs
1310 4348 1343 4398 ad
1361 4350 1425 4412 ipsos
1438 4349 1562 4412 planetas.
1582 4357 1682 4412 etpost

321 4431 417 4482 quoque
441 4417 496 4479 ipsa
518 4421 716 4479 temperamenta
740 4417 906 4467 constituendi
929 4423 1079 4481 potestatem
1102 4418 1150 4468 illis
1175 4419 1298 4468 attribuis.
1336 4419 1377 4470 Sic
1396 4434 1491 4484 qnoque
1509 4419 1680 4470 fortitudinem

321 4493 348 4537 et
366 4487 519 4538 debilitatem
538 4488 573 4536 111
592 4487 724 4546 concedis,
744 4487 881 4538 bonitatem
900 4505 957 4538 sero
976 4496 1001 4539 et
1019 4489 1140 4538 malitiam
1161 4489 1259 4540 aliunde
1279 4490 1387 4540 deducis.
1424 4490 1512 4555 Nego,
1545 4505 1609 4548 „uec
1628 4499 1680 4540 arta

320 4573 368 4609 nso
394 4560 486 4609 aetatis
513 4572 629 4621 processu
655 4557 829 4608 inclinationes
857 4559 977 4618 mutari3⁸⁴
1010 4562 1064 4623 quis
1093 4561 1158 4611 euim
1185 4562 1305 4611 attentius
1333 4567 1447 4610 astatum
1474 4561 1617 4612 differentis
1632 4576 1679 4610 uun

322 4632 449 4696 cognoscit
466 4629 537 4679 simul
556 4629 747 4685 inclinationes.
767 4643 797 4678 cx
816 4631 901 4680 anima
918 4632 1037 4682 sensitiva
1055 4639 1129 4692 ortas,
1148 4631 1258 4682 mutarit
1295 4631 1430 4696 (Kepierus
1449 4632 1474 4682 iu
1493 4634 1607 4698 margine
1624 4633 1680 4682 lits-

321 4715 403 4751 rarum
417 4701 536 4750 Fabricii:
558 4699 643 4758 ,Male
662 4700 737 4750 retest
755 4715 812 4749 mea
830 4701 929 4751 verba.“
968 4701 1066 4752 Deinde
1079 4703 1112 4754 ad
1124 4705 1232 4766 proxima
1245 4704 1381 4768 praemissa
1395 4705 1575 4768 assequentis:
1597 4703 1682 4764 ,Vera

322 4770 389 4822 dicit
427 4771 493 4822 Vide
512 4773 570 4836 quid
588 4777 617 4821 tu
635 4767 800 4836 scripseris.“)
838 4771 899 4833 Quis
918 4788 968 4824 non
986 4773 1061 4832 ridet,
1082 4775 1143 4823 alios
1162 4776 1253 4838 pueris,
1273 4773 1336 4824 alios
1351 4776 1445 4838 insoni,
1465 4775 1599 4835 altosuro,
1620 4774 1679 4825 alios
