3628 5518
298 208 360 278 184
438 263 442 272 ,
808 205 921 273 Hysterii
940 207 1140 276 cmopspbiei

243 396 246 404 ⁴
294 374 384 449 posui,
398 373 451 430 imo
465 365 573 429 clarem
587 370 774 428 acunumiae
787 369 886 427 merito
900 370 1058 443 appellavi:
1084 372 1156 442 qnod
1170 388 1208 426 cx
1222 369 1290 441 ipsis
1305 370 1424 426 motibm
1438 369 1537 426 Martis
1552 370 1661 444 liquido
1732 411 1734 416 ·

294 453 488 519 mmomusvi,
512 469 561 508 seu
584 452 656 507 Solis
679 467 728 507 sen
748 452 851 506 Terrae
874 458 977 506 motum
1001 467 1121 506 annuum
1144 451 1269 522 regulari
1292 451 1366 506 circa
1389 450 1511 506 alienum
1532 457 1661 506 sennim

296 536 442 608 aequantia
464 535 579 604 ejusque
602 532 838 588 eooentricitatem
861 532 969 588 orbitae
993 531 1131 586 dimidium
1153 532 1242 586 solum
1263 532 1369 586 babere
1389 531 1609 586 ecoeutricitatis
1625 534 1662 587 ab

297 617 456 673 auctoribus
477 614 608 669 creditae.
943 624 950 636 “

374 695 459 750 Vides
473 693 579 764 itaquo,
600 693 689 747 lector
703 691 836 756 studiose,
855 691 951 746 libello
965 693 1019 746 boc
1037 690 1143 746 semina
1157 706 1257 761 sparsa
1271 707 1332 744 esse
1348 689 1465 746 omnium
1489 698 1519 746 et
1533 692 1663 764 singulo·

295 794 365 841 rum,
388 792 460 848 quaa
474 793 511 828 ex
526 791 559 828 eo
573 779 696 843 tempore
718 771 746 825 in
760 772 929 826 astronomia
941 788 1015 826 nova
1028 779 1058 826 et
1076 771 1163 844 vulgo
1177 772 1299 826 absurda
1322 790 1359 826 ox
1382 771 1541 826 certissimis
1557 771 1665 828 Brahei

297 854 535 912 observationibus
561 869 635 908 arne
657 852 811 906 constituta
833 857 863 906 et
877 853 1067 908 demonstrata
1089 857 1171 906 sunt:
1197 851 1291 922 itaque
1316 868 1397 922 spero
1422 859 1451 906 te
1463 853 1559 924 jocum
1573 869 1665 907 meum

296 937 345 992 lib.
360 935 407 991 IV.
428 929 505 1006 (cap.
521 929 562 998 7.)
577 935 672 988 Herm.
697 934 730 986 de
754 933 821 988 meis
844 932 1011 1005 imaginibus
1032 951 1069 986 ex
1083 931 1174 986 Procli
1193 931 1435 1004 paradigmatibus
1458 933 1587 1004 delapsis
1611 950 1681 988 non·

297 1017 392 1090 iniqua
405 1029 523 1071 censura
536 1015 754 1087 flagellatorum.
1099 1015 1112 1040 ⁸

884 1195 1077 1210 mn

834 1357 954 1456 Caput
980 1355 1125 1430 XXIII.

483 1517 540 1582 Dc
556 1515 649 1579 initio
668 1523 697 1578 ct
708 1517 775 1597 Jino
792 1514 905 1579 mnndi
922 1516 1131 1578 astronomico
1150 1523 1179 1577 et
1198 1534 1281 1576 anno
1300 1511 1480 1577 Platonico.
1540 1472 1546 1482 ι

390 1659 467 1722 Post
489 1659 605 1739 epulas,
630 1667 700 1738 post
724 1658 879 1720 fastidium
903 1678 940 1721 ex
962 1657 1134 1727 saturitate,
1159 1655 1314 1719 veniamus
1337 1657 1377 1718 ad
1400 1657 1540 1720 bellaria.
1562 1657 1671 1720 ’Pro-

302 1750 436 1814 blemata
459 1749 517 1810 duo
531 1766 609 1828 pono
625 1747 747 1812 nobilia.
780 1747 914 1824 Primum
937 1754 986 1809 ost
1009 1747 1045 1807 do
1070 1746 1214 1825 principio
1238 1753 1356 1820 motus;
1381 1747 1509 1810 alterum
1536 1747 1575 1808 de
1600 1747 1666 1809 fine.

303 1838 396 1903 Certe
420 1856 478 1900 non
502 1845 614 1899 temere
638 1838 722 1900 Deus
746 1835 880 1899 instituit
901 1844 1012 1910 ructus,
1038 1836 1091 1897 sed
1116 1835 1154 1898 ab
1178 1855 1236 1897 nno
1261 1837 1388 1917 quodam
1412 1844 1495 1898 certo
1518 1836 1671 1917 principio

304 1935 337 1992 et
358 1926 468 1991 illustri
493 1926 649 1988 stellarum
673 1925 897 2006 conjunctione,
922 1933 954 1986 ot
977 1925 1006 1986 in
1031 1923 1116 1986 initio
1140 1923 1269 1998 zodiaci,
1294 1925 1372 2006 quod
1397 1933 1515 1986 creator
1540 1945 1599 2006 per
1622 1925 1669 1988 in-

208 2033 211 2040 *
303 2015 495 2080 clinationem
510 2015 639 2076 Telluris
664 2013 805 2076 domicilii
828 2013 924 2078 nostri
948 2013 1074 2088 effinxit,
1099 2013 1169 2092 quin
1193 2013 1293 2075 omnia
1314 2019 1439 2093 propter
1461 2013 1628 2076 bominem.
1644 2017 1670 2088 ⁸)

303 2107 411 2169 Annus
434 2105 527 2182 igitur
550 2101 667 2166 Christi
694 2100 777 2168 1595
802 2103 828 2165 si
852 2104 1001 2166 referatur
1025 2101 1054 2163 in
1079 2098 1168 2165 5572
1200 2101 1299 2165 mnndi
1323 2103 1388 2182 (qni
1412 2104 1617 2166 communiter
1640 2112 1671 2165 et

304 2215 323 2256 a
345 2191 569 2274 probatissimis
599 2188 684 2256 5557
709 2195 879 2268 censetur),
914 2191 1015 2252 veniet
1038 2189 1152 2253 creatio
1175 2189 1205 2252 in
1229 2191 1378 2254 illustrem
1406 2192 1672 2254 constellationem
1793 2185 1794 2196 ³

304 2283 333 2346 in
357 2279 502 2363 principio
519 2277 607 2358 ΥΒ).
641 2283 719 2345 Nam
744 2300 822 2343 anno
845 2281 940 2362 primo
965 2279 1093 2343 assumti
1116 2279 1238 2354 numeri,
1264 2278 1311 2341 die
1335 2278 1451 2359 Aprilis
1474 2277 1528 2343 27.
1546 2281 1700 2345 Julieuo.

304 2379 385 2435 rotro
400 2377 584 2450 computato,
611 2370 805 2450 leriaprims,
832 2369 880 2451 qni
904 2370 968 2432 dies
992 2368 1155 2432 creationis
1173 2368 1304 2431 omniurn
1328 2377 1386 2442 est,
1411 2369 1486 2430 bora
1510 2370 1672 2432 undecima

306 2458 439 2522 meridiei
458 2459 631 2535 Borussiao,
657 2459 733 2541 quas
757 2467 806 2522 est
828 2467 919 2522 senta
940 2459 1114 2539 vespertina
1137 2459 1166 2520 in
1191 2457 1287 2532 India,
1313 2459 1384 2520 talis
1407 2457 1572 2521 exhibetur
1595 2457 1669 2521 coeli

305 2548 400 2612 facies
423 2569 443 2610 a
464 2548 626 2610 Prutenioo
649 2548 774 2611 calculo.

395 3393 498 3454 Motus
522 3400 562 3466 ὁ,
597 3390 622 3464 Ω
647 3400 678 3453 et
700 3397 732 3464 Ω
756 3393 909 3474 paulisper
933 3414 1049 3457 morare
1079 3402 1131 3457 aut
1158 3409 1315 3474 promove,
1350 3399 1382 3452 et
1404 3391 1528 3452 venient
1551 3390 1581 3452 in
1607 3390 1671 3452 loca

306 3489 446 3562 cognata
472 3488 504 3544 et
527 3481 604 3544 torte
628 3485 661 3553 ξι
684 3480 714 3544 in
738 3481 759 3546 0
783 3493 831 3549 a:
855 3483 894 3545 ad
916 3485 957 3556 b.
1005 3483 1142 3564 Scaliger
1166 3481 1243 3544 male
1267 3479 1450 3542 novilunium
1474 3478 1550 3542 vult.
1592 3479 1670 3542 Nem

307 3572 395 3634 Luna
423 3568 453 3632 in
476 3575 662 3651 potestatem
691 3572 788 3635 noctis
817 3572 939 3640 condita
967 3581 1054 3636 nocte
1079 3571 1179 3654 ntique
1202 3569 1300 3650 prima
1323 3569 1418 3632 fulsit
1465 3567 1669 3632 Verisimilius

306 3659 425 3724 initium
448 3659 581 3722 calculus
606 3659 708 3722 multis
731 3668 812 3724 retro
836 3680 983 3744 porroque
1003 3663 1090 3724 annis
1105 3679 1163 3724 non
1175 3658 1364 3739 suppeditat.
1399 3656 1462 3720 Sed
1485 3657 1511 3720 si
1535 3657 1668 3719 rationes
1708 3733 1711 3738 Ι

308 3767 485 3829 sequemur,
514 3745 635 3827 oportet
657 3747 714 3810 boc
736 3749 871 3824 initium,
903 3749 942 3828 Θ
967 3750 997 3812 in
1022 3761 1070 3816 ὲ
1092 3756 1253 3822 versante,
1283 3764 1447 3828 quaerere,
1478 3765 1585 3828 nempe
1615 3747 1669 3808 bac

307 3837 383 3900 coeli
407 3837 496 3898 lacis.

395 3922 499 4004 nt.
524 3929 631 3999 dit:
656 3920 1062 4002 0⁰Y;)=0⁰t;tt‚
1089 3927 1130 4002 Q,
1155 3928 1191 4004 o,
1217 3921 1274 4004 ΘΞ
1300 3921 1431 3988 0⁰2..

397 4013 474 4076 Vult
496 4014 552 4076 boc
575 4023 709 4076 veterum
736 4016 920 4090 auctoritas,
954 4016 1094 4079 mundum
1122 4016 1152 4077 in
1177 4021 1318 4077 autumno
1343 4021 1497 4086 creatum,
1532 4019 1564 4072 et
1592 4010 1668 4073 ratio

307 4103 376 4184 ipsa
400 4122 437 4164 er
453 4101 628 4184 (toparcion,
653 4111 687 4165 nt
710 4103 812 4167 Tellus
836 4104 891 4166 snb
916 4106 1021 4167 eodem
1045 4104 1129 4168 initio
1154 4111 1225 4172 stet,
1251 4121 1308 4182 quo
1331 4101 1448 4182 reliqui.
1465 4103 1492 4174 ⁰)
1527 4101 1666 4181 Appare-

307 4193 382 4254 bunt
405 4190 496 4270 igitur
519 4192 688 4270 superiores
712 4193 741 4254 in
756 4191 801 4270 Υ,
826 4193 983 4256 interiores
1007 4202 1038 4256 et
1058 4191 1097 4272 Θ
1120 4193 1149 4254 in
1171 4203 1231 4267 ἐξ,
1257 4191 1345 4271 Luna
1363 4209 1428 4252 cnm
1451 4189 1533 4251 circa
1547 4189 1666 4250 Tenem

308 4279 358 4354 sit,
381 4299 477 4361 neque
500 4279 530 4340 in
553 4279 590 4356 Υ
614 4301 708 4362 neque
732 4281 762 4343 in
783 4293 831 4350 τὲ,
851 4284 1004 4362 competit,
1028 4302 1066 4344 ne
1091 4282 1192 4344 turbet
1215 4299 1367 4344 nnmerum
1391 4273 1555 4341 ternarium
1579 4295 1665 4356 supe-

306 4369 416 4432 riorum
439 4376 471 4431 et
492 4368 674 4445 inferiorum,
701 4379 732 4432 et
746 4369 817 4432 Sole
838 4370 993 4434 occidente
1018 4371 1077 4446 (sic
1101 4372 1179 4432 enim
1197 4368 1336 4432 conditus
1353 4368 1480 4431 mundns
1499 4370 1562 4441 est)
1589 4363 1665 4428 nocti

306 4457 411 4522 nullibi
435 4458 547 4521 rectius
578 4458 764 4534 dominatur,
799 4478 888 4540 quarn
916 4480 955 4521 ex
982 4461 1078 4523 medio
1107 4459 1202 4534 coeli,
1235 4457 1314 4539 quod
1338 4465 1386 4519 est
1409 4455 1441 4520 0.
1465 4462 1510 4534 ,6.
1559 4455 1665 4534 Sicqne

307 4547 420 4626 poterit
442 4547 471 4608 in
495 4546 620 4629 epicycli
645 4567 762 4611 summa
785 4549 890 4610 abside
913 4550 1089 4612 consistere.
1128 4547 1170 4609 Et
1193 4547 1263 4628 quia
1286 4545 1367 4608 orbis
1392 4545 1457 4624 ejus
1481 4543 1664 4608 adventitius

308 4645 363 4710 est,
388 4637 534 4699 sortiatur
557 4637 679 4718 etipsa
702 4637 900 4704 adventitium
925 4645 957 4698 et
979 4639 1162 4720 peculiarem
1185 4637 1276 4698 sitnm
1299 4634 1444 4715 principii.
1482 4633 1663 4696 Lunstioues

308 4723 400 4786 ctiam
423 4723 489 4804 eins
512 4723 656 4790 nobilitas
680 4734 711 4786 et
739 4726 819 4788 fama
847 4725 926 4790 inter
952 4722 1102 4807 homines,
1136 4725 1378 4804 lunationnmque
1405 4721 1565 4804 potissime
1589 4739 1661 4803 qua·
