3698 5516
164 265 168 274 ’
278 269 344 338 252
831 271 954 338 ΛΡΜ·
971 270 1095 334 tychonis

279 431 455 496 eccentricis
486 437 676 511 permutatos
709 431 875 494 fabuletur:
909 430 1075 494 videbimus
1108 449 1146 493 ex
1175 429 1360 504 Aristotele,
1392 429 1462 512 qnid
1496 428 1572 492 certi
1606 429 1645 491 de

277 521 395 584 Eudoxi
423 518 577 582 sententis
604 519 708 594 baberi
740 519 859 600 possit:
892 517 1054 601 praecipue
1087 539 1154 582 cunr
1182 521 1260 582 hunc
1284 519 1383 582 locum
1406 539 1426 582 a
1447 518 1560 583 ceteris
1590 525 1646 580 aut

276 610 446 690 neglectum
469 615 523 671 aut
536 608 615 670 malo
630 615 795 676 tractatum
815 609 1029 687 interpretibus
1053 626 1163 688 operae
1188 607 1319 688 pretium
1342 607 1484 670 videatur
1508 607 1644 687 diligen·

276 699 337 762 tius
362 696 540 776 expendere.
588 693 664 759 Cum
687 705 788 760 autem
810 696 841 758 in
857 697 975 776 gemina
989 697 1148 760 constituti
1163 696 1466 768 simusdifficultate,
1491 715 1537 770 eo,
1563 695 1645 776 quod

277 793 309 848 et
331 783 528 859 Aristoteles,
563 803 661 847 rernm
692 785 974 848 mathematicamm
1002 785 1169 866 imperitior
1202 794 1234 848 ut
1256 785 1360 847 multis
1395 784 1469 848 locis
1502 793 1643 863 apparet,

275 874 393 938 Eudoxi
417 880 547 936 mentem
569 873 618 934 vel
642 873 764 936 sinistre
786 874 959 954 perceperit
980 875 1029 936 vel
1053 874 1209 937 obscurius
1240 873 1433 952 expresserit,
1469 881 1501 934 et
1528 872 1644 934 numeri

276 962 436 1026 manifeste
460 982 479 1023 a
503 960 604 1023 verbis
627 962 810 1026 dissideant:
835 963 981 1025 faciamus
1005 963 1084 1043 quod
1106 981 1276 1042 possumus,
1301 962 1460 1024 verbomm
1485 961 1646 1023 involucra

277 1050 460 1131 conjecturis
484 1050 675 1113 sublevemus
698 1061 943 1130 numerorumque
968 1071 1085 1114 errores
1109 1051 1296 1114 correctione
1310 1051 1411 1114 verbis
1435 1057 1646 1112 consentanea

276 1140 429 1202 tollamus.
476 1137 572 1217 lgitur
600 1158 667 1202 cum
690 1139 741 1202 lib.
765 1139 836 1202 XII.
861 1140 998 1220 Metapb.
1022 1139 1204 1202 Aristoteles
1234 1140 1264 1202 in
1288 1139 1544 1219 contemplatione
1571 1157 1644 1200 ver-

277 1234 361 1291 setur
392 1227 632 1290 substantiarum
664 1227 844 1307 simplicium
877 1237 909 1290 et
938 1228 1066 1291 materia
1097 1228 1278 1301 carentium,
1316 1247 1410 1308 eoque
1444 1226 1644 1288 sublimitatis

276 1317 422 1378 urebatur
446 1321 590 1378 accurata
612 1323 711 1378 motus
735 1324 767 1378 et
788 1317 902 1396 primae
926 1325 1058 1380 motuum
1082 1335 1193 1380 causae
1214 1315 1433 1396 disquisitione,
1462 1322 1496 1376 nt
1519 1315 1644 1376 invento

276 1423 315 1466 ex
338 1403 475 1484 simplici,
500 1403 641 1466 uniformi
664 1411 696 1466 et
719 1412 842 1467 aeterno
867 1413 960 1480 motu,
985 1424 1073 1486 quern
1091 1405 1220 1487 primum
1236 1404 1370 1478 dicimus,
1396 1411 1512 1467 motore
1533 1403 1642 1482 primo,

276 1493 315 1556 ad
338 1493 607 1572 intelligentiarum
630 1493 828 1556 secuudsmm
851 1500 883 1555 et
904 1489 1019 1576 primas
1043 1494 1306 1557 subordinatarum
1329 1511 1483 1554 numemm
1508 1491 1644 1553 investi-

276 1582 408 1661 gandum
432 1599 498 1660 cap.
523 1576 554 1644 8.
580 1581 725 1644 accedat:
749 1581 822 1643 illud
846 1583 1006 1661 praecipue
1030 1601 1151 1661 urgens,
1172 1581 1298 1661 singulis
1316 1580 1478 1644 mobilibus
1502 1580 1643 1658 singulas

274 1688 418 1749 praeesse
443 1669 671 1748 intelligentias,
696 1689 750 1732 nec
773 1670 1024 1733 introducendum
1048 1671 1206 1752 quicquam
1224 1670 1423 1742 inmundum,
1447 1668 1527 1750 qnod
1543 1668 1643 1732 officio

275 1765 380 1822 careat
409 1758 576 1820 otiosumne
609 1758 659 1820 sit
713 1759 870 1822 Mobilium
906 1777 977 1821 vero
1011 1761 1187 1822 coelestium
1221 1777 1379 1838 corporum
1413 1775 1569 1820 numerum
1605 1776 1644 1818 ex

275 1855 419 1922 motuum,
442 1846 491 1926 qui
514 1847 656 1909 videntur
677 1847 707 1908 in
732 1848 825 1922 coelo,
851 1847 1002 1910 varietate
1026 1847 1170 1912 instituit.
1216 1847 1262 1909 At
1276 1853 1376 1909 motus
1399 1847 1494 1926 ipsos,
1519 1845 1644 1927 quinam

276 1943 308 1998 et
331 1941 404 2015 quot
427 1935 700 2015 deprehendantur,
725 1936 844 2016 quaerit
867 1937 905 1998 ab
929 1936 1120 2000 astronomis.
1167 1936 1246 1998 Hinc
1266 1936 1330 2014 ejus
1344 1935 1453 1998 verba:
1477 1952 1538 2008 „ao
1561 1934 1642 1996 mul·
1728 1981 1732 1988 .

274 2031 322 2086 tos
353 2023 473 2104 quidem
501 2033 599 2087 motus
623 2044 691 2086 esse
719 2043 819 2087 sorum
853 2045 929 2105 quae
959 2026 1108 2098 feruntur,
1142 2024 1180 2086 iis
1212 2024 1306 2086 etism
1335 2023 1459 2085 evidens
1493 2029 1557 2096 est,
1592 2020 1643 2102 qni

275 2111 465 2174 mediocriter
493 2111 523 2174 in
555 2113 612 2174 hac
635 2133 667 2175 re
692 2113 805 2174 versati
831 2122 911 2176 sunt.
958 2113 1039 2176 Nam
1067 2113 1202 2192 pluribus
1229 2111 1290 2174 und
1317 2111 1500 2174 motionibus
1530 2109 1642 2189 singuli

275 2217 396 2262 errones
431 2201 595 2262 luuntur.-
630 2199 714 2271 Quot
747 2207 847 2264 autem
880 2201 957 2277 sint,
991 2221 1067 2264 nuno
1101 2202 1221 2282 quidem
1252 2220 1290 2262 ea
1322 2219 1399 2280 quae
1432 2197 1644 2260 mathematici

275 2286 408 2350 nonnulli
431 2289 565 2362 tradunt,
591 2288 770 2369 cognitionis
793 2310 887 2352 causa
909 2289 1055 2364 dicimus:
1088 2298 1124 2353 ut
1145 2289 1244 2352 animo
1267 2297 1383 2351 certum
1407 2287 1557 2369 quendam
1582 2307 1642 2350 nu-

276 2395 389 2440 merum
411 2376 561 2456 possimus
584 2377 850 2456 comprehendere:
877 2387 980 2440 cetera
993 2379 1104 2458 partim
1120 2377 1206 2441 nobis
1230 2377 1409 2457 inquirenda
1423 2385 1503 2448 sunt,
1526 2376 1642 2454 partim

275 2465 312 2538 ii,
346 2465 395 2546 qui
419 2465 494 2528 baec
517 2464 685 2546 inquirunt,
715 2467 935 2546 interrogandi,
967 2486 1037 2529 num
1061 2466 1131 2548 qnid
1154 2473 1277 2547 praeter
1300 2485 1337 2527 ea
1360 2484 1436 2545 quae
1461 2463 1642 2537 dictasint,

179 2577 185 2586 ¹
274 2553 313 2616 iis
342 2553 483 2616 videatur
514 2554 564 2633 qui
595 2555 671 2617 haec
699 2563 850 2630 tractant3
884 2575 920 2616 ac
948 2564 1011 2618 tnnr
1042 2555 1159 2635 utrique
1184 2554 1305 2617 amandi
1333 2555 1377 2616 illi
1411 2553 1529 2633 quidem
1554 2561 1645 2615 erunt

276 2641 379 2721 sisque
403 2642 505 2720 gratia
527 2643 685 2719 habenda:
710 2644 764 2706 sed
788 2644 826 2706 iis
850 2644 969 2706 demum
992 2644 1133 2707 babendo
1155 2643 1240 2716 fides,
1264 2641 1313 2722 qui
1333 2643 1504 2704 accuratius
1520 2648 1553 2702 et
1568 2640 1640 2702 dili-

273 2728 394 2808 gentius
417 2730 640 2794 tradiderunt“
687 2731 753 2795 Hoc
776 2733 943 2812 proemium
968 2733 1072 2796 audiat
1095 2730 1249 2795 Osiander
1272 2739 1305 2793 et
1327 2731 1425 2794 Ursus
1456 2738 1489 2792 et
1512 2729 1640 2810 quicun-

276 2837 332 2898 qne
362 2827 601 2883 astronomorum
630 2820 668 2881 de
695 2839 793 2883 rernm
822 2828 931 2882 natura
959 2828 1122 2900 conceptus
1145 2820 1236 2899 parvi
1267 2819 1349 2882 lacit.
1397 2818 1540 2898 Sequitur
1572 2817 1643 2896 ipsa

273 2925 342 2970 res:
366 2906 532 2982 „Eudoxus
556 2907 638 2970 Solis
662 2918 694 2970 et
716 2909 820 2972 Lunae
844 2909 997 2989 utriusque
1021 2910 1165 2972 lationem
1189 2908 1218 2970 in
1242 2908 1338 2970 tribus
1361 2907 1494 2986 ponebat
1523 2906 1639 2985 sphae-

202 2995 204 3001 ’
275 2994 334 3066 ris,
365 3013 490 3076 qusmm
519 2997 647 3076 primam
677 3015 745 3060 esse
774 3017 832 3060 uon
861 2998 1028 3060 errantium
1051 2996 1241 3060 stellamm.“
1287 2997 1372 3057 Haec
1397 2996 1426 3056 in
1451 2995 1639 3073 compendiis

274 3083 485 3146 asmonomicis
508 3086 599 3164 vulgo
624 3085 795 3165 depingitur
818 3086 962 3166 amplecti
985 3094 1082 3150 totum
1106 3085 1233 3164 alicujus
1256 3086 1397 3164 planetae
1418 3091 1563 3166 systema,
1587 3083 1638 3144 id-

273 3190 331 3251 que
355 3171 429 3234 lacit
451 3173 689 3247 conceutriounr;
723 3181 859 3237 movetur
882 3193 972 3254 super
994 3175 1073 3253 polis
1101 3174 1276 3254 aequatoris
1300 3175 1338 3236 ab
1359 3181 1427 3234 ortu
1446 3173 1476 3234 in
1496 3190 1639 3233 occasum

276 3265 308 3320 et
337 3259 502 3322 revolvitur
528 3279 589 3322 una
620 3281 686 3324 cum
714 3281 750 3324 eo
783 3263 865 3324 horis
889 3259 942 3326 24.
994 3263 1148 3326 Interdum
1180 3262 1207 3324 ei
1238 3263 1319 3324 aliud
1346 3263 1468 3341 insuper
1496 3260 1659 3334 officium,‘

275 3346 429 3408 deferendi
453 3349 557 3426 nodos,
583 3349 768 3424 attribuitur,
792 3351 869 3414 unde
892 3351 1066 3433 plerumque
1089 3369 1197 3412 nomen
1220 3350 1327 3423 babet;
1357 3351 1411 3412 sed
1435 3350 1492 3412 boc
1516 3367 1576 3411 non
1601 3368 1639 3408 ex

274 3434 393 3498 Eudoxi
415 3446 524 3498 mente.
571 3437 763 3512 „Secundam
787 3446 887 3501 autem
911 3459 965 3520 per
988 3459 1055 3502 eum
1077 3439 1221 3502 circulum
1244 3439 1330 3507 terri,
1355 3437 1404 3519 qui
1426 3455 1481 3516 per
1504 3436 1637 3499 medium

165 3553 168 3562 ν
275 3522 391 3586 zodiaci
414 3524 495 3588 est.“
541 3526 680 3606 Apparet
701 3527 861 3590 Eudoxum
892 3529 968 3590 hunc
997 3529 1099 3591 orbem
1127 3527 1171 3588 sic
1200 3528 1385 3607 disposuisse
1415 3525 1445 3586 iu
1469 3526 1570 3598 Luna,
1606 3533 1640 3587 ut

276 3612 341 3691 ejus
364 3613 426 3692 poli
448 3613 541 3692 priori
565 3615 628 3678 orbi
653 3617 850 3680 revolutionis
873 3618 997 3678 diurnae
1020 3617 1213 3689 insisterent,
1243 3615 1431 3677 declinantes
1454 3615 1593 3693 utrinque
1619 3633 1639 3674 a

274 3699 352 3779 polis
375 3701 456 3764 illius
478 3703 508 3764 in
532 3705 633 3766 coluro
657 3704 856 3767 solstitiorum
880 3705 981 3785 spatio
1005 3704 1195 3784 obliquitatis
1220 3703 1390 3783 eclipticas.
1438 3701 1541 3764 Motus
1564 3720 1637 3763 vero

276 3788 340 3868 ejus
364 3796 412 3852 est
434 3791 490 3852 sub
512 3792 606 3871 priori
630 3793 668 3855 ab
693 3800 761 3854 ortu
783 3793 814 3854 iu
838 3813 980 3856 occasum
1003 3813 1056 3856 seu
1080 3793 1111 3855 in
1136 3793 1363 3864 antecedentia,
1388 3790 1561 3853 restituitur
1584 3809 1636 3852 se-

275 3877 335 3939 mel
363 3878 402 3940 ad
430 3879 510 3941 idem
538 3879 619 3942 illius
645 3880 732 3961 primi
764 3882 828 3944 sive
858 3883 896 3944 ad
920 3883 999 3944 idem
1026 3881 1143 3944 zodiaci
1175 3889 1320 3961 punctum
1350 3878 1436 3942 anuis
1469 3875 1518 3942 19.
1570 3876 1639 3949 Quo

276 3965 374 4045 spatio
398 3967 571 4031 circumfert
594 3971 698 4033 nodos.
744 3969 852 4042 Qualis
866 3989 938 4032 vero
961 3977 1060 4033 motus
1085 3970 1173 4049 hujus
1197 3969 1300 4030 circuli
1324 3969 1366 4030 sit
1389 3969 1417 4029 in
1438 3967 1558 4029 theoria
1576 3966 1638 4029 So-

275 4054 323 4129 lis,
348 4054 445 4117 dicam
465 4057 529 4136 jam
553 4067 697 4138 quantum
720 4059 779 4122 dici
801 4067 904 4140 potest
927 4059 955 4122 in
975 4059 1082 4121 tertio:
1125 4057 1282 4132 „Tertiam
1297 4066 1398 4119 autern
1419 4073 1473 4136 per
1487 4055 1639 4136 obliquum

275 4142 417 4206 circulum
441 4145 480 4207 ad
504 4146 693 4210 latitudinem
718 4148 904 4229 signorum.“
950 4146 1002 4209 Sic
1025 4147 1178 4226 intelligo,
1208 4147 1332 4208 tertium
1358 4146 1396 4206 sd
1421 4144 1585 4208 secuudum
1607 4145 1638 4205 in

276 4231 371 4292 latum
398 4233 540 4296 inflexum
570 4254 647 4300 esse.
694 4235 755 4300 Est
784 4253 857 4317 ergo
886 4237 949 4310 bic,
984 4235 1034 4317 qui
1057 4236 1175 4298 Lunam
1205 4234 1301 4314 ipsam
1326 4234 1433 4295 defert
1479 4232 1554 4313 Ejus
1577 4231 1638 4312 poli

275 4321 407 4382 secundo
431 4321 602 4401 infiguntur,
628 4325 826 4387 deflectentes
848 4325 987 4404 utrinque
1012 4323 1113 4403 spatio
1136 4322 1306 4385 latitudinis
1326 4323 1476 4384 maximae
1492 4321 1637 4383 Lunaris:

276 4415 413 4472 movetur
444 4409 473 4470 in
503 4403 724 4492 consequentia
748 4431 802 4474 sen
830 4414 868 4476 ab
896 4432 1005 4475 occasu
1033 4413 1186 4474 inertum
1214 4419 1246 4473 et
1275 4411 1447 4474 restituitur
1473 4410 1513 4471 ad
1541 4408 1637 4488 primi,

274 4515 329 4558 seu
353 4498 392 4560 ad
420 4497 536 4560 zodiaci
568 4499 649 4561 idem
676 4507 817 4580 punctum
851 4501 951 4580 spatio
976 4502 1038 4563 lere
1061 4507 1223 4563 menstmo.
1270 4502 1319 4563 lta
1346 4501 1393 4572 lit,
1428 4506 1461 4560 ut
1483 4498 1534 4576 qui
1558 4498 1639 4560 orbis

275 4591 398 4664 propter
420 4594 534 4649 motum
556 4587 752 4666 longitudinis
774 4588 904 4668 ponitur,
929 4590 956 4652 is
970 4589 1123 4654 latitudini
1148 4589 1271 4664 serviat,
1296 4589 1432 4670 quivero
1449 4585 1639 4648 latitudinem

276 4673 384 4736 stellae
406 4682 565 4754 praestare
588 4675 688 4751 debet,
714 4676 920 4755 longitudinis·
933 4687 1046 4741 motum
1069 4677 1193 4740 efficiet.

365 4759 416 4826 Sit
439 4762 530 4828 ADG
557 4765 689 4846 sphaera
715 4765 839 4828 lixarum
868 4775 900 4829 et
930 4765 960 4828 in
994 4785 1030 4829 ea
1061 4765 1125 4848 ipse
1158 4762 1248 4828 ADG
1278 4765 1398 4828 colurus
1429 4761 1638 4837 solstitiomm
