3542 5528
319 243 364 314 44
912 239 1074 295 moenam.

316 407 414 476 prodita
432 413 479 463 eet,
495 406 555 459 licet
574 404 712 458 discrimine
730 417 780 454 oon
798 403 882 469 magni
900 404 1031 462 momenti,
1052 415 1162 470 apogaeo
1181 404 1234 465 ejus
1253 396 1283 452 δ”
1302 401 1430 466 copernlci
1448 399 1566 450 terminos
1585 397 1673 448 snud-

316 486 401 546 pente.
439 477 504 540 Quin
523 485 550 529 et
568 478 631 527 orbis
651 489 748 529 annuns
764 475 837 537 juxta
855 475 1034 539 copernicum',
1063 483 1107 525 sut
1125 474 1248 538 epicyclus
1266 474 1402 524 seeundum
1419 472 1606 526 Ptolemaeum,
1625 484 1675 519 non

317 553 412 602 ridetur
430 552 539 614 ejusdem
558 563 654 613 semper
671 545 862 610 magnitudinis,
882 547 963 610 quoad
980 549 1059 610 ipsum
1078 547 1244 598 eccentricum
1263 547 1394 596 collatione
1413 545 1498 602 lactas
1518 541 1563 592 sed
1582 543 1673 592 altera

314 625 408 681 bouem
425 623 559 676 introducit
577 623 602 670 iu
621 619 731 670 omuibus
749 619 826 668 tribus
851 619 1013 682 superioribus
1038 616 1194 674 sensibilema
1223 617 1302 675 adeo,
1329 625 1358 667 ut
1372 617 1489 682 ‚angulus
1517 613 1673 664 differentiae

315 692 440 746 inhiante
460 695 492 745 ad
513 689 603 740 tlto‘
622 695 757 741 excrescat.
795 687 923 750 Quomodo
941 690 1004 740 haec
1024 705 1079 740 cnm
1097 685 1143 740 tua
1160 690 1327 752 speculatione
1347 687 1504 738 conciliendo
1522 687 1591 743 sint,
1619 690 1674 734 tute
1733 701 1738 718 ¹

314 767 404 817 rideris
423 762 467 828 (i).
502 763 607 816 Veneris
627 762 799 813 eccontrioitas
817 762 893 812 multo
912 763 989 811 minor
1006 768 1059 817 est,
1078 776 1151 826 quam
1170 763 1259 810 statuit
1276 759 1315 811 sel
1332 760 1503 816 Ptolemaeus,
1522 757 1562 807 rel
1582 755 1672 820 Caper·

315 840 385 889 nicus
404 835 457 903 (glc
486 843 512 887 et
529 831 667 900 apogaeum
685 836 737 894 elus
755 847 805 882 non
824 839 862 884 est
879 835 905 883 in
923 835 980 884 orbe
998 833 1093 884 sidereo
1111 834 1200 893 lirum,
1229 834 1265 882 uti
1289 832 1330 884 hic
1358 831 1450 888 soluit,
1479 831 1523 881 sed
1548 830 1622 878 initia
1640 833 1672 885 θ

314 925 379 960 nuuc
398 910 495 974 attigitc
523 921 570 958 nec
588 913 673 956 tamen
691 903 770 956 Solari
790 903 866 970 (quod
882 906 908 954 in
926 905 1006 956 medio
1024 905 1088 956 sexti
1105 906 1196 972 gradm
1214 903 1328 966 haeret),
1355 905 1392 954 uti
1410 905 1495 954 soluat
1512 901 1672 966 Alphonslni,

329 982 387 1031 lane
406 983 509 1030 unitum.

313 997 329 1046 p
383 1052 453 1102 Haec
472 1056 498 1102 et
515 1048 619 1106 similia,
646 1063 747 1113 quorum
764 1048 836 1112 plura
853 1063 897 1098 suo
915 1054 1024 1112 tempore
1041 1048 1158 1109 habebis,
1178 1053 1236 1099 tuae
1256 1048 1317 1100 elias
1338 1047 1474 1097 industriae
1495 1042 1674 1108 excogitationi

311 1123 445 1188 applicata,
464 1136 527 1181 eam,
547 1136 580 1171 an
598 1120 760 1184 undequaque
779 1121 826 1170 rite
844 1125 948 1179 constet,
966 1122 1111 1185 probabunt.
1150 1120 1202 1185 Ego
1223 1135 1320 1170 omnem
1334 1121 1427 1169 orbium
1440 1118 1592 1171 baalitatem,
1612 1129 1672 1178 quo·

311 1195 479 1260 modncuuque
496 1193 597 1244 tandem
616 1197 787 1246 assumantur,
816 1191 883 1241 coelo
903 1191 1078 1243 eliminandam
1095 1207 1185 1242 censeo
1206 1190 1261 1253 (h),
1288 1191 1353 1258 quod
1377 1205 1417 1240 me
1445 1204 1530 1240 omnes
1558 1194 1674 1238 cometae

309 1283 336 1317 re
355 1281 413 1317 rara
431 1266 549 1321 aetherei.
567 1262 626 1314 inde
645 1278 662 1313 a
679 1275 744 1311 nors
761 1263 836 1313 stella
853 1277 877 1312 a.
898 1262 966 1312 1572
986 1264 1119 1328 correpecti,
1138 1264 1178 1327 qui
1196 1264 1286 1313 nullius
1305 1263 1369 1313 orbis
1381 1263 1449 1328 leges
1463 1261 1576 1311 totaliter
1590 1259 1672 1308 secuti

310 1344 376 1395 sunt,
395 1338 494 1402 quidam
512 1351 569 1387 sero
588 1335 737 1386 centenum
754 1335 812 1399 quid
829 1349 890 1399 prae
908 1350 935 1386 re
953 1336 1075 1393 terebant,
1094 1335 1263 1386 indubitanter
1282 1335 1450 1392 edocuerunt;
1479 1339 1507 1383 ut
1525 1332 1556 1382 de
1575 1331 1671 1380 reisac-

203 1419 208 1437 ·
310 1409 416 1459 tionibus
434 1409 525 1458 frustra
542 1406 708 1470 multiplicatis
728 1421 758 1455 ex
777 1406 869 1456 orbium
887 1407 1018 1457 solidorum
1037 1409 1108 1470 copia
1126 1406 1186 1455 nihil
1206 1405 1378 1471 superaddam.
1416 1405 1470 1457 Nec
1488 1404 1581 1468 poterit
1594 1403 1673 1452 Terra

311 1481 392 1530 annuo
412 1481 470 1530 cieri
487 1486 564 1535 motu,
583 1485 612 1528 ut
630 1477 660 1526 de
678 1477 846 1526 librationihus
866 1479 949 1527 otiosis
970 1476 1062 1542 (neque
1081 1480 1150 1528 enim
1164 1477 1221 1528 talis
1241 1485 1281 1528 est
1297 1479 1506 1542 aequinoctiorum
1519 1475 1672 1540 praecessio,

309 1557 338 1600 ut
357 1553 504 1616 opinabatur
522 1545 691 1613 copemicusl,
711 1554 811 1598 taceam
829 1546 879 1610 (ila
899 1556 955 1598 utut
972 1550 1072 1599 diurnus
1090 1550 1252 1613 plausibiliter
1271 1550 1302 1598 ob
1320 1551 1439 1599 minorem
1452 1563 1538 1614 gyrum
1551 1546 1585 1595 illi
1600 1547 1673 1596 attri-

309 1623 350 1673 bui
369 1629 457 1686 quoat.
483 1622 555 1672 modo
578 1627 631 1670 tam
648 1620 717 1685 grarl
736 1625 762 1670 et
779 1633 856 1684 opaco
876 1623 969 1685 corpori
989 1623 1010 1670 is
1029 1627 1197 1685 competeret,
1215 1621 1303 1688 'quieti
1320 1623 1417 1686 potius,
1438 1634 1512 1685 quam
1529 1619 1610 1670 motui
1629 1632 1673 1667 ac·

309 1694 436 1745 commodo
456 1691 504 1757 (ι).
1009 1747 1012 1752 Α
1103 1721 1106 1729 ‹
1242 1727 1254 1754 r
1452 1727 1454 1732 -

379 1765 477 1826 Quare.
505 1770 533 1814 ut
550 1762 807 1826 tollantur-epicycli,
835 1765 874 1813 rix
901 1764 952 1815 alla
977 1765 1144 1816 commodiore
1161 1765 1258 1814 retinam
1275 1763 1424 1827 hypotheses
1442 1762 1550 1814 ordinari
1568 1767 1671 1824 queunt,

308 1850 382 1904 quarn
400 1843 428 1886 ut
446 1839 512 1888 circa
530 1836 612 1887 Solem
630 1834 744 1885 mobilem
761 1835 812 1884 sint
830 1840 917 1885 centra
936 1837 1083 1888 circuituum
1102 1837 1208 1901 quinque
1226 1836 1392 1900 planetarum,
1411 1837 1555 1899 quiescente
1574 1833 1672 1888 Terrae

308 1915 334 1958 et
351 1909 418 1958 circa
435 1909 501 1958 hanc
520 1907 635 1958 revolutis
653 1906 812 1956 luminaribus
832 1912 858 1955 et
876 1913 931 1956 tota
948 1915 1039 1958 octava
1057 1904 1104 1968 (uti
1122 1903 1225 1968 vocant)
1244 1909 1358 1972 sphaera,
1377 1921 1434 1957 eam
1452 1905 1572 1956 etiamin
1592 1904 1672 1954 medi·

308 1979 377 2030 tullio
395 1982 550 2044 respiciente,
571 1979 640 2040 culus
659 1977 788 2028 abscessus
804 1979 876 2040 juxta
893 1977 1054 2041 Gopamicum
1073 1980 1098 2028 in
1117 1980 1263 2028 immensum
1280 1993 1344 2044 pene
1363 1980 1429 2035 abit,
1449 1981 1550 2041 ejusque
1564 1977 1670 2039 positio·

307 2063 365 2100 uem
382 2051 420 2101 rel
438 2052 485 2101 hoc
505 2051 556 2100 solo
576 2048 680 2100 absurdo
700 2044 732 2110 (l)
751 2048 870 2112 infringit.
907 2048 962 2101 Nec
981 2052 1058 2100 etiam
1078 2057 1124 2100 tua
1141 2053 1253 2115 cogitata
1271 2051 1310 2100 hic
1329 2051 1403 2100 ullam
1422 2065 1478 2099 cum
1498 2050 1590 2098 ceteris
1603 2061 1672 2110 sym·

306 2123 419 2172 metriam
439 2121 522 2186 (prout
540 2120 612 2170 simul
631 2120 683 2170 fieri
702 2116 798 2180 debuit)
818 2118 959 2170 admittunt.
997 2121 1100 2185 Oportet
1125 2127 1208 2172 autem
1234 2125 1259 2171 in
1277 2137 1304 2173 re
1322 2124 1385 2172 barre
1403 2121 1590 2185 proportionata
1608 2118 1672 2168 nihil

306 2193 629 2257 danimproporcionstum.;
643 2191 706 2242 alite
725 2195 779 2240 tota
797 2194 942 2253 symmetria
960 2193 1115 2244 confunditur
1134 2200 1159 2242 et
1176 2200 1294 2258 suspecta
1312 2195 1403 2251 evadit,
1422 2193 1568 2257 praesertim
1580 2193 1607 2240 iu
1621 2191 1669 2240 hoc

306 2263 376 2322 loco,
396 2266 437 2314 ubi
456 2272 508 2314 tam
527 2278 644 2328 maguum
663 2269 738 2326 atque
757 2263 856 2313 evidens
874 2265 996 2328 ingeritur
1014 2265 1175 2315 obstaculum.

375 2334 447 2386 Haec
467 2341 492 2386 et
510 2335 570 2393 alia,
589 2348 653 2399 quae
671 2333 770 2398 singula
784 2340 979 2386 ‘commemorare
997 2351 1063 2386 nunc
1084 2352 1134 2386 non
1153 2341 1242 2394 vacat,
1261 2350 1301 2386 sne
1320 2338 1386 2386 circa
1403 2341 1473 2387 tuam
1490 2335 1670 2390 investionem,

307 2405 368 2457 edida
386 2408 580 2463 solertissimam,
599 2407 690 2470 optime
709 2405 826 2470 Kaplere,
846 2406 946 2456 dubium
964 2409 1078 2458 reddunt.
1115 2407 1217 2458 Interim
1235 2422 1285 2458 non
1302 2421 1401 2471 possum
1420 2422 1469 2456 non
1488 2413 1594 2456 conatus
1612 2411 1671 2454 tuos

306 2486 359 2529 tarn
377 2480 479 2528 eximios
498 2485 524 2528 et
541 2491 610 2527 raros
628 2477 806 2542 magnifacere,
826 2478 965 2543 hortorque,
983 2486 1012 2528 ιιι
1024 2480 1125 2530 ulterius
1137 2479 1175 2528 his
1190 2479 1298 2529 animum
1310 2479 1432 2534 intendas,
1452 2478 1545 2540 desque
1558 2491 1670 2540 operam,

306 2556 334 2599 nt
352 2551 430 2600 simile
448 2550 506 2615 qnid
525 2551 614 2598 nostris
633 2548 808 2613 hypothesibus
827 2545 890 2610 (ιιι),
914 2565 975 2613 quas
998 2551 1041 2600 tibi
1064 2567 1114 2600 non
1138 2551 1303 2614 incompertae
1327 2563 1382 2600 esse
1405 2550 1465 2600 liber
1488 2549 1531 2598 illa
1548 2548 1668 2606 ostendit,

307 2621 433 2686 applicare
451 2623 547 2686 possis,
567 2635 623 2670 cnm
640 2635 703 2684 pene
722 2621 805 2670 omnia
822 2622 852 2669 iis
871 2623 965 2683 pariter
976 2623 1139 2671 conveniant.
1176 2621 1264 2684 Neque
1283 2622 1314 2670 ob
1330 2621 1355 2670 id
1375 2635 1434 2684 opas
1452 2627 1507 2675 est,
1527 2625 1556 2668 ut
1574 2620 1670 2670 orbium

307 2699 432 2742 ιιιιιιιιιιιι
450 2707 582 2758 compages
601 2691 696 2749 solidas
720 2691 830 2753 sulhcit,
849 2693 964 2742 circuitus
983 2699 1009 2743 et
1026 2695 1174 2742 remotiones
1192 2693 1298 2742 siderum
1317 2695 1381 2742 inter
1399 2707 1425 2742 se
1441 2693 1520 2742 talem
1539 2692 1668 2741 concinni·

307 2768 385 2814 tatem
405 2771 479 2828 atquc
497 2764 651 2815 harmoniam
670 2765 805 2814 observare.
843 2762 895 2816 Nec
917 2764 1098 2828 praetereunda
1116 2770 1154 2814 est
1172 2760 1213 2824 (ιι)
1232 2771 1321 2814 octana
1339 2764 1460 2826 sphaera,
1487 2763 1547 2827 quiu
1574 2763 1601 2811 ln
1618 2761 1668 2812 hoc

308 2835 380 2886 thoro
399 2835 637 2900 proportionabiliter
654 2834 860 2898 locumaliqaem
878 2836 996 2886 obtineat.
1034 2835 1133 2886 Nullum
1153 2837 1218 2885 enim
1236 2841 1275 2884 est
1292 2837 1400 2896 dubium,
1417 2838 1443 2884 in
1455 2835 1569 2883 universo
1581 2834 1669 2882 omnia

308 2913 377 2963 certa
394 2907 524 2957 harmonia
542 2911 568 2956 ct
586 2908 740 2970 proportione
759 2906 791 2956 ad
809 2907 915 2956 invicem
934 2908 1048 2957 divinitas
1068 2907 1148 2957 relata
1166 2913 1192 2956 et
1210 2907 1325 2957 ordinata
1343 2921 1413 2966 esse,
1441 2907 1477 2956 ita
1499 2911 1528 2953 ut
1546 2911 1600 2954 tam
1618 2919 1667 2956 uu·

306 2979 379 3028 meris
402 2993 476 3043 quam
494 2978 579 3042 liguris
598 2979 724 3028 succincte
744 2977 997 3040 comprehendantur.
1026 2979 1100 3029 saluti
1121 2971 1333 3043 aPythsgoraeis
1351 2985 1378 3026 et
1395 2977 1529 3027 Platonicis
1545 2977 1600 3039 jam
1619 2975 1667 3024 du·

307 3051 365 3100 dnm
384 3051 541 3114 aliquatenus
559 3050 697 3114 praevisum
717 3055 764 3098 est.
801 3048 847 3097 His
866 3051 949 3112 itaque
967 3051 1068 3100 ulterius
1087 3051 1179 3114 ingenii
1196 3065 1283 3100 necros
1302 3049 1406 3113 applica,
1426 3054 1452 3098 et
1464 3049 1484 3097 si
1497 3047 1667 3096 omnimodam

307 3123 510 3178 consonantiam,
530 3133 594 3186 quae
612 3119 681 3170 nulla
699 3133 729 3168 es
745 3126 817 3182 parte
835 3119 980 3174 claudicet,
994 3127 1020 3170 et
1037 3123 1062 3170 in
1081 3135 1131 3184 qua
1148 3121 1207 3170 nihil
1227 3123 1303 3171 etiarn
1321 3121 1480 3177 desideretur,
1500 3119 1667 3174 adinveneris,

307 3195 355 3242 eris
373 3193 431 3242 mihi
449 3207 555 3256 magnus
573 3191 668 3254 Apollo.
706 3189 833 3250 Quantum
860 3205 907 3255 ego
934 3193 983 3240 tuis
1009 3190 1058 3241 hac
1076 3193 1111 3240 ¹in
1130 3205 1156 3240 re
1175 3192 1258 3242 arduis
1276 3193 1404 3243 conatibus
1423 3191 1552 3242 subvenire
1569 3195 1667 3253 potero,

305 3279 345 3312 me
364 3265 506 3327 neutiquam
524 3263 626 3312 habebis
644 3261 784 3317 difficilemc
808 3262 953 3326 praesertim
971 3263 993 3310 si
1009 3275 1050 3312 me
1068 3277 1133 3312 nuno
1152 3265 1178 3312 in
1197 3265 1331 3313 Germania
1352 3263 1485 3328 degentem
1504 3269 1530 3312 et
1549 3277 1563 3311 e
1581 3263 1668 3324 patr-ia

306 3335 353 3384 huc
372 3349 428 3384 cnm
446 3336 561 3383 universa
578 3333 688 3386 lamilia,
714 3346 746 3382 ne
764 3339 831 3380 totus
849 3331 890 3382 ille
908 3334 999 3395 periret
1015 3333 1146 3383 thesaurus
1165 3337 1358 3392 mmonomicus,
1377 3341 1415 3386 tot
1432 3334 1520 3390 annis,
1539 3333 1667 3382 laboribus
1701 3387 1703 3392 ,

307 3413 332 3454 et
350 3407 468 3455 sumtibus
487 3411 657 3468 comparatur,
685 3402 821 3466 proiectum
848 3403 979 3467 aliquando
999 3406 1110 3454 inviseris
1128 3411 1154 3455 et
1171 3421 1269 3456 mecum
1286 3421 1370 3456 coram
1388 3407 1419 3456 de
1437 3406 1588 3468 eiuscemodi
1607 3406 1666 3454 sub-

305 3476 401 3526 limibus
420 3478 492 3526 rebus
508 3474 618 3539 jucunde
637 3480 662 3524 et
680 3479 751 3539 grate
770 3474 909 3524 contuleris.
961 3513 963 3518 .

376 3547 448 3598 Vale.
487 3547 619 3596 Dabuntur
637 3545 816 3610 Wsndesburgi
834 3547 862 3596 in
881 3560 938 3597 area
958 3546 1129 3604 Rausoriaua,
1147 3547 1249 3598 semisse
1267 3548 1436 3598 tantummodo
1454 3547 1565 3600 milliaris
1584 3547 1666 3598 Ham·

305 3620 382 3686 burgo
406 3625 518 3673 remota,
546 3631 620 3682 qnam
642 3629 708 3666 nnnc
730 3616 857 3672 inhabito,
877 3624 903 3666 et
926 3619 1053 3669 translatis
1071 3619 1120 3668 huc
1139 3634 1153 3669 e
1171 3619 1255 3669 Dania
1273 3619 1392 3670 machinis
1410 3620 1472 3669 meis
1491 3621 1666 3672 astronomicis

305 3697 407 3755 totaque
425 3687 578 3753 supellectile
595 3687 695 3739 libraria
712 3688 784 3738 rebus
802 3688 948 3739 coelestibus
966 3704 1016 3740 non
1033 3691 1114 3740 mium
1133 3704 1206 3756 quam
1227 3697 1303 3741 antea
1321 3691 1429 3756 invigilo,
1448 3695 1475 3740 et
1487 3689 1581 3740 Divina
1603 3705 1664 3758 gra·

305 3763 343 3812 tia
360 3763 410 3811 otio
426 3762 495 3810 fruor
510 3759 676 3825 philosophice
691 3753 734 3818 ¹³).

375 3832 408 3882 D.
430 3831 453 3880 1.
473 3834 532 3896 Apr.
552 3837 583 3880 at.
602 3837 653 3880 ret.
672 3827 749 3880 1598.

376 3904 543 3969 Postscripta,
571 3915 635 3968 quae
654 3901 685 3952 de
703 3901 780 3952 Urso
806 3909 901 3970 egunt,
929 3903 969 3953 hic
988 3904 1127 3962 omisimus,
1156 3903 1296 3954 differentes
1315 3906 1347 3954 ad
1364 3902 1467 3968 Kepleri
1485 3904 1665 3958 salutationem

306 3973 370 4035 Ursi,
390 3990 464 4039 quam
482 3975 619 4028 addidimus
637 3973 767 4023 Prodromo
787 3989 801 4023 e
818 3975 991 4039 manuscriptis
1009 3974 1198 4040 Petropolitsuis
1218 3976 1362 4026 desumtsm.

237 4109 239 4118 Ι
375 4047 406 4097 ln
424 4047 527 4111 epistola
545 4045 569 4096 d
589 4043 632 4094 21.
650 4046 709 4109 Apr.
730 4042 798 4094 1598
817 4047 849 4096 ad
867 4044 1025 4104 Maestlipum
1044 4047 1105 4096 data
1122 4047 1206 4110 Tyobo
1224 4048 1255 4096 de
1277 4063 1350 4111 opere
1362 4046 1464 4112 Kaplsri
1476 4053 1502 4097 et
1519 4049 1551 4098 da
1565 4045 1663 4098 Maest-

303 4118 348 4168 lial
362 4119 463 4182 iudicio,
482 4118 546 4182 quod
563 4117 594 4169 de
614 4119 689 4181 ipsius
708 4117 793 4168 mundi
811 4117 907 4168 radone
927 4115 964 4180 (in
983 4119 1135 4182 praelatione
1149 4119 1182 4168 ad
1195 4117 1327 4178 ,Rhaedci
1338 4119 1521 4170 narrationem¹⁶
1540 4133 1602 4185 pag.
1616 4119 1665 4180 ¹27)

305 4189 378 4248 lecit,
397 4203 518 4256 quamque
538 4189 676 4253 inscripsit:

673 4258 849 4322 Clarissimo
872 4269 903 4322 et
925 4260 1191 4323 Praestantissimo
1214 4263 1290 4324 Viro

793 4347 918 4410 Domino
941 4349 984 4410 M.
1009 4349 1172 4412 Maestliuo

203 4421 225 4446 '⁸
306 4437 538 4490 Mathematicarum
556 4437 645 4489 artium
661 4437 790 4504 insigniter
812 4439 902 4501 perito,
928 4437 1108 4504 earundemque
1130 4441 1155 4488 in
1173 4439 1268 4503 inclyta
1286 4439 1415 4492 academia
1433 4439 1587 4511 'lubingensi
1605 4460 1661 4512 pro·

675 4510 759 4560 sessori
777 4508 947 4566 celeberrimo.
966 4510 1023 4560 mihi
1041 4511 1170 4575 plurimum
1188 4511 1284 4562 dilecto.

304 4581 368 4632 haec
385 4579 495 4646 profert:

375 4705 460 4752 Annus
476 4706 529 4768 jam
548 4704 628 4769 agitur
646 4703 770 4763 decimus,
794 4703 956 4755 eruditissime
975 4711 1001 4756 et
1018 4707 1226 4770 praestantissima
1244 4704 1392 4764 Maestline,
1410 4723 1440 4758 ex
1458 4722 1506 4774 quo
1525 4712 1627 4776 quidam
1645 4723 1665 4766 ι’

306 4775 366 4825 meu
385 4773 533 4833 domesticis,
552 4776 592 4840 qui
605 4774 754 4842 aliquamdiu
766 4776 826 4828 mibi
837 4777 863 4829 in
880 4777 953 4828 rebus
972 4777 1140 4829 astronomicis
1157 4778 1308 4846 inservierat,
1329 4780 1464 4848 exemplum
1482 4787 1585 4837 tuarum
1602 4786 1658 4839 lite.
