3542 5528
302 311 343 400 18
896 315 1056 366 essemus.

553 473 584 525 Iu
602 471 744 538 Gopamlco.
824 471 969 539 Prosdrspli.
1018 472 1131 524 Inmodo
1144 474 1268 526 comeda.
1343 471 1424 523 rnen
1598 469 1651 522 dut.

344 561 467 626 Saturni
518 608 526 624 .
575 558 726 625 1031312
855 559 954 627 5⁰55¹
1083 558 1214 625 937340
1344 558 1444 625 51431
1608 558 1660 622 12’

343 651 430 716 11111
463 700 470 716 .
518 699 525 716 .
575 645 724 715 1866343
834 649 875 714 10
898 648 941 716 45
1063 647 1213 714 1335067
1324 648 1432 714 1110
1543 721 1547 734 ¹
1604 647 1648 712 25

345 741 456 805 Martis
516 790 524 804 .
570 735 724 818 6004002
830 736 874 803 36
898 736 941 804 54
1062 735 1209 803 6245121
1322 736 1364 801 38
1389 736 1458 803 39
1560 733 1661 801 11451

343 830 471 894 Veneris
518 878 525 893 .
572 824 722 891 7611111
832 824 875 893 49
900 824 975 910 34,
1064 825 1215 892 7613889
1322 825 1366 892 49
1390 826 1431 892 35
1632 827 1645 888 1

343 919 522 982 Mercurii.
568 913 723 982 4900000
831 915 873 982 29
897 915 941 981 20
1061 913 1216 982 4794444
1322 915 1366 982 28
1389 914 1432 982 39
1535 982 1538 989 A
1605 912 1645 978 41

937 1020 1035 1090 (Gomp.
1054 1023 1174 1083 tabulam
1192 1039 1242 1089 qus
1261 1021 1321 1090 (lap.
1340 1023 1389 1075 XT
1406 1019 1591 1084 concluditur.)

385 1179 478 1245 Porro
502 1182 570 1244 uolo
594 1182 783 1268 dissimulare
806 1182 994 1263 scrupulum,
1027 1183 1078 1265 qui
1105 1203 1153 1246 mo
1183 1184 1231 1246 hic
1260 1192 1368 1264 urget:
1407 1181 1599 1265 Gopsrnicus
1625 1189 1658 1242 et

300 1272 480 1335 Prutenicae
503 1271 605 1334 omnia
628 1273 666 1333 ad
690 1271 786 1334 locum
800 1269 881 1334 Solis
901 1273 1032 1335 modium
1055 1275 1197 1336 referunt
1245 1273 1309 1335 Aut
1332 1273 1424 1352 igitur
1447 1278 1593 1334 statuunt
1608 1279 1659 1331 to-

298 1369 362 1424 tum
386 1361 525 1424 mundum
548 1361 690 1423 mobilem
713 1361 920 1440 eccentricum,
944 1363 1009 1424 sive
1032 1363 1110 1442 quod
1133 1365 1161 1424 in
1185 1361 1393 1424 astronomicis
1407 1362 1489 1424 idem
1508 1369 1570 1435 111,
1596 1359 1659 1422 So-

296 1451 356 1512 lem
378 1449 408 1512 in
431 1469 525 1530 parvo
549 1449 659 1513 circulo
683 1470 780 1511 annuo
804 1457 887 1512 motu
910 1451 991 1513 circa
1019 1458 1153 1520 centrum
1181 1450 1282 1513 mundi
1314 1449 1576 1513 circumeuntem:
1607 1457 1662 1510 aut

297 1539 453 1602 latendum
476 1545 533 1614 est,
557 1557 616 1600 non
639 1557 729 1617 posse
753 1546 852 1602 certas
875 1539 1173 1621 prosthaphaereses,
1197 1540 1377 1619 praesertim
1399 1539 1513 1602 Martis
1538 1547 1572 1600 et
1591 1539 1660 1599 Ve-

295 1629 386 1704 neris,
411 1647 450 1690 ex
464 1626 642 1689 „Prutsnicis
655 1627 842 1708 computari.
889 1629 1022 1691 Tertium
1045 1629 1121 1690 enim
1145 1629 1246 1692 nescio
1258 1635 1308 1689 'an
1322 1626 1385 1690 lieri
1398 1629 1516 1710 possit:
1537 1635 1574 1689 ut
1588 1627 1658 1707 qui-

296 1714 371 1780 libet
404 1717 593 1797 planetarum
621 1716 794 1799 epicyclium
820 1717 951 1792 babeat,
984 1717 1069 1797 cujus
1100 1717 1226 1798 remigio
1258 1724 1375 1779 tantum
1404 1718 1511 1798 ingere
1544 1715 1657 1796 possit

296 1813 440 1888 quantum
472 1805 567 1868 Terra
598 1805 637 1866 ad
668 1805 766 1886 ipsum
785 1807 1034 1888 appropinquare
1066 1807 1141 1869 uelit
1172 1815 1204 1868 et
1219 1811 1348 1868 contra.
1395 1806 1521 1868 Illorum
1555 1815 1660 1867 autem

170 1955 172 1960 .
296 1903 395 1958 utrum
419 1895 470 1971 sit,
495 1894 614 1956 difficile
639 1893 721 1956 dictu
744 1901 801 1956 est.
848 1889 926 1958 Nam
950 1895 1104 1974 exemplar
1126 1914 1223 1958 meum
1247 1895 1322 1956 libro
1337 1895 1368 1956 V
1392 1894 1502 1957 Revol.
1529 1892 1609 1974 Cap.
1627 1890 1659 1966 4,

296 2004 353 2065 quo
376 1985 442 2046 loco
464 1983 560 2046 nodus
583 1983 768 2063 quaestionis
791 1982 906 2056 haeret,
930 1991 984 2045 aut
1005 1985 1179 2046 mendosum
1202 1992 1265 2054 est,
1289 1991 1343 2045 aut
1360 2002 1417 2063 ego
1436 2002 1561 2046 caecus.
1596 1981 1670 2044 So-·

295 2067 358 2137 lem'
378 2073 439 2135 ullo
463 2071 551 2134 modo
575 2070 715 2133 mobilem
738 2071 852 2146 lacere,
882 2074 930 2134 vel
954 2080 1057 2134 tantae
1086 2073 1155 2134 moli
1180 2081 1385 2136 eccentroteta
1407 2074 1557 2147 tribuere,
1583 2073 1663 2133 baec

294 2169 549 2244 pugnantesque
574 2166 605 2221 et
627 2177 694 2222 cnm
715 2160 870 2240 principiis
894 2169 1013 2224 etcum
1037 2173 1154 2223 natura.
1201 2162 1243 2222 Et
1271 2161 1295 2222 si
1319 2161 1426 2240 globus
1451 2162 1518 2243 ipse
1543 2161 1661 2222 Terrae

295 2269 384 2312 unum
408 2258 503 2330 genus
527 2246 758 2329 inampocqsoa,
783 2249 869 2330 cujus
892 2249 1019 2312 circulus
1043 2249 1072 2310 ni
1097 2250 1185 2313 lallor
1208 2271 1227 2310 a
1249 2249 1397 2312 Rhaetico
1421 2259 1491 2312 rota
1517 2251 1663 2312 lortunae

296 2339 424 2412 dicitur,
448 2348 512 2399 ’111
536 2338 655 2418 proprio
678 2347 761 2400 motu
785 2339 867 2400 solus
890 2339 1019 2418 perficit,
1053 2339 1185 2418 lecitque
1207 2339 1275 2401 ideo
1298 2339 1501 2401 differentiam
1525 2334 1664 2420 aliquam

297 2434 440 2514 aspectus
463 2445 603 2489 successu
623 2426 798 2503 seculorum,
818 2445 875 2506 par
898 2436 974 2503 erat,
994 2435 1025 2490 et
1039 2427 1166 2489 alterum
1189 2446 1283 2507 genus
1306 2428 1336 2489 in
1360 2429 1489 2490 eandem
1504 2428 1664 2491 Tellurem

294 2515 464 2580 solitariam
487 2517 632 2578 conferre.
667 2513 772 2595 (Gap.
795 2515 885 2592 XV.)

382 2605 538 2668 Fortassis
561 2604 654 2685 igitur
676 2603 786 2666 Martis
810 2605 952 2686 ambages
976 2603 1043 2666 ideo
1067 2604 1163 2666 minus
1187 2605 1343 2684 cognitae,
1378 2605 1448 2685 quia
1480 2606 1508 2668 is
1538 2605 1661 2668 vicinus

294 2693 362 2766 huic
389 2693 551 2756 varietati:
584 2693 614 2755 in
642 2693 752 2756 ceteris
775 2712 846 2755 voro
868 2693 1077 2756 remotioribus
1099 2712 1203 2774 parum
1227 2692 1485 2758 animadvertitur.
1536 2695 1585 2757 At
1611 2695 1660 2755 vi-

293 2781 395 2847 cissim
418 2784 456 2846 de
478 2784 600 2845 Venere
623 2801 681 2844 non
705 2789 755 2845 est
777 2783 883 2845 eadem
906 2782 1108 2863 querimonia,
1138 2799 1214 2863 quae
1241 2789 1276 2842 ut
1298 2781 1328 2842 in
1351 2783 1565 2864 propinquiori
1590 2803 1661 2845 ma-

269 2875 342 2955 rjor
364 2891 433 2935 esse
457 2871 595 2946 debebat,
622 2871 648 2934 si
671 2872 736 2932 sola
760 2872 862 2934 Tellus
885 2871 1038 2952 perhanc
1062 2870 1324 2933 commutationem
1346 2873 1479 2950 planetis
1506 2880 1665 2935 annueret

294 2971 384 3043 etque
408 2961 561 3024 abnueret.
609 2958 699 3031 Quod
728 2960 754 3022 si
778 2961 896 3023 omnino
920 2978 979 3022 una
1002 2968 1086 3022 esset
1107 2960 1218 3021 Terrae
1247 2967 1279 3020 et
1306 2959 1435 3022 omnium
1458 2962 1665 3040 planetarum

294 3070 388 3132 eaque
413 3069 512 3112 annua
535 3049 755 3123 ecccntrieitas,
782 3050 840 3111 erit
863 3049 916 3112 illa
938 3050 1101 3111 communis
1125 3048 1217 3110 etiam
1238 3050 1464 3129 proportionum
1487 3070 1530 3112 ex
1544 3067 1664 3132 corpo-

293 3139 376 3203 ribus
399 3140 612 3208 desumtarum,
635 3137 679 3198 ita
702 3145 735 3198 ut
757 3137 906 3199 distantia
929 3155 1029 3199 eorum
1051 3155 1110 3198 uon
1133 3136 1247 3199 aSolis
1271 3138 1324 3199 sed
1348 3139 1386 3200 ab
1408 3139 1528 3201 orbium
1555 3151 1666 3204 centro

294 3226 431 3310 putanda
453 3225 504 3288 sit.
550 3224 600 3286 Ex
632 3244 689 3305 quo
720 3232 894 3305 sequeretur
920 3224 1032 3285 nullam
1059 3224 1185 3305 relinqui
1210 3226 1341 3288 Terreno
1370 3227 1435 3289 orbi
1466 3230 1664 3304 crassitiem,

293 3316 343 3377 vel
369 3313 508 3395 exiguam
531 3313 654 3387 saltem,
679 3330 738 3392 qua
761 3314 798 3373 de
821 3304 909 3374 inodo
933 3312 1055 3374 dictum.
1102 3311 1188 3376 Unde
1212 3315 1278 3388 flet,
1309 3323 1344 3375 ot
1367 3315 1666 3381 dodecabdricornm

292 3405 422 3467 laterum
446 3409 550 3463 centra
574 3407 606 3462 et
628 3400 806 3462 icosaddrici
830 3400 933 3480 anguli
947 3399 1009 3462 sint
1025 3401 1056 3464 in
1076 3403 1180 3464 eadem
1196 3403 1351 3483 superficie
1366 3406 1540 3485 sphaerica,
1569 3417 1666 3491 atque

189 3559 197 3573 ‚
293 3489 865 3574 1111111111111116111111111111
891 3491 969 3570 quod
991 3509 1050 3552 non
1073 3491 1193 3564 ridetur
1215 3493 1338 3554 tolerari
1357 3503 1476 3556 etcum
1501 3513 1665 3580 apparen-

294 3581 347 3643 tiis
371 3578 524 3642 conciliari
546 3596 648 3658 posse.
694 3577 738 3639 111
760 3577 851 3656 im'tur
873 3578 904 3639 in
927 3596 1043 3641 omnem
1066 3588 1205 3642 eventum
1227 3591 1353 3661 paratus
1377 3583 1449 3659 sim,
1479 3585 1569 3663 dico,
1605 3586 1666 3648 etsi

294 3676 328 3731 et
350 3666 508 3749 Cbpernici
532 3665 684 3727 sententia
710 3672 740 3726 et
763 3666 848 3744 ipsae
880 3665 1106 3729 observationes
1138 3687 1173 3730 eo
1207 3677 1364 3750 spectent,
1397 3689 1490 3752 posse
1520 3693 1574 3736 me
1609 3693 1666 3756 per

293 3757 396 3819 orbem
419 3757 523 3817 Lunae
548 3763 610 3816 tum
633 3752 701 3815 huic
725 3753 821 3816 hiatui
843 3755 1000 3818 subvenire
1025 3774 1110 3836 quern
1135 3765 1226 3819 antea
1249 3758 1396 3840 negabam
1420 3760 1504 3825 orbis
1531 3763 1664 3828 Terreni

293 3843 444 3907 crassitiei
475 3842 703 3905 accensendum.
750 3843 828 3906 Nam
856 3844 1002 3906 diameter
1030 3844 1109 3906 orbis
1138 3845 1265 3908 Lunaris
1288 3847 1397 3928 exigno
1420 3851 1559 3930 spatiolo
1586 3853 1664 3916 Tel-

252 4001 257 4016 „
293 3934 367 3995 luris
391 3929 648 3994 eccentricitatem
671 3931 803 3994 excedit:
828 3934 908 4012 quod
931 3933 1092 4017 spatiolum
1116 3935 1174 3996 etsi
1189 3935 1259 4016 quid
1277 3937 1412 4013 efficeret
1431 3939 1460 4000 in
1477 3942 1665 4020 ampliando

292 4021 416 4084 mundo:
448 4019 522 4082 illud
549 4018 579 4080 in
607 4019 707 4082 Marte
737 4027 769 4081 et
789 4018 866 4081 Jove
889 4017 1011 4105 nimium
1039 4023 1249 4086 accedentibus
1278 4033 1431 4104 optatum,
1460 4029 1492 4090 in
1507 4029 1664 4094 ‘Saturno

291 4116 446 4173 contemtu
469 4107 569 4181 111111,
592 4107 622 4168 11
646 4109 761 4170 duobus
776 4106 973 4174 ,inferioribus
997 4109 1242 4173 dissimulandum
1266 4121 1359 4176 esset.

376 4197 459 4262 Nam
482 4195 591 4256 111111
616 4195 873 4259 animadversione
897 4199 1019 4278 dignum
1043 4207 1099 4276 est,
1125 4201 1202 4280 quod
1226 4200 1373 4281 digressio
1397 4203 1505 4267 borum
1521 4207 1666 4270 maxima

291 4308 311 4350 a
333 4283 406 4350 Sole
429 4303 488 4346 non
510 4283 606 4364 major
629 4305 648 4345 a
669 4285 838 4348 Pmtenicis
862 4286 928 4349 elici
951 4294 1070 4366 potest,
1095 4307 1183 4368 quam
1206 4284 1269 4352 48ο
1291 4288 1333 4365 21,
1359 4287 1423 4354 26ο
1445 4289 1512 4371 29‘,
1563 4295 1664 4361 Forte

292 4376 363 4458 quia
384 4374 456 4437 illae
480 4371 591 4434 nostris
615 4373 799 4452 temporibus
822 4383 945 4456 propter
959 4383 1105 4438 mutatam
1121 4377 1378 4442 eccentricitatem
1391 4382 1507 4444 Terrae
1529 4405 1664 4450 accom-

291 4463 475 4528 modatiores
499 4468 579 4523 sunt.
831 4515 833 4520 .

381 4553 460 4616 Utut
482 4548 532 4619 sit,
556 4567 643 4612 arcus
666 4549 711 4612 illi
733 4569 791 4613 non
815 4559 946 4631 aequant
968 4551 1036 4614 illos
1055 4553 1222 4632 superiores
1241 4548 1383 4632 retal:
1408 4555 1473 4623 29⁰
1487 4557 1555 4636 20‘,
1584 4582 1665 4645 quos

291 4644 455 4706 ostendunt
468 4637 551 4700 sinus
568 4658 586 4699 a
601 4635 766 4717 Copernico
780 4639 900 4720 proditi.
933 4640 1035 4721 Atque
1059 4641 1102 4702 ita
1123 4641 1187 4711 sine
1210 4642 1328 4722 piaculo
1351 4664 1407 4726 per
1430 4647 1568 4730 aliquem
1593 4672 1665 4716 me-

291 4733 395 4794 liorem
410 4727 528 4792 modum
543 4725 699 4789 ordinandi
713 4727 800 4792 orbes
818 4727 880 4790 illis
895 4727 1005 4809 aliquid
1025 4728 1148 4790 detrahi*
1162 4748 1230 4792 mea
1244 4731 1364 4811 quidem
1379 4735 1523 4816 opinione
1538 4749 1664 4820 potest.

377 4821 425 4883 Ne
449 4833 520 4882 veto
544 4814 609 4896 quis
632 4815 759 4896 iniquius
783 4818 813 4880 in
835 4819 891 4880 hoc
906 4819 1066 4880 'inventum
1093 4827 1215 4897 propter
1237 4820 1315 4883 banc
1338 4823 1502 4890 loriculam
1532 4832 1663 4916 ambig-
