3542 5528
332 265 371 332 10
918 271 1078 326 Prooemium
1130 221 1135 236 ·
1170 247 1172 254 Ι

327 428 532 493 Stadlerorum
554 438 780 513 praeceptorem
797 433 1087 496 commendaveram:
1108 431 1161 493 sed
1179 451 1243 494 cum
1258 431 1308 494 illa
1322 429 1580 510 imparatissimns
1593 435 1670 489 esset

328 520 448 595 aditor,
473 528 505 583 et
526 520 609 602 proin
633 521 725 582 etiarn
748 522 1031 600 perturbatissimns,
1056 528 1171 586 mutato
1193 521 1318 584 consilio
1341 517 1454 583 tradidi
1469 515 1602 580 famulo.»
1616 515 1670 578 Est

328 617 427 670 antem
456 608 507 671 illo
536 627 620 671 mens
649 607 766 688 collega
793 610 957 672 eruditione
985 617 1196 692 aeque·atque
1225 628 1336 672 morum
1363 606 1558 688 praestantia
1585 623 1670 685 supra

327 707 492 760 ceterorum
515 696 665 760 hominurn
688 705 811 760 sortem.
853 699 1003 768 ‚Memoria
1024 699 1204 778 prodigiosa,
1228 717 1319 760 aurea
1341 697 1444 769 dictio,
1470 695 1559 756 varia
1574 693 1668 756 scien-

326 787 379 861 tia,
400 785 542 866 judicium
560 786 671 859 fo'elix3
695 788 749 848 sad
765 787 879 849 animus
893 788 1045 868 perpetuis
1060 787 1137 851 curis
1153 805 1251 866 aeger,
1273 786 1381 860 tristis,
1398 784 1540 864 simplex,
1555 782 1670 845 nimium

327 885 458 955 apertus.
486 873 622 950 ¹Quibus
645 875 682 936 ds
706 875 805 938 causis
829 894 883 956 ego
906 894 1035 951 moveor,
1060 883 1093 938 ut
1114 875 1170 938 tibi
1191 875 1333 955 privatim
1352 875 1494 948 scribam,
1517 869 1597 952 qnod
1611 871 1667 932 ior-

327 972 409 1025 tassa
428 963 545 1044 publice
569 963 703 1026 interest.
753 965 863 1026 Vester
889 963 941 1026 ille
968 965 1110 1026 Hetlerns
1138 964 1186 1026 hic
1212 964 1241 1025 in
1271 981 1385 1025 summo
1414 963 1530 1024 honore
1553 959 1669 1022 habitus

327 1060 390 1114 est:
411 1059 500 1132 atque
519 1053 549 1114 id
573 1071 665 1134 opera
682 1053 869 1133 potissimum
884 1051 1026 1133 Speidelii
1048 1052 1224 1114 secretarii:
1250 1053 1332 1133 quns
1355 1051 1411 1112 viri
1436 1050 1499 1124 (sui
1524 1049 1597 1111 olim
1617 1066 1668 1126 po-

324 1141 452 1221 pularis)
481 1141 648 1204 authoritas
678 1142 721 1204 illi
753 1141 866 1204 aditum
891 1142 1036 1221 patefecit
1064 1141 1102 1203 ad
1126 1141 1304 1222 praecipuae
1327 1139 1500 1202 nobilitatis
1529 1137 1667 1199 homines.

326 1231 530 1292 Veruntamen
552 1239 711 1312 postquam
733 1230 783 1292 ille
803 1230 877 1292 abiit
900 1231 985 1303 hinc,
1009 1230 1179 1310 paedagogi
1199 1229 1318 1309 pristini
1342 1228 1452 1291 remoti
1477 1226 1668 1289 commisera-

325 1319 404 1381 tione
433 1319 546 1381 tactum
574 1327 634 1395 est,
668 1329 701 1382 ut
728 1320 802 1381 haec
830 1320 893 1398 ejus
922 1319 1090 1399 negociatio
1120 1320 1156 1380 de
1184 1318 1340 1398 discipulis
1363 1317 1574 1379 adsciscendis
1597 1315 1668 1377 male

324 1407 426 1469 andire
450 1407 604 1487 inceperit.
650 1409 728 1471 Nam
743 1409 772 1469 in
787 1407 919 1482 Austria,
944 1407 1048 1488 Styria
1063 1414 1093 1469 et
1108 1405 1265 1470 Garinthia
1288 1406 1421 1486 suscepit
1444 1405 1575 1485 aliquos.
1608 1405 1669 1466 Ita·

324 1515 380 1576 qne
404 1496 448 1558 ita
471 1497 661 1577 interpretari
686 1502 847 1575 coeperunt
869 1497 1099 1569 calumniatores
1124 1496 1259 1576 quidam:
1284 1495 1370 1576 quasi
1394 1495 1476 1574 ipse,
1502 1503 1537 1556 nt
1555 1494 1669 1573 profes-

323 1586 400 1648 soris
418 1584 505 1661 lilius,
532 1586 570 1646 ad
594 1585 830 1666 amplificandam
849 1605 933 1647 snam
953 1585 1136 1647 academiam
1150 1584 1350 1659 descenderit,
1376 1584 1534 1645 auditores
1550 1582 1668 1662 conqui-

323 1673 427 1748 situm,
463 1691 585 1755 qnorum
608 1675 709 1754 inopia
731 1674 820 1736 isthic
842 1674 1024 1755 premamlni
1071 1675 1137 1734 Huc
1167 1673 1298 1734 accessit
1325 1672 1422 1747 aliud,
1454 1672 1536 1752 qnod
1559 1679 1669 1752 partem

323 1763 480 1836 nobilium,
512 1770 671 1842 perspecta
702 1763 887 1825 absurditate
910 1781 1022 1823 morum
1045 1762 1075 1822 in
1098 1761 1221 1823 obtruso
1243 1769 1440 1841 praeceptore
1467 1760 1555 1832 (nam
1577 1760 1668 1822 Ride-

225 1855 228 1862 '
324 1852 393 1914 linm
417 1850 557 1914 Hetlerns
582 1853 647 1931 ipse
671 1852 812 1930 suscepit,
832 1870 910 1912 novo
924 1851 971 1911 hic
986 1850 1146 1929 exemplo),
1170 1850 1323 1930 poenitere
1347 1849 1421 1911 facti
1445 1849 1573 1929 incepit.
1610 1849 1669 1910 Nec
1747 1851 1748 1854 ’

322 1941 435 2014 dubito,
459 1940 517 2002 nisi
536 1940 653 2020 aliquid
675 1939 849 2001 authoritati
870 1937 1012 2017 Speidelii
1036 1939 1179 2012 dedisset,
1203 1945 1413 2000 revocaturum
1436 1937 1535 2000 fnisse
1558 1955 1669 1999 omnem

322 2036 519 2091 contractum.
565 2027 652 2090 Nune
675 2035 824 2107 parentes,
849 2028 898 2108 qni
922 2037 1012 2088 antea
1034 2026 1080 2088 nsi
1095 2035 1182 2088 erant
1204 2027 1322 2088 homine
1346 2027 1593 2106 elegantissimo,
1615 2043 1668 2088 no-

321 2118 398 2180 mina
431 2125 463 2178 et
491 2135 521 2177 re
555 2116 667 2178 urbano
700 2115 878 2194 (cujusmodi
906 2115 1025 2179 minima
1049 2123 1096 2176 est
1118 2115 1272 2186 Ridalins)
1304 2114 1333 2176 in
1362 2116 1499 2176 maxima
1527 2115 1577 2178 hic
1605 2121 1671 2176 sunt

323 2204 540 2272 sollicitudine.
565 2205 634 2285 quid
658 2205 694 2266 de
718 2205 774 2265 hac
797 2203 910 2267 lubrica
932 2203 1118 2266 institutione
1141 2205 1270 2266 intutum
1288 2204 1339 2266 sit.
1386 2202 1479 2275 Quod
1503 2203 1531 2266 si
1555 2203 1671 2284 gravior

322 2294 424 2374 aliqua
447 2293 569 2375 querela
592 2301 644 2356 aut
667 2293 704 2355 de
725 2300 919 2373 praeceptore
949 2293 1013 2372 (qui
1037 2291 1154 2354 minime
1182 2292 1253 2354 mihi
1281 2300 1371 2372 aptus
1395 2293 1519 2356 videtur
1549 2293 1588 2354 ad
1618 2294 1671 2354 hoc

234 2428 236 2434 ·
321 2383 464 2457 officium)
489 2389 542 2444 aut
565 2381 601 2443 de
625 2381 752 2463 hospitis
770 2381 887 2443 Hetleri
909 2382 1074 2444 tenacitate
1094 2381 1185 2460 (quod
1208 2384 1323 2455 metuo)
1347 2381 1484 2444 existatr
1510 2389 1611 2444 actum
1626 2388 1672 2442 est
1747 2427 1748 2432 ,

320 2473 367 2533 hic
392 2471 429 2532 de
453 2471 533 2532 sarna
555 2470 737 2532 academiae.
784 2467 914 2540 Quidam
937 2469 1014 2532 enim
1036 2486 1189 2547 procerum
1208 2470 1275 2531 odio
1295 2467 1467 2533 Suevorum
1487 2471 1670 2552 quorundam

321 2561 357 2623 de
381 2559 449 2639 ipsa
471 2561 565 2622 etiam
588 2559 743 2621 academia
766 2577 823 2619 non
846 2558 921 2620 bene
945 2558 1087 2619 sentiunt.
1137 2555 1225 2628 Quod
1254 2558 1280 2620 si
1309 2567 1342 2620 tn
1372 2577 1553 2640 quacunque
1583 2559 1614 2620 in
1640 2579 1670 2622 re

320 2649 368 2712 vel
390 2657 614 2728 praeceptorem
641 2646 835 2721 admonendo,
859 2648 906 2710 vel
930 2647 1018 2708 alitor
1039 2653 1193 2725 praestare
1217 2647 1287 2726 qnid
1306 2655 1411 2726 potes:
1437 2649 1469 2709 id
1485 2667 1573 2711 omne
1588 2648 1672 2709 cedet

240 2775 248 2790 ·
323 2738 352 2798 in
376 2737 517 2799 honorem
540 2737 720 2800 academiae.
768 2735 868 2797 Velim
888 2755 924 2797 ex
938 2735 1074 2814 Zieglero
1094 2735 1194 2813 capiat
1216 2735 1315 2796 ideam
1333 2736 1546 2816 praeceptoris
1569 2737 1670 2816 hujus·

325 2825 413 2888 modi.
459 2825 557 2887 Venio
588 2825 680 2905 igitur
707 2825 745 2885 ad
768 2833 958 2904 praesentem
981 2823 1163 2884 studiosum:
1189 2823 1236 2903 qui
1259 2824 1307 2886 hic
1327 2825 1454 2888 honeste
1479 2825 1569 2900 vixit,
1594 2835 1626 2887 ct
1643 2826 1671 2886 in

271 2963 278 2978 .
324 2913 475 2977 exercitiis
499 2913 704 2987 scholasticis,
728 2914 905 2994 praesertim
928 2910 1191 2974 declamationibus
1214 2912 1341 2992 poeticis
1365 2914 1484 2996 aliquot
1509 2914 1673 2995 specimina

324 3003 427 3066 edidit.
475 3001 551 3066 Cum
573 3002 664 3083 igitur
686 3003 725 3062 ad
748 3020 802 3063 vos
826 3001 960 3075 accedat,
985 3007 1125 3086 capturus
1150 3000 1313 3062 uberiorem
1333 3001 1464 3083 aliquem
1480 3004 1593 3083 ingenii
1608 3003 1671 3065 cnl-

323 3101 401 3167 tum;
433 3092 584 3170 existimo
599 3110 656 3152 non
682 3090 835 3168 indignum
862 3108 947 3156 esse,
981 3088 1030 3166 qui
1058 3095 1108 3148 tuo
1138 3089 1239 3150 favore
1263 3089 1291 3150 in
1315 3091 1560 3169 promotionibus
1585 3101 1671 3172 atque
1742 3121 1748 3136 ·

323 3181 488 3258 ubicunqne
504 3179 575 3241 alibi
589 3178 770 3240 sublevetur.
818 3175 880 3237 Sed
902 3175 941 3236 ad
963 3192 1035 3235 rern.
1083 3174 1227 3238 Secundis
1243 3177 1339 3240 literis
1355 3180 1489 3258 promisi,
1517 3200 1565 3243 me
1580 3181 1673 3261 prima

309 3268 481 3329 'occasione
514 3267 671 3328 missurum
694 3265 875 3342 integrum
899 3261 1114 3342 opusculum.
1159 3265 1252 3343 Atqui
1279 3269 1407 3329 necdum
1436 3268 1514 3331 illud
1541 3269 1672 3341 absolvi3

314 3356 439 3417 'videbis
464 3353 541 3417 enirn
564 3353 614 3414 ubi
636 3353 790 3413 haeream:
821 3357 852 3411 et
881 3351 1050 3430 insperatus
1075 3349 1168 3430 ipsius
1191 3354 1306 3416 Wnrzii
1336 3355 1437 3419 abitus
1466 3365 1606 3438 ternpore
1629 3376 1673 3419 me

323 3443 468 3517 excludit,
504 3441 674 3523 quominus,
705 3458 780 3518 quae
811 3438 929 3517 scripsi,
960 3438 1110 3517 descripta
1133 3442 1171 3502 ad
1193 3449 1224 3503 te
1248 3443 1369 3506 mittere
1388 3447 1516 3524 possim.
1567 3445 1672 3510 Sumes

322 3531 412 3610 igitur
435 3549 546 3601 eorum,
571 3548 646 3610 quae
669 3525 873 3605 dyemperpqca
896 3535 974 3598 sunt,
997 3527 1117 3588 brevem
1141 3548 1294 3592 summam.
1342 3533 1433 3595 lnitio
1460 3536 1583 3618 aliquot
1606 3536 1672 3598 the-

323 3619 403 3680 sibus
428 3619 463 3680 de
488 3617 591 3680 Sacris
615 3615 709 3676 literis
733 3633 807 3693 ago:
832 3622 863 3676 et
885 3615 1066 3688 demonstro,
1090 3619 1234 3695 quomodo
1259 3620 1347 3682 simnl
1367 3623 1476 3686 stillis
1492 3645 1551 3688 sna
1565 3625 1673 3687 autho-

322 3707 399 3768 ritas
421 3713 548 3778 constet,
574 3711 605 3765 et
627 3711 727 3765 tamen
752 3701 941 3784 Cepernicns,
967 3704 992 3765 si
1018 3703 1105 3764 aliter
1128 3715 1330 3770 consentanea
1354 3711 1447 3786 dicat,
1474 3696 1515 3776 e‘x
1539 3715 1603 3778 illis
1627 3731 1673 3776 re-

322 3794 412 3857 futari
434 3813 493 3856 non
516 3792 623 3872 possit.
668 3791 785 3852 Deinde
809 3799 871 3854 tres
894 3792 985 3853 affero
1009 3791 1151 3867 rationes,
1175 3795 1280 3874 quibus
1299 3806 1400 3861 motus
1417 3820 1542 3883 semper
1558 3803 1673 3886 Ceper-

321 3883 387 3944 nico
411 3880 606 3944 adhaeserim.
652 3880 754 3941 Prima
780 3889 828 3942 eet
856 3880 1073 3942 astronomica:
1104 3881 1153 3944 nbi
1177 3882 1236 3944 illie
1260 3888 1448 3969 respondeo,
1485 3893 1537 3970 qui
1563 3891 1673 3964 dicunt.

321 3989 358 4031 err
383 3969 630 4055 falso'interdnm
653 3967 737 4048 sequi
759 3986 875 4030 verum:
899 3967 990 4047 igitur
1012 3968 1073 4030 fieri
1097 3987 1196 4047 posse,
1221 3981 1255 4033 nt
1278 3972 1467 4054 Copernicns
1493 3981 1607 4044 falsum
1621 4000 1674 4062 po-

320 4066 387 4134 nat,
418 4059 475 4122 etsi
500 4056 610 4119 exilio
633 4076 734 4120 verum
757 4055 952 4136 pulcherrime
976 4057 1170 4120 demonstret.
1217 4059 1282 4140 Ego
1307 4065 1434 4144 negavi,
1460 4069 1520 4132 hoc
1546 4071 1593 4133 ita
1615 4067 1675 4132 fleri

321 4165 420 4227 possa.
466 4145 574 4209 Altera
597 4152 644 4207 est
665 4146 797 4226 physica,
823 4143 871 4206 ubi
893 4146 1044 4224 promitto,
1068 4165 1114 4207 me
1138 4154 1233 4209 totam
1251 4151 1361 4214 molem
1377 4155 1599 4236 hypothesium
1614 4159 1673 4224 Co·
1747 4181 1748 4184 ¹

320 4235 545 4315 pemicanarnm
569 4252 606 4294 ex
628 4241 752 4296 naturae
775 4233 905 4295 lontibus
929 4235 1016 4311 longe
1040 4235 1150 4296 rectius
1174 4243 1263 4316 atqne
1292 4246 1496 4322 contrarium,
1530 4250 1675 4312 defensu-

321 4343 394 4386 rum.
440 4321 544 4383 Tertia
566 4327 614 4382 est
635 4329 704 4383 tuns
727 4321 777 4384 ille
801 4328 919 4382 cometa
933 4322 1088 4383 Venereus
1102 4318 1136 4396 ³).
1183 4325 1239 4386 His
1263 4331 1441 4409 praemissis
1467 4337 1507 4397 ad
1522 4337 1594 4418 ipsa
1608 4355 1673 4400 cor-

236 4451 245 4468 .
320 4431 393 4492 pora
416 4410 535 4472 accedo.
583 4407 755 4489 Syllogismi
779 4409 927 4488 generalis
950 4409 1029 4471 idem
1059 4411 1175 4490 quidem
1202 4413 1365 4493 intentum,
1402 4423 1459 4486 aed
1491 4427 1586 4505 paulo
1617 4425 1675 4488 alia

325 4500 426 4574 verba,
451 4515 538 4578 quam
557 4496 622 4575 jam
643 4498 735 4576 leges.
781 4496 936 4573 Videmus,
959 4497 1054 4559 Deum
1078 4518 1197 4562 creasse
1220 4521 1346 4584 corpora
1370 4513 1528 4576 mundana
1552 4515 1593 4577 ad
1608 4534 1672 4579 cer-

320 4597 383 4650 tum
405 4603 567 4649 numemm.
613 4585 759 4646 Numerus
788 4593 886 4647 autem
916 4595 963 4647 est
990 4587 1167 4665 quantitatis
1191 4589 1348 4668 accidens,
1382 4617 1529 4665 numerus
1554 4605 1673 4685 inquam

322 4677 351 4739 in
375 4675 507 4737 mundo..
539 4671 617 4733 Nam
640 4681 710 4734 ante
734 4671 872 4734 mundum
895 4674 991 4734 nullus
1015 4682 1231 4737 eratnnmerns
1247 4689 1369 4756 praeter
1384 4687 1572 4767 trinitatem,
1601 4713 1673 4774 quac

322 4770 370 4824 est
391 4764 455 4843 ipse
479 4760 572 4823 Deus.
618 4758 717 4832 Quare
751 4760 777 4822 si
808 4762 848 4822 ad
874 4779 1058 4825 numerorum
1086 4777 1254 4830 mensuram
1282 4777 1331 4834 est
1358 4776 1505 4842 conditus
1538 4783 1674 4854 mundns,
