3606 5518
285 265 351 334 308
662 233 667 244 ’
706 269 807 320 urum
824 267 927 334 napus
945 267 1095 334 mamque
1113 275 1217 319 numu

286 427 373 490 basin
397 427 426 488 iu
451 425 538 505 justa
561 424 761 504 longitudine,
796 425 865 506 quia
889 427 976 498 (dato
1000 425 1165 506 quadrato)
1191 433 1275 488 certa
1305 427 1371 506 ejus
1403 433 1458 488 cst
1479 423 1646 504 longitudo.

285 517 334 578 Ita
356 514 444 596 plane
468 514 498 574 iu
522 514 578 576 hoo
600 513 736 593 negotio,
762 513 787 575 si
813 515 942 576 tacerem
957 532 1049 578 uuum
1072 533 1109 578 en
1137 513 1177 578 12
1194 515 1379 596 'aequalibus
1401 513 1506 587 cubis,
1524 512 1649 574 *cubum

286 605 370 667 cubis
394 621 523 682 aequare
547 621 604 664 nou
629 620 760 682 possprrr.
804 601 1038 666 Consideremus
1063 623 1167 665 casum
1192 604 1220 666 iu
1245 603 1374 668 cossica.
1411 602 1528 666 Jubear
1551 617 1647 680 quae-

286 712 350 756 rere
374 689 394 754 2
417 692 533 754 madias
557 691 697 754 continue
711 693 952 772 proportionales
977 692 1056 754 iuter
1079 690 1100 755 2
1124 701 1157 754 et
1179 689 1379 756 3extremas.
1418 689 1552 770 Oportet
1576 705 1648 768 ergo

284 783 363 844 tales
387 781 463 842 duas
486 780 630 854 iuvenire,
655 789 697 853 ut,
721 781 792 860 quia
815 777 911 843 2><3
929 776 1012 855 =6,
1038 782 1136 843 altera
1158 781 1187 843 iu
1212 782 1341 844 alteram
1363 782 1470 844 itidem
1485 779 1583 841 faciat
1606 775 1648 850 63

219 948 225 954 ι
285 880 316 932 ct
338 879 372 934 ut
394 870 475 950 prior
497 870 617 932 illarum
650 887 717 930 cum
746 867 906 932 sstantum
933 869 1041 946 faciat,
1075 877 1218 950 quantum
1246 871 1426 950 quadratum
1453 866 1649 947 posterioris;

285 959 395 1035 tertio,
434 966 467 1020 ut
499 958 575 1021 haec
607 977 673 1020 cum
706 956 726 1020 2
760 966 879 1020 tautum
916 959 1011 1020 faciat
1044 966 1189 1038 quantum
1227 959 1408 1040 quadratum
1439 955 1550 1037 prioris
1585 956 1649 1036 (xy

288 1087 375 1168 :63
400 1088 451 1153 3x
463 1113 501 1145 =
513 1085 564 1172 γ’,
589 1087 629 1172 ty
643 1083 744 1163 =x²3
769 1109 840 1150 x:
858 1041 965 1166 tlte).
1003 1090 1118 1153 Jubear
1141 1093 1232 1172 igitur
1253 1111 1396 1176 quaerere
1413 1088 1545 1151 radicem
1560 1085 1648 1148 cubi-

285 1201 352 1244 cam
375 1180 412 1241 de
439 1177 489 1256 12,
514 1179 592 1260 quod
616 1177 679 1240 lieri
698 1197 755 1240 nou
779 1186 898 1258 potest3
936 1181 1125 1242 arithmetice
1150 1201 1221 1256 nun,
1258 1182 1313 1244 hoc
1338 1182 1417 1242 enim
1447 1184 1496 1238 est
1520 1175 1548 1236 iu
1574 1193 1648 1237 con-

172 1331 176 1340 ,
287 1271 385 1344 fesso;
427 1268 710 1349 geometricam,
745 1267 913 1347 quianon,
944 1269 1024 1331 sicut
1048 1269 1086 1332 ad
1111 1270 1267 1350 quodlibet
1289 1269 1434 1343 solidum,
1473 1266 1555 1326 latus
1580 1261 1650 1324 cubi

287 1359 412 1440 aequale
436 1357 580 1420 constitui
603 1363 716 1436 potest.
763 1355 883 1418 Dantur
908 1358 985 1418 euim
1011 1358 1058 1420 hic
1087 1355 1127 1419 12
1147 1359 1224 1434 cubi,
1249 1378 1372 1440 quorum
1396 1355 1583 1434 singulorum
1599 1352 1647 1436 la-

286 1457 336 1508 tus
360 1453 409 1508 est
434 1444 462 1508 1.
510 1445 546 1507 Si
570 1445 701 1506 facerem
725 1463 762 1504 ex
790 1441 829 1506 12
853 1446 1030 1526 aequalibus
1055 1446 1139 1508 cubis
1154 1467 1243 1508 unum
1259 1449 1375 1521 cubum,
1400 1443 1473 1518 scic,
1499 1460 1545 1503 me
1571 1441 1648 1502 duas

288 1535 404 1610 medias
428 1533 669 1614 proportionales
695 1533 851 1596 facturum.
899 1533 941 1596 Et
964 1543 1073 1596 natura
1097 1535 1164 1616 ipsa
1192 1537 1267 1597 dans
1293 1545 1325 1598 et
1350 1533 1517 1596 concedens
1541 1531 1649 1591 cubum

288 1625 372 1686 cubis
399 1621 438 1685 12
464 1623 629 1703 aequalem,
655 1621 792 1684 admittit
816 1631 847 1684 et
870 1620 891 1685 2
919 1623 1057 1685 continue
1080 1625 1337 1704 proportionales3
1371 1623 1441 1685 illae
1465 1629 1568 1682 tamen
1591 1637 1647 1680 ue-

288 1713 430 1787 soiuutur,
455 1711 630 1792 quantisper
653 1711 757 1791 nequit
781 1711 819 1772 ab
844 1710 999 1774 intellectu
1024 1719 1128 1775 nostro
1153 1713 1215 1774 lieri
1239 1713 1333 1776 cubus
1357 1710 1440 1773 cubis
1468 1706 1508 1770 12
1532 1725 1648 1788 aequa-

288 1802 335 1877 lis,
359 1801 407 1861 vel
423 1799 572 1881 quotlibet
586 1799 662 1862 aliis.
702 1800 736 1860 lu
751 1799 807 1860 boc
827 1819 897 1881 ergo
913 1799 1072 1863 discrimen
1093 1809 1149 1876 est,
1175 1802 1253 1882 quod
1269 1799 1446 1882 quadratum
1467 1796 1584 1858 duobus
1599 1794 1649 1855 vel

288 1889 437 1972 quotlibet
469 1887 537 1950 aliis
565 1889 690 1969 aequale
721 1887 819 1951 facere
849 1906 989 1968 possum,
1023 1890 1130 1952 cubum
1161 1891 1245 1952 cubis
1276 1910 1405 1971 aequare
1430 1906 1488 1949 nou
1512 1903 1648 1966 possum.

287 1979 366 2060 quod
384 1979 448 2058 jam
471 1978 585 2058 pridem
608 1978 713 2058 probo.
761 1976 827 2039 Hoc
859 1978 1010 2058 interjeci,
1044 1997 1090 2040 me
1121 1979 1219 2058 ipsum
1248 1998 1391 2042 exercens
1422 1975 1647 2038 inscribendo.

286 2067 400 2130 Restat
422 2066 495 2129 mihi
517 2067 654 2147 probare,
680 2072 717 2126 ue‘
742 2065 891 2147 quadrata
915 2067 1035 2146 quidem
1058 2068 1164 2129 talium
1188 2067 1313 2130 duarum
1333 2067 1520 2148 sciriposse.
1559 2060 1647 2134 Qua-

286 2158 375 2218 drata
397 2155 617 2236 incognitarum
640 2175 751 2237 quaero
774 2175 828 2236 per
843 2155 1068 2235 proportionem
1082 2157 1254 2236 planorum,
1280 2157 1350 2238 quia
1374 2155 1446 2231 scio,
1471 2153 1551 2234 quod
1573 2169 1672 2232 pro-¹

284 2245 384 2324 portio
408 2245 563 2324 planorum
594 2244 685 2325 dupla
715 2244 756 2305 sit
779 2244 983 2326 proportionis
1007 2245 1162 2308 linearum.
1210 2245 1254 2309 Ut
1277 2245 1357 2308 sicut
1378 2245 1477 2325 prima
1500 2248 1574 2302 nota
1598 2241 1648 2315 (a)

284 2335 325 2396 ad
343 2333 465 2395 tertiam
486 2335 542 2408 (o),
567 2331 610 2394 sic
630 2333 809 2412 quadratum
822 2333 1051 2413 praecognitum
1067 2328 1133 2410 (a²)
1154 2335 1192 2396 ad
1209 2335 1386 2414 quadratum
1402 2329 1552 2396 secundae
1568 2323 1648 2403 (b²).

284 2421 328 2485 Et
351 2421 470 2484 sioutb
499 2421 538 2482 ad
569 2421 589 2482 d
616 2421 660 2482 sic
691 2415 728 2482 b²
755 2422 794 2482 ad
817 2417 861 2484 ι’.
908 2423 1007 2484 Vides
1031 2424 1136 2504 igitur,
1170 2443 1205 2484 eo
1230 2423 1295 2503 ipso
1321 2425 1399 2504 quod
1422 2421 1542 2483 mediae
1566 2425 1646 2491 suut,

284 2529 455 2572 mensuram
489 2511 702 2591 quadratorum
734 2509 797 2572 fieri
832 2511 930 2573 lineas
963 2511 1132 2592 incognitas
1166 2512 1265 2592 ipsas,
1304 2533 1380 2593 quae
1413 2509 1646 2592 quaerebantur.

282 2599 362 2664 Nam
386 2599 457 2678 quia
480 2599 602 2680 duplam
625 2600 854 2679 proportionem
878 2601 944 2680 ejus
960 2600 1114 2671 habemus,
1140 2601 1192 2663 illa
1216 2602 1306 2663 aliter
1329 2603 1358 2663 in
1383 2597 1404 2663 4
1429 2597 1566 2660 terminis
1590 2615 1646 2657 ne-

284 2691 349 2770 quit
380 2687 484 2749 haberi
517 2707 605 2768 quam
637 2697 671 2750 ot
704 2708 723 2748 a
750 2688 790 2749 ad
817 2708 833 2751 c
862 2689 906 2750 sio
934 2683 971 2750 (ι’
990 2690 1029 2751 ad
1058 2685 1105 2766 b²,
1139 2697 1171 2750 et
1198 2698 1232 2751 ut
1255 2691 1273 2752 b
1297 2689 1379 2752 add
1411 2689 1454 2750 sie
1478 2681 1517 2749 b²
1540 2685 1580 2748 ad
1603 2679 1646 2748 c'.

283 2777 326 2840 Et
357 2775 387 2838 iu
411 2777 596 2840 universum:
635 2777 800 2858 quicunque
835 2778 914 2839 modi
950 2788 1019 2840 suut
1050 2778 1254 2857 investigandi
1287 2781 1379 2858 plana
1407 2778 1436 2838 iu
1467 2773 1647 2838 3termiuis

284 2865 424 2929 continue
453 2866 744 2947 proportionalibus,
780 2885 883 2928 omues
913 2876 1036 2929 cessant
1069 2877 1101 2929 et
1124 2867 1200 2929 irriti
1224 2877 1295 2930 suut
1327 2869 1356 2928 iu
1384 2863 1405 2928 4
1429 2865 1581 2939 terminis,
1614 2881 1648 2924 eo

285 2957 365 3037 ipsc,
400 2955 477 3035 quod
503 2962 549 3038 ter
573 2973 630 3016 uon
656 2962 703 3015 est
727 2964 842 3035 quater.
890 2955 966 3017 Esto
997 2955 1089 3031 euim,
1122 2965 1154 3018 ut
1185 2955 1251 3036 quis
1280 2963 1384 3037 putet,
1416 2953 1650 3034 conquadrata

284 3045 399 3124 prima,
432 3043 487 3105 sed
515 3043 648 3105 secunda
676 3062 743 3104 esse
773 3043 903 3107 invicem
932 3055 964 3106 ut
995 3064 1134 3107 uumerus
1164 3045 1203 3106 ad
1235 3064 1391 3107 numerum
1423 3046 1473 3116 (ut
1501 3043 1528 3103 si
1557 3039 1578 3103 2
1608 3040 1649 3101 sit

285 3133 389 3203 radix,
416 3129 488 3194 2.2
504 3129 575 3194 :l
598 3140 647 3194 est
671 3132 850 3213 quadratum
873 3132 1015 3211 primum,
1045 3130 1170 3197 tl:
1187 3129 1226 3196 16
1250 3134 1443 3206 secuudum),
1474 3140 1546 3192 tuuc
1578 3149 1649 3210 ergo

285 3230 319 3292 ut
350 3220 449 3300 prima
481 3239 520 3281 ex
551 3221 826 3301 proportionalibus
860 3221 1000 3283 continue
1036 3222 1075 3284 ad
1108 3222 1258 3303 quintam,
1293 3223 1336 3285 sic
1369 3220 1550 3304 quadratum
1582 3220 1647 3298 pri-

288 3327 355 3370 mae
381 3310 420 3369 ad
445 3310 624 3390 quadratum
647 3311 816 3383 secundae3
846 3308 899 3371 sed
929 3309 1033 3392 quinta
1063 3319 1110 3374 est
1134 3331 1192 3372 uua
1216 3331 1253 3372 ex
1276 3311 1382 3374 mediis
1406 3311 1486 3373 iuter
1509 3319 1649 3389 quartam

286 3407 318 3461 et
340 3397 500 3477 septimam
524 3399 555 3473 [a
566 3397 627 3474 (2),
652 3399 681 3475 b,
706 3419 732 3474 c,
757 3395 849 3473 d(3),
875 3418 900 3471 e,
926 3399 991 3478 fig,
1018 3419 1089 3480 ergo
1109 3400 1255 3479 septimus
1274 3395 1357 3484 ll¹l2],
1388 3399 1457 3481 quia
1481 3398 1647 3478 biquadra-

285 3496 383 3559 torum
407 3486 485 3549 ratio
501 3487 667 3569 quadrupla
691 3497 739 3550 est
754 3487 879 3549 rationis
896 3490 1021 3550 laterum
1047 3497 1087 3566 et,
1113 3490 1239 3552 utratio
1264 3511 1282 3551 a
1306 3491 1346 3552 ad
1370 3509 1386 3550 e
1410 3489 1454 3550 sic
1478 3481 1516 3550 a*
1539 3487 1580 3548 ad
1602 3479 1648 3548 b‘.

185 3648 187 3658 ¹
286 3575 321 3638 Si
345 3595 415 3656 ergo
441 3576 622 3656 biquadrata
645 3571 681 3638 a*
704 3585 736 3639 et
760 3571 795 3638 b*
818 3586 896 3652 sunt,
923 3585 956 3640 ut
979 3578 1044 3639 vult
1067 3577 1209 3658 objectio,
1235 3580 1292 3640 duo
1311 3578 1435 3652 numeri,
1461 3585 1551 3638 erunt
1575 3599 1594 3637 a
1619 3585 1650 3636 et

285 3665 430 3727 citidem
453 3667 579 3727 numeri.
627 3665 689 3728 Sed
717 3687 733 3728 e
767 3685 824 3727 uou
850 3671 903 3728 est'
920 3685 1075 3738 umectus,
1112 3667 1182 3749 quia
1206 3665 1225 3731 3
1251 3667 1289 3728 ad
1313 3664 1373 3753 4¹),
1403 3686 1461 3728 uou
1490 3674 1525 3728 ιιι
1554 3665 1649 3727 cubus

287 3755 326 3814 ad
349 3754 474 3828 cubum;
506 3755 540 3827 b,
566 3775 582 3815 c
606 3775 662 3818 non
689 3763 758 3816 sunt
781 3755 909 3831 numeri,
935 3775 1058 3832 cuma,
1086 3757 1104 3818 d
1129 3757 1196 3818 cubi
1220 3775 1279 3817 nou
1304 3756 1546 3836 siut;-ipsorum
1572 3757 1650 3835 q'ua-

287 3843 375 3904 drata
398 3841 489 3903 etiam
513 3861 570 3903 uon
586 3853 657 3904 sunt
680 3843 803 3916 numeri,
828 3845 898 3924 quia
922 3845 967 3905 sic
992 3844 1021 3920 b,
1047 3865 1062 3906 o
1086 3845 1144 3924 ipsi
1169 3844 1280 3908 fuerint
1303 3845 1427 3920 numeri,
1452 3864 1521 3906 cum
1546 3852 1650 3905 tamen

287 3929 315 4005 d,
341 3949 360 4010 g
383 3948 441 3990 nou
466 3940 537 3992 suut
560 3931 666 3993 cubici.
714 3933 780 3995 Soli
804 3933 872 3994 cubi
896 3933 932 3994 de
956 3932 985 4006 b,
1009 3952 1025 3994 c
1049 3943 1119 3994 sunt
1142 3933 1265 4010 numeri,
1292 3934 1363 4014 quia
1376 3932 1476 4016 media
1500 3933 1560 3994 duo
1576 3950 1649 4013 pro-

285 4018 466 4098 portionalia
499 4019 578 4082 iuter
610 4017 631 4083 2
663 4021 701 4082 ad
734 4022 862 4083 invicem
903 4021 996 4084 cubos
1029 4021 1096 4101 ipsa
1130 4021 1250 4103 quidem
1282 4022 1394 4085 uulneri
1425 4039 1493 4084 esse
1524 4019 1648 4083 debent.

269 4107 406 4169 ¹Scimus
429 4127 512 4188 ergo,
538 4110 617 4188 quod
641 4110 659 4170 b
684 4111 725 4170 sit
748 4109 834 4172 radix
855 4111 960 4172 cubica
983 4110 1019 4171 dc
1042 4107 1086 4186 12,
1113 4131 1128 4172 c
1152 4111 1239 4172 radix
1263 4112 1369 4173 cubica
1388 4111 1424 4172 de
1448 4107 1504 4184 183
1530 4111 1563 4172 id
1578 4128 1650 4171 vero

286 4203 334 4258 est
357 4197 483 4258 nescire.
530 4199 577 4260 Ac
601 4217 668 4260 cum
691 4217 751 4258 uon
775 4199 837 4260 siut
859 4199 946 4277 plura
970 4199 1150 4278 quantitatis
1174 4217 1301 4278 genera,
1326 4199 1383 4262 uisi
1406 4219 1445 4262 ex
1467 4200 1516 4262 his
1541 4199 1647 4271 mixta,

287 4285 441 4360 concludo,
467 4287 576 4349 nesciri
600 4289 709 4349 debere
734 4287 842 4360 omnia,
868 4306 944 4366 quae
968 4296 1040 4350 suut
1059 4288 1183 4349 duamm
1198 4289 1362 4351 mediarum
1387 4289 1559 4362 (continue)
1575 4307 1647 4367 pro·

286 4374 514 4454 portionarium,
539 4386 661 4455 praeter
684 4376 792 4449 cubos,
823 4394 933 4457 eosque
958 4377 1074 4438 nomine
1099 4384 1227 4439 tautum.
1275 4378 1391 4440 Latent
1414 4398 1451 4440 ea
1475 4379 1504 4440 iu
1529 4379 1647 4442 ratione

286 4463 444 4526 infinitatis
467 4471 500 4526 et
521 4465 552 4526 iu
576 4484 613 4526 ea
635 4483 720 4528 suam
745 4465 858 4526 habeut
881 4465 1125 4540 subsistentiam
1151 4485 1208 4546 quo
1231 4467 1330 4546 magis
1349 4467 1465 4542 mirum,
1490 4467 1647 4532 terminari

287 4551 399 4633 aliquid
429 4574 449 4615 a
476 4571 535 4614 nou
560 4554 730 4616 terminato.
778 4555 883 4636 ltaque
908 4553 1053 4634 ignoratis
1077 4549 1243 4616 rationibus
1267 4556 1440 4635 septanguli
1469 4555 1569 4638 fugiet
1592 4559 1646 4621 hoc

286 4641 473 4703 intellectum
503 4650 651 4718 nostrum,
687 4660 778 4724 quare
802 4651 834 4704 et
856 4643 1043 4706 intellectum
1070 4651 1198 4706 naturae
1232 4644 1313 4718 (dico
1337 4644 1421 4707 illam
1443 4645 1504 4706 vim
1529 4647 1645 4709 auimo-

288 4746 352 4827 rum
376 4737 408 4791 et
427 4729 598 4808 sennarum,
625 4750 684 4814 qua
707 4749 826 4794 suorum
849 4750 1005 4814 corporum
1028 4733 1162 4794 membra
1184 4750 1303 4813 semper
1326 4734 1432 4796 eodem
1454 4735 1545 4798 modo
1569 4737 1644 4817 figu-
