3628 5518
301 245 367 314 auu
544 233 548 239 “
846 249 969 314 amous
985 249 1110 312 mus·

302 408 382 472 Solis
402 409 441 490 qd
463 409 568 472 Lunae
590 409 824 488 proportionem,
850 427 926 490 quae
949 415 1000 471 est
1022 405 1118 486 921,
1143 409 1357 474 Aristarclmm
1370 431 1452 490 vero,
1477 413 1530 494 qui
1552 411 1663 476 emam

300 518 367 561 curu
390 497 527 560 Philoleo
550 496 696 578 principia
719 499 918 578 sequebatur,
943 499 1050 570 aliam,
1074 517 1119 562 ec.
1145 499 1207 562 fere
1231 519 1307 580 quae
1330 502 1481 564 estiuter
1505 499 1543 564 21
1574 508 1606 564 et
1631 500 1662 564 l.

301 587 438 659 Quomm
458 586 532 648 illud
557 588 643 666 louge
668 596 716 647 est
740 609 758 648 a
781 587 911 650 veritate
936 587 1080 663 alienum,
1104 588 1161 650 hoc
1185 589 1213 650 ei
1235 591 1412 669 proximum.
1459 592 1569 670 Itaque
1595 609 1664 652 earn

302 675 426 756 quisque
451 675 592 754 privatim
621 676 829 757 hypothesium
862 676 1011 739 rationem
1034 683 1084 738 est
1110 685 1246 752 secutus,
1281 697 1370 759 quam
1393 681 1441 743 vel
1471 678 1666 759 praeceptori

302 784 357 826 suo
381 773 538 843 acceptam
562 764 648 838 tulit,
682 767 730 827 vel
755 765 888 847 physicis
912 764 1080 827 rationibus
1105 775 1339 830 consentaneam
1363 769 1496 840 censuit,
1527 768 1577 829 uel
1606 768 1665 829 de-

302 853 572 932 monstrationibus
596 853 659 916 suis
683 854 872 933 aptissimam
897 845 1039 935 exper'tus
1063 862 1125 916 est:
1152 855 1234 918 nulla
1256 875 1337 932 vero,
1361 858 1406 920 ita
1425 864 1459 921 nt
1472 857 1571 920 Ursus
1585 855 1665 929 vult,

302 943 419 1024 publice
442 942 570 1004 invaluit
593 951 646 1006 aut
669 943 835 1006 solenniter
858 943 1030 1006 introducta
1053 943 1111 1006 fuit
1134 943 1343 1026 hypothesium
1367 947 1473 1010 forma.

391 1032 522 1111 Jamque
558 1032 681 1095 taudem
705 1033 744 1094 ad
777 1031 927 1095 celebrem
955 1032 1039 1094 illum
1062 1031 1321 1098 Aristarchum
1342 1033 1511 1098 Samium
1540 1041 1667 1112 tempo-

279 1139 368 1184 .rum
392 1121 464 1183 ordo
487 1139 542 1182 nos
566 1122 701 1196 deducit,
727 1121 812 1201 cujus
835 1139 910 1202 quae
933 1129 1073 1184 recenset
1094 1121 1294 1186 Archimedes
1318 1125 1519 1206 hypotheses,
1543 1122 1667 1204 Pytha·

302 1229 478 1291 goraeomm
503 1219 534 1271 et
557 1210 685 1272 Philolai
710 1229 825 1290 quoque
850 1210 944 1272 fuisse
968 1217 1039 1272 ante
1063 1209 1235 1281 Platonem.
1256 1212 1321 1290 jam
1345 1219 1396 1274 sat
1417 1212 1506 1276 nobie
1529 1218 1667 1274 constat.

301 1299 554 1361 Accommodevit
575 1299 627 1360 ille
652 1299 770 1380 quidem
793 1317 961 1362 sermonem
995 1318 1080 1362 suum
1104 1299 1431 1376 demonstrationibus,
1465 1309 1497 1363 et
1520 1299 1669 1363 circulum

303 1407 360 1469 quo
384 1387 478 1450 Terra
505 1389 636 1450 volvitur
666 1388 743 1450 dixit
774 1408 841 1450 eam
874 1389 984 1451 habere
1019 1387 1242 1468 proportionem
1267 1390 1422 1465 adfixas,
1456 1408 1547 1470 qnam
1571 1389 1670 1452 hebet

302 1487 438 1539 centrum
469 1477 508 1537 ad
540 1477 820 1540 circumferentiam.
868 1475 957 1548 Quod
990 1478 1144 1557 explicans
1178 1478 1377 1542 Archimedes
1409 1479 1517 1543 iisdem
1550 1495 1668 1558 prope·

301 1567 419 1628 modum
441 1567 543 1628 verbis
567 1566 671 1642 utitur,
695 1568 802 1647 quibus
825 1585 918 1646 supra
933 1565 1137 1648 Pythagoraei
1160 1586 1246 1630 snam
1267 1569 1346 1649 apud
1361 1569 1562 1632 Aristotelem
1576 1585 1669 1628 men·

161 1709 170 1718 ..
300 1665 362 1718 tem
389 1656 633 1736 explicaverunt:
668 1657 746 1737 quod
774 1657 995 1737 deprehendet,
1028 1655 1078 1736 qui
1111 1656 1246 1718 conferre
1279 1666 1406 1738 utraque
1429 1657 1522 1720 volet.
1571 1655 1669 1736 ldqne

300 1753 349 1810 est
371 1745 451 1826 quod
473 1753 560 1807 tanto
584 1745 682 1824 inagis
705 1746 876 1818 coufirmat,
911 1745 989 1826 quod
1013 1763 1103 1824 supra
1126 1745 1249 1825 saepius
1272 1745 1414 1809 iteratum
1438 1754 1505 1821 est,
1540 1746 1670 1808 easdem

300 1836 435 1914 utrisque
459 1844 490 1896 et
511 1834 733 1916 Pythagoraeis
758 1843 790 1896 et
811 1835 992 1897 Aristarcho
1017 1835 1110 1896 fumes
1134 1834 1329 1915 hypotheses.
1378 1833 1526 1906 Quamvis
1550 1833 1668 1898 Archi-

300 1925 397 1988 medis
420 1924 457 1984 de
480 1923 653 1986 Aristarchi
685 1943 775 1985 sensu
799 1925 973 2004 conjectura
1005 1923 1139 1986 nonnihil
1167 1923 1316 2005 impingit.
1362 1925 1441 1986 Vult
1463 1924 1671 1986 Archimedes

301 2015 345 2078 sic
367 2013 595 2091 intelligendum
613 2011 834 2085 Aristarchum,
860 2031 936 2094 quae
960 2011 1000 2074 sit
1022 2012 1177 2092 proportio
1197 2014 1309 2075 Terrae
1332 2014 1372 2076 ad
1395 2012 1557 2093 sphaeram
1573 2011 1670 2084 Solis,

302 2102 428 2164 eandem
459 2121 526 2164 esse
549 2101 697 2181 sphaerae
722 2100 804 2164 Solis
828 2102 898 2174 (sen
919 2102 1048 2174 Terrae)
1080 2101 1120 2164 ad
1143 2101 1303 2180 sphaeram
1327 2103 1463 2165 lixarum.
1509 2101 1558 2164 At
1591 2101 1671 2164 haec

302 2191 400 2254 adhuc
422 2190 577 2270 proportio
600 2209 658 2252 non
678 2191 791 2254 suflicit
803 2190 976 2254 Aristarchi
991 2190 1309 2253 demonstrationibus.
1356 2191 1435 2254 Nam
1459 2191 1504 2252 ita
1526 2199 1579 2252 est
1593 2209 1671 2255 seu—

303 2279 387 2341 sibus
412 2279 689 2358 comprehensibilis
704 2279 815 2342 Terrae
839 2280 877 2341 ad
901 2279 1061 2360 sphaeram
1076 2277 1159 2342 Solis
1177 2279 1341 2360 proportio,
1367 2289 1401 2342 nt
1417 2278 1592 2359 parellaxin
1607 2278 1672 2340 So-

302 2368 340 2430 lis
371 2367 564 2430 minutorum·
579 2368 695 2448 aliquot
722 2369 845 2431 efficiat.
902 2367 1040 2430 Totidem
1069 2367 1161 2448 igitur
1188 2368 1368 2432 minutorum
1395 2368 1565 2448 parallasis
1589 2367 1672 2428 inter
1801 2423 1802 2432 ,

302 2458 379 2535 lixas
404 2465 436 2518 et
459 2456 620 2535 sphaeram
644 2457 704 2537 qua'
722 2457 825 2520 Tellus
848 2456 980 2520 volvitur
1001 2457 1213 2520 intercederet.
1246 2458 1305 2522 'At
1322 2458 1520 2520 Aristarchus
1549 2475 1672 2518 omnem
1801 2489 1802 2496 .

251 2578 254 2584 ¹
302 2547 393 2628 plane
417 2564 540 2608 sensum
572 2546 721 2622 excludit,
755 2547 825 2609 dum
852 2545 999 2608 infinitam
1028 2547 1128 2626 quoad
1156 2563 1277 2608 sensnm
1308 2545 1534 2626 proportionem
1568 2546 1670 2606 intro-

304 2634 396 2698 ducit.
445 2633 508 2695 Sed
541 2635 615 2696 haec
639 2635 748 2698 obiter.
794 2637 863 2698 Nou
887 2642 937 2696 est
968 2642 1068 2697 autem
1092 2633 1223 2715 impunis
1251 2635 1391 2697 habenda
1414 2633 1485 2698 Ursi
1515 2634 1671 2696 dubitatio

302 2725 339 2785 de
364 2731 466 2785 aetate
500 2741 559 2803 qua
588 2724 698 2785 claruit
721 2723 934 2796 Aristarchus,
969 2743 1020 2798 ue,
1055 2723 1103 2804 qui
1137 2723 1236 2786 sciunt
1259 2725 1371 2804 Ursum
1404 2725 1497 2786 etiam
1529 2722 1670 2786 historiis

302 2830 426 2892 operam
449 2811 579 2886 dedisse,
605 2831 670 2873 curn
694 2814 760 2891 ipso
784 2813 862 2874 citra
884 2831 1005 2876 causam
1030 2812 1226 2874 dubitandum
1250 2813 1307 2874 sibi
1327 2811 1512 2875 existiment.
1555 2811 1670 2884 Dnbie,

302 2902 434 2980 inquam,
460 2901 555 2962 Ursus
581 2901 792 2963 Aristarchum
815 2902 909 2964 refert
931 2900 996 2962 sive
1020 2900 1076 2963 sub
1100 2901 1307 2964 Ptolemaeum
1330 2901 1577 2980 Philadelphum,
1602 2901 1671 2962 sire
1801 2953 1802 2958 ,

303 2989 358 3052 sub
382 2989 625 3052 Philometorem.
674 2989 878 3053 intolerabilis
901 2989 1092 3063 incertitudo,
1118 2989 1237 3052 cumbi
1261 2987 1282 3052 2
1302 3009 1390 3067 reges
1417 2986 1480 3052 100
1504 2989 1594 3052 aunis
1619 2989 1670 3050 in·

303 3078 402 3140 ricem
433 3077 554 3139 distent.
610 3078 655 3139 At
688 3073 786 3140 facilis
821 3079 907 3140 labor
936 3079 1016 3140 *hanc
1048 3076 1267 3141 dubitationem
1305 3077 1441 3141 tollendi.
1493 3075 1671 3160 Syracusas
1801 3121 1802 3128 .

304 3165 491 3244 expugnavit
515 3167 687 3240 Marcellus,
714 3169 818 3228 consul
842 3167 1005 3246 Romanus,
1032 3187 1109 3228 anno
1133 3164 1163 3230 9.
1190 3167 1357 3230 Ptolemaei
1379 3166 1606 3246 Philopatoris:
1633 3186 1673 3228 ea

304 3255 335 3317 in
368 3255 588 3334 expugnatione
620 3254 819 3318 Archimedes
856 3256 1034 3318 interfectus
1068 3263 1123 3318 est.
1180 3255 1311 3337 Scripsit
1342 3256 1434 3337 igitur
1466 3255 1602 3320 libellum
1633 3256 1671 3317 de

304 3361 414 3404 arenae
437 3361 574 3414 numero,
605 3343 635 3404 iu
661 3362 718 3424 qno
743 3346 779 3406 de
803 3345 975 3406 Aristarchi
998 3345 1215 3427 hypothesibus
1248 3353 1368 3420 narrat,
1403 3353 1474 3408 aute
1498 3341 1529 3408 9.
1555 3364 1670 3408 annum

305 3429 509 3510 Philopatoris
515 3449 524 3505 ;
549 3440 581 3493 et
604 3433 682 3494 forte
705 3434 760 3494 sub
783 3433 871 3496 finem
894 3433 1012 3513 imperii
1033 3433 1209 3513 Euergetis,
1239 3453 1326 3515 quem
1349 3435 1484 3515 proxime
1507 3433 1670 3496 Philadel-

304 3521 381 3599 phus
406 3521 581 3582 antecessit.
629 3520 672 3582 At
686 3521 873 3601 Philopatori
889 3522 1072 3602 Epiphanes,
1097 3531 1129 3584 et
1151 3522 1219 3585 huic
1244 3525 1362 3585 demum
1386 3523 1577 3585 Philometor
1596 3541 1671 3584 snc-

303 3607 407 3672 cessit.
454 3611 503 3671 Ita
517 3609 679 3684 conficitur,
704 3609 924 3684 Aristarchum,
949 3613 1033 3692 cujus
1048 3611 1140 3674 libros
1155 3612 1355 3674 Archimedes
1375 3607 1460 3691 legit,
1483 3611 1541 3672 sub
1556 3610 1668 3672 Phila-

305 3695 414 3777 delpho
429 3699 585 3768 claruisse,
605 3717 660 3759 neo
677 3699 739 3760 ulla
754 3718 848 3762 causa
871 3700 907 3760 de
921 3700 1124 3764 Philometore
1146 3701 1332 3781 suspicandi.
1370 3701 1474 3763 Habet
1487 3698 1670 3762 historicam

304 3785 748 3848 confirmationemhistoricus:
774 3789 880 3850 audiat
898 3791 1131 3852 astronomicam
1146 3797 1348 3852 asbouomus.
1390 3789 1670 3852 ObservaritAri·

304 3873 444 3934 starchus
478 3874 626 3935 aestivale
660 3875 822 3938 solstitium
858 3885 979 3939 anctore
1011 3879 1200 3958 Hipparcho,
1235 3888 1269 3940 ut
1300 3880 1381 3942 Ptol.
1416 3880 1467 3941 Ill.
1505 3877 1533 3941 1.
1562 3881 1670 3954 refert,

305 3979 382 4022 anno
407 3959 460 4024 50.
485 3961 603 4041 primae
621 3963 736 4042 periodi
761 3962 937 4046 Gallipicae.
985 3969 1017 4029 Is
1040 3967 1097 4030 fuit
1120 3987 1214 4030 annus
1239 3964 1269 4030 d.
1295 3967 1498 4048 Philadelphi.

271 4127 274 4136 ι
396 4049 455 4111 Tot
485 4051 651 4114 nominibus
683 4053 714 4114 in
743 4054 869 4117 historia
896 4074 952 4116 sua
984 4057 1150 4137 impingens
1178 4057 1275 4120 Ursus
1307 4057 1419 4120 malum
1447 4057 1572 4135 insuper
1603 4055 1673 4135 agit

304 4138 499 4217 interpretem
522 4140 693 4204 Aristarchi
717 4149 749 4203 et
772 4141 950 4223 Cepernici‚
975 4153 1007 4206 et
1029 4147 1209 4228 imputatam
1232 4146 1300 4208 aliis
1323 4144 1353 4208 in
1378 4145 1546 4226 Oopernico
1571 4146 1667 4208 intel·

306 4225 427 4304 ligando
460 4227 637 4290 tarditatem
665 4230 694 4290 in
718 4249 751 4291 se
775 4233 937 4294 manifeste
964 4235 1125 4296 transfert:
1160 4235 1242 4310 duna
1276 4253 1365 4315 quarn
1390 4234 1577 4314 ceperutens
1601 4235 1670 4298 axis
1801 4297 1802 4302 ,

305 4313 429 4375 Terreni
453 4317 519 4395 (qui
534 4317 584 4378 axi
603 4318 831 4398 aequinoctialis
847 4323 1024 4398 respondet)
1049 4322 1275 4386 inclinationem
1299 4325 1484 4404 adplenum
1507 4322 1669 4402 eclipticas

306 4403 434 4477 statuit,
459 4403 537 4470 hauc
552 4405 611 4466 ille
635 4407 823 4470 tentationem
846 4410 925 4472 iuter
947 4411 1104 4490 planetas,
1133 4411 1172 4473 ad
1195 4411 1292 4474 instar
1315 4413 1403 4476 navis
1427 4413 1457 4474 in
1481 4411 1571 4484 mari,
1605 4413 1669 4491 jam

304 4490 334 4551 in
361 4509 499 4570 proram,
519 4493 583 4571 jam
607 4495 636 4555 in
660 4495 782 4577 puppim
805 4497 1018 4573 incumbentis,
1052 4499 1279 4579 interpretatur.
1326 4500 1372 4562 At
1403 4509 1471 4563 toto
1494 4500 1580 4564 coelo
1605 4499 1670 4564 Co·
1801 4539 1802 4554 .

305 4581 468 4655 pernicano
492 4581 623 4644 aberrat.
671 4585 748 4646 Nam
773 4586 831 4647 etsi
856 4587 922 4648 axis
937 4587 1048 4650 Terrae
1072 4588 1101 4650 in
1121 4588 1263 4652 solstitiis
1286 4587 1407 4652 inclinis
1421 4599 1471 4653 est
1494 4591 1534 4652 ad
1557 4589 1668 4652 lineam
1801 4605 1802 4608 ’

307 4685 323 4726 e
348 4665 420 4730 Sole
442 4669 473 4732 in
498 4679 632 4732 ccrrtmm
648 4673 759 4734 Terrae
784 4675 915 4747 ductam,
939 4677 967 4737 iu
993 4676 1189 4756 aequinoctiis
1207 4697 1279 4741 veru
1302 4689 1403 4742 rectos
1426 4697 1493 4741 cum
1517 4699 1554 4742 es
1577 4679 1671 4744 efficit

308 4757 452 4832 angulos:
486 4761 546 4820 uba
575 4760 730 4822 tamarid
754 4762 995 4826 fitennutnvel
1022 4765 1157 4842 ahnutu,
1189 4767 1243 4828 sed
1271 4768 1305 4830 dt
1336 4768 1540 4831 translatione
1572 4769 1668 4836 ceretu¹
