3586 5518
312 249 356 319 88
508 177 509 180 Ἴ
911 251 1074 306 Prooemium·

198 501 202 506 Ι
312 412 465 478 Ιιιιιίιιι
492 413 524 477 in
552 413 609 476 eim
632 411 831 476 kunststuclib
854 433 891 476 an
914 413 1086 476 eriorachen
1105 420 1309 480 vnronnbtteu
1328 431 1401 496 seyn
1424 413 1548 477 uberdt.
1590 413 1666 476 rnr-

314 510 382 566 sten
412 503 471 567 vnd
494 503 575 566 Hem
605 502 704 565 haben
729 501 854 564 solliche
884 503 995 565 eschen
1024 503 1107 565 nicht
1139 504 1274 566 vendes
1305 503 1456 583 tiglichen
1482 500 1666 576 Gabrauchs‚

314 593 440 655 sondem
465 610 522 654 von
546 592 601 653 der
627 592 729 654 Knnst
759 609 877 672 wegen:
913 591 960 652 die
984 591 1077 655 kunst
1100 592 1173 656 aber
1207 592 1348 654 bestehet
1370 591 1399 654 in
1423 591 1589 654 imitatione
1612 613 1668 653 nn-

313 690 415 756 turae,
440 681 480 743 da
502 699 535 742 es
559 679 642 742 nicht
664 681 720 743 mit
742 680 870 760 Zeigern
894 681 1033 762 zugebet.

401 769 482 832 Wan
507 769 580 832 aber
603 770 650 831 die
675 769 747 832 sach
776 769 831 832 mit
855 776 939 832 ernst
962 769 1162 849 anzngreillen
1188 775 1285 844 wilre,
1320 769 1410 849 glaub
1438 769 1486 832 ioli
1509 769 1582 844 mol,
1615 769 1669 830 das

312 859 370 922 mir
391 858 462 921 sehr
485 858 687 921 bellirderlicb
711 877 784 942 seyo
808 859 926 934 wiirde,
953 860 1063 922 andere
1086 859 1278 939 dergleicben
1299 858 1431 920 Werclth
1455 857 1531 920 anch
1556 877 1592 919 zu
1615 859 1669 919 be-

313 947 478 1028 sichtigen‚
513 949 572 1010 dan
605 947 657 1010 leh
682 947 746 1010 biss
771 947 842 1010 dato
875 947 968 1018 khein
990 949 1117 1010 anderes
1140 949 1290 1028 geschen,
1325 949 1371 1010 als
1401 948 1454 1009 wie
1483 946 1524 1009 im
1548 946 1671 1010 Bericbt

312 1037 478 1098 vermeldet
505 1037 635 1099 worden.
682 1037 787 1098 Wolte
810 1037 861 1098 leh
886 1037 957 1099 Wol
989 1037 1097 1111 seben,
1131 1037 1168 1100 ob
1197 1037 1279 1100 eines
1307 1036 1455 1116 gelunden
1482 1036 1600 1104 wilrde,
1633 1035 1668 1096 ds

307 1125 438 1201 beedes,
472 1125 601 1188 imitatio
634 1135 759 1188 naturae
791 1133 823 1187 et
854 1126 969 1188 indices
1001 1125 1060 1208 bey
1087 1127 1239 1189 einander.
1287 1125 1353 1188 Dan
1388 1124 1482 1188 meins
1510 1125 1670 1186 erachteus

313 1215 410 1277 lshans
432 1213 517 1276 nicht
540 1233 632 1298 seyn,
658 1215 716 1276 dan
741 1235 784 1276 es·
798 1214 892 1276 leidet
912 1213 951 1277 Je
975 1215 1040 1276 eins
1064 1216 1119 1278 das
1143 1215 1236 1277 ander
1255 1213 1349 1288 nicht,
1376 1215 1434 1277 und
1452 1215 1496 1276 ist
1509 1212 1600 1277 allein
1625 1213 1669 1274 die

223 1305 225 1310 '
313 1304 394 1382 frag,
419 1303 553 1369 wdllicbs
577 1305 671 1366 under
695 1304 789 1366 denen
814 1303 1000 1382 lunstlicber
1023 1305 1083 1365 vnd
1106 1304 1271 1367 zierlicher.

401 1391 545 1455 Bissbero
569 1410 639 1454 vom
663 1391 805 1456 Werclth.
851 1391 922 1454 Jam
947 1394 985 1454 ad
1010 1393 1080 1456 ulia.

381 1533 440 1584 Ιῐιιιι
457 1533 595 1598 Keplemt,
619 1533 716 1584 rodiam
736 1534 768 1586 ad
787 1539 932 1586 consuetum
950 1547 1102 1592 sermonem,
1128 1531 1205 1582 latine
1224 1534 1305 1599 pergit
1323 1531 1356 1582 sd
1374 1531 1574 1597 chronologiam,
1601 1545 1673 1596 quam

311 1605 419 1670 pluribus
437 1609 491 1654 tum
508 1619 552 1669 per
569 1605 655 1656 literae
674 1619 730 1656 cum
748 1604 883 1656 Maestlino
901 1605 1117 1670 perscrutabatur,
1138 1610 1164 1654 et
1182 1603 1320 1656 concludit.
1339 1603 1506 1669 theologorum
1525 1603 1673 1654 minutiones

310 1676 451 1742 ponderans
471 1675 599 1740 Copemiei
617 1677 758 1728 sententiae
777 1678 872 1728 eminus
890 1675 1073 1743 obloquentium
1092 1673 1151 1736 (rid
1172 1690 1246 1739 snpra
1264 1691 1288 1740 p.
1299 1671 1354 1738 30).

383 1801 456 1854 Ηιιι
474 1805 574 1852 tantum
591 1800 623 1850 de
642 1815 715 1864 opere
735 1800 880 1852 mechanico
900 1801 987 1852 addit:

400 1890 496 1952 Tuam
524 1907 655 1971 agnosco
686 1891 773 1952 fidem
810 1900 956 1970 perpetua
986 1889 1170 1971 gratitudine
1204 1889 1425 1953 celebrandam.
1472 1887 1599 1954 Utinam
1632 1888 1675 1950 ita

311 1981 359 2044 r'es
384 1979 581 2059 expediatur,
615 1987 648 2040 nt
672 1989 796 2060 uterque
821 1981 976 2043 laetemur.
1024 1979 1163 2052 Quaeso,
1199 1979 1225 2042 si
1247 1980 1345 2042 minus
1367 1995 1545 2058 responsum
1569 1977 1672 2040 statim

310 2087 469 2150 accepero,
494 2067 624 2144 scribas,
655 2069 724 2148 quid
748 2069 878 2130 futurum
903 2089 1039 2132 censeas.
1086 2070 1120 2131 In
1145 2069 1266 2132 decreto
1290 2068 1394 2130 videor
1418 2085 1583 2146 agnoscere
1608 2067 1672 2128 Lu-

311 2177 378 2220 cam
403 2155 596 2219 Osiandrnm.

380 2295 498 2347 Latinum
511 2298 636 2362 scriptum,
655 2298 719 2363 quod
733 2299 758 2348 in
772 2298 929 2364 sequentibus
941 2299 1018 2350 literis
1030 2303 1153 2348 memorat
1169 2296 1326 2354 ιιιιιιιιιιιιι,
1340 2298 1417 2348 deest.
1437 2295 1545 2348 Schema
1558 2297 1592 2347 ad
1603 2311 1673 2360 prae

310 2369 386 2418 missa
403 2371 528 2432 perducas
547 2383 564 2419 a
581 2369 651 2419 nobis
670 2371 785 2420 omimum
804 2377 849 2432 est,
870 2370 935 2435 quod
954 2376 980 2420 et
998 2373 1091 2433 maiore
1107 2370 1188 2420 tonna
1199 2375 1266 2419 esset
1278 2369 1453 2434 effingendam,
1473 2375 1507 2426 et.
1526 2383 1593 2432 quae
1605 2369 1674 2432 Kep-

310 2440 375 2491 lerus
393 2439 520 2504 proponit,
540 2441 616 2490 etiam
634 2442 726 2491 omissa
743 2441 910 2492 delineatione
930 2441 1035 2505 intelligi
1053 2446 1163 2504 possunt.

382 2511 423 2564 Ex
438 2511 565 2562 Maestlini
588 2512 665 2562 literis
691 2509 726 2574 (d.
747 2514 771 2564 d.
790 2510 815 2562 4.
836 2509 973 2574 (tt.)Ju1.
995 2509 1076 2574 1598)
1101 2512 1260 2576 responsoriis
1284 2511 1348 2561 haee
1371 2512 1549 2562 desumimus:
1584 2511 1675 2574 Accepi

311 2581 364 2632 heri
381 2581 466 2633 literas
484 2588 541 2633 tuas
560 2597 615 2634 cum
634 2583 719 2633 rotulis
738 2582 782 2648 (ex
798 2591 869 2648 parte
889 2579 1053 2646 contractis),
1081 2584 1115 2634 ad
1139 2583 1321 2648 designandum
1346 2583 1422 2632 animi
1445 2584 1480 2632 tui
1506 2583 1633 2632 intentum
1650 2583 1675 2630 in

310 2653 454 2704 ιιιιιιιιιιιο
474 2668 548 2718 opere
566 2657 739 2705 astronomioo.
776 2656 921 2718 Institutnm
939 2661 1009 2706 tuum
1032 2655 1091 2705 mihl
1114 2653 1247 2705 admodum
1265 2653 1356 2718 placet.
1395 2653 1463 2702 Deus
1481 2653 1605 2718 larffl'atur
1622 2653 1675 2702 iali-

310 2725 435 2776 cissimum
454 2739 602 2775 successum.
641 2725 712 2791 Ego,
740 2733 871 2792 postquam
899 2727 1039 2792 diligentius
1063 2726 1172 2792 relegero
1200 2731 1225 2775 et
1243 2715 1335 2775 *omnia
1351 2723 1501 2775 sufficienter
1518 2727 1675 2788 pensitarero

312 2793 364 2859 (nt,
387 2797 408 2845 si
426 2798 553 2860 quaesitus
572 2797 647 2858 luero,
666 2799 815 2862 respondere
838 2795 955 2865 possim),
983 2799 1073 2848 curabo
1097 2797 1130 2848 ad
1148 2796 1185 2846 ιιι.
1205 2797 1338 2861 principem
1356 2797 1491 2846 mauslerri.
1529 2795 1674 2846 Maluissem

311 2873 396 2920 autem
413 2874 545 2934 utrumque
561 2875 631 2919 tunm
649 2871 781 2934 scriptum,
809 2869 983 2922 Germanicum
1002 2875 1028 2920 et
1046 2867 1163 2919 Latinum
1189 2865 1300 2932 (praeter
1320 2865 1449 2932 epistolam
1468 2867 1501 2917 ad
1518 2882 1560 2917 me
1579 2867 1673 2918 datam

310 2952 374 3004 quse
393 2940 470 2988 etiam
487 2941 599 3003 privata,
619 2955 682 3005 quae
700 2943 827 2992 internos
845 2948 931 2991 mutuo
950 2949 1021 2994 aaut.
1042 2937 1178 3001 continet),
1197 2955 1246 2989 non
1265 2939 1324 2988 mibi
1346 2939 1464 3002 inscripta
1483 2953 1555 2995 esee,
1575 2938 1675 2995 sed,rel

309 3009 453 3070 indefinite,
473 3017 592 3075 tanquam
611 3012 644 3061 ad
662 3013 771 3076 quemvis
789 3012 915 3071 lectorem,
935 3012 972 3062 rel
992 3011 1024 3063 ad
1043 3011 1122 3075 ipsum
1140 3011 1275 3074 principem
1294 3011 1371 3058 inisse
1390 3009 1493 3059 directa
1525 3009 1593 3059 Nam
1611 3023 1675 3072 qnae

309 3083 336 3130 ιιι
353 3082 477 3144 prooemio
498 3082 775 3147 ,delensio'propositi“
795 3083 831 3133 tui
851 3091 902 3139 est,
927 3098 976 3148 qna
997 3083 1127 3147 „exempla
1144 3081 1244 3132 retera¹⁴
1264 3081 1323 3132 mihi
1340 3081 1445 3134 recitas,
1472 3081 1530 3130 mibi
1551 3081 1673 3130 dicuntur.

310 3154 382 3216 qnasi
399 3153 443 3202 tibi
463 3155 599 3204 contrarius
624 3153 738 3210 inissem.
765 3155 869 3220 ideoque
893 3156 930 3204 tui
955 3155 1071 3219 propositi
1094 3153 1153 3202 mihi
1178 3155 1285 3204 rationes
1304 3153 1408 3202 fuissem
1432 3151 1594 3208 reddendae,
1620 3167 1674 3200 cunr

311 3229 397 3284 tamen
414 3223 478 3273 haec
498 3223 585 3274 eadem
605 3226 717 3289 exempla
735 3241 781 3292 ego
801 3233 860 3276 ante
883 3229 1005 3283 noverim,
1031 3230 1148 3289 tuumque
1171 3225 1218 3274 boo
1243 3226 1370 3274 inventum
1384 3219 1462 3272 'nune
1486 3223 1618 3288 aliquoties
1637 3221 1674 3271 lll.

311 3293 414 3358 principi
428 3293 458 3344 de
472 3295 565 3358 optima
578 3301 638 3345 nota
651 3297 883 3356 commendaverim,
902 3303 936 3356 et,
948 3299 978 3348 ἰι
996 3304 1024 3346 tu
1043 3297 1162 3362 languere
1180 3296 1306 3352 voluisses,
1325 3295 1384 3344 mihi
1402 3295 1563 3352 incubuisset,
1583 3300 1612 3343 ut
1629 3309 1675 3358 eqo

310 3363 379 3414 hisce
397 3365 513 3428 exemplis
531 3373 557 3415 ιι
576 3381 724 3418 revocarem.
763 3367 813 3419 Sed
832 3368 865 3418 sd
883 3371 991 3420 tertium.
1010 3369 1125 3418 nimlmm
1143 3367 1182 3417 rel
1200 3367 1332 3430 principem
1360 3366 1398 3416 vel
1417 3367 1442 3415 in
1460 3380 1555 3430 genere
1575 3365 1608 3415 ad
1624 3365 1674 3414 lec-

311 3441 404 3495 torem,
424 3443 453 3485 ut
471 3443 497 3486 et
514 3439 580 3502 ipse,
602 3439 662 3488 licet
679 3441 756 3502 primo
775 3441 866 3490 intuitu
883 3455 932 3490 non
953 3440 1091 3506 intelligat,
1116 3439 1307 3489 oblectationem
1325 3439 1350 3486 in
1369 3451 1399 3487 ao
1418 3443 1538 3500 quaerat,
1566 3437 1675 3486 detentio

310 3505 375 3556 haec
393 3505 523 3572 dirigenda
541 3509 635 3559 luisset
650 3544 657 3558 .
671 3543 699 3559 ..
735 3509 832 3561 Videbo
851 3517 948 3568 tamem
973 3514 994 3562 ιι
1011 3511 1087 3560 ιιιιι
1104 3509 1149 3560 illu
1171 3509 1211 3560 rel
1235 3515 1330 3560 mutare
1357 3508 1396 3560 rel
1418 3508 1551 3558 obliterare
1574 3509 1672 3572 possim,

311 3592 343 3628 ne
363 3577 427 3627 Cels.
447 3579 522 3642 ipsius
541 3581 676 3641 existimet,
700 3597 741 3632 me
760 3583 827 3632 aliud
845 3583 903 3647 ipsi,
923 3583 1072 3634 conuah'nm
1095 3581 1138 3630 tibi
1167 3581 1308 3644 scripsisse,
1332 3579 1398 3630 unde
1416 3579 1579 3630 metuendum
1599 3585 1671 3634 esset.

311 3663 342 3698 ne
360 3653 440 3698 totum
458 3649 504 3700 hoc
521 3657 591 3700 tuum
609 3652 735 3702 inventum
754 3661 780 3703 et
799 3668 858 3717 opus
877 3653 944 3718 apud
963 3654 1028 3703 Cels.
1048 3653 1123 3718 ipsius
1142 3653 1253 3702 silescat.
1363 3699 1366 3709 ,

383 3719 480 3784 Alioqui
498 3721 585 3771 modus
604 3729 629 3771 et
647 3723 727 3773 forma
749 3727 801 3786 ejus
824 3726 860 3773 tui
884 3727 968 3789 scripti
991 3725 1148 3790 vehementer
1173 3723 1271 3787 placet,
1299 3729 1338 3772 est
1362 3723 1428 3771 enim
1453 3721 1526 3771 valde
1552 3721 1674 3772 eruditum

312 3791 437 3852 scriptum,
457 3792 521 3854 quod
539 3793 623 3856 procul
642 3793 715 3843 dubio
735 3800 761 3844 et
777 3796 881 3860 principi
900 3803 926 3847 ιι
944 3796 1089 3846 consiliariis
1102 3794 1189 3844 harum
1202 3809 1283 3844 rerum
1294 3793 1489 3858 intelligentibus
1502 3801 1603 3858 gratnm
1622 3795 1674 3844 erit.

382 3859 504 3911 Numeros
529 3863 664 3912 rotrrlarum
692 3879 825 3930 earumque
852 3868 964 3932 periodos
991 3867 1100 3916 nondum
1128 3867 1274 3916 examinari.
1313 3864 1435 3914 Videntur
1459 3871 1546 3914 tamen
1565 3863 1676 3915 nonnulli

311 3933 407 3980 numeri
426 3932 535 3982 dentium
554 3935 626 3984 ulmis
644 3937 738 4000 magni,
756 3939 871 3988 nimirum
889 3939 956 3990 ultra
974 3935 1026 3987 200
1045 3945 1071 3987 ιι
1089 3935 1149 3986 300.
1178 3937 1230 3986 Ηιι
1250 3951 1324 4001 segre
1340 3937 1423 3999 capiet
1440 3941 1497 3986 rota
1515 3937 1581 3986 adeo
1600 3935 1675 3994 exilis,

311 4003 489 4052 atterendum
508 4011 559 4060 est,
584 4011 612 4054 nt
630 4007 680 4054 siut
697 4007 812 4058 diutnmi.
849 4009 906 4060 Meo
925 4011 1000 4077 igitur
1015 4010 1108 4073 jndicio
1133 4015 1273 4071 praestaret
1297 4008 1510 4072 superimpositio;
1539 4021 1600 4057 nam
1618 4007 1675 4056 nihil

311 4072 427 4129 referret,
445 4089 487 4137 pro
506 4089 557 4125 una
575 4075 637 4125 duas
656 4077 706 4128 lieri
726 4086 801 4128 rotas.

383 4143 424 4194 De
442 4159 538 4196 canone
556 4149 581 4196 in
602 4145 671 4196 6000
691 4163 769 4200 annos
788 4159 816 4200 nt
834 4153 867 4200 sis
886 4152 1018 4209 sollicitus,
1037 4165 1098 4215 opus
1117 4166 1166 4202 uon
1186 4157 1238 4208 este
1258 4135 1306 4200 imo
1325 4163 1372 4199 nec
1390 4149 1422 4198 de
1440 4150 1515 4199 anuis
1535 4147 1601 4206 100,
1621 4149 1677 4213 qnia

312 4213 418 4273 suffieit,
445 4217 554 4282 singulas
577 4218 710 4270 tardiorum
729 4223 842 4284 periodos
861 4225 956 4278 metiri.
984 4231 1010 4273 et
1033 4239 1089 4273 cum
1109 4225 1144 4273 sis
1163 4222 1311 4273 velociorum
1330 4234 1413 4270 craeso
1432 4221 1504 4270 modo
1524 4235 1675 4284 comparare.

311 4283 378 4336 Nam
397 4287 424 4336 in
437 4287 478 4352 bis
496 4287 606 4338 thesauri
624 4297 730 4341 naturae
749 4307 905 4358 nequaqnam
929 4295 1045 4359 explicari
1067 4302 1188 4358 possuntr
1216 4293 1323 4350 sufficit,
1348 4291 1488 4354 hujusmodi
1512 4306 1591 4356 opera
1613 4294 1677 4340 intra

313 4353 348 4404 30
367 4371 445 4408 anuos
463 4373 512 4407 non
531 4359 679 4410 sensibiliter
697 4377 791 4420 errare,
811 4371 837 4414 ιι
855 4365 913 4428 quid
931 4373 999 4421 tum.
1027 4367 1074 4416 etsi
1092 4365 1213 4416 Saturnus
1231 4371 1289 4429 post
1306 4364 1368 4412 duas
1388 4363 1516 4426 periodos,
1537 4363 1562 4412 h.
1583 4378 1604 4413 e.
1623 4369 1677 4426 post

243 4430 245 4440 ⁴
313 4423 348 4476 00
367 4441 453 4489 annos,
473 4443 522 4478 nno
541 4435 616 4493 atque
630 4431 707 4482 altero
720 4435 808 4498 gradu
827 4436 865 4486 rel
878 4437 954 4486 etiam
968 4436 1044 4487 tribus
1057 4437 1173 4502 gradibus
1187 4434 1302 4485 aberret?
1332 4433 1404 4484 Certe
1423 4448 1507 4498 pauca
1525 4435 1575 4483 ridi
1593 4435 1674 4496 hujus-

312 4499 377 4549 modi
390 4501 555 4550 instrumenta
567 4498 627 4562 (imo
641 4501 755 4562 nullum).
775 4507 862 4570 quibus
876 4507 939 4556 Solis
958 4513 1038 4558 motus
1058 4521 1154 4557 sunaus
1173 4507 1239 4556 ultra
1257 4501 1333 4554 ³65⁰
1350 4505 1444 4556 habeat
1463 4506 1541 4556 etiam
1553 4506 1675 4570 quadran·

313 4575 363 4619 tem
382 4571 438 4620 diei.
477 4571 530 4636 Ego
549 4577 617 4622 certe
635 4573 738 4637 plurimo
756 4577 840 4628 labore
859 4579 960 4628 tundam
980 4579 1099 4642 ejusmodi
1117 4593 1246 4636 numeres,
1269 4579 1310 4642 qui
1330 4578 1405 4626 etism
1424 4577 1593 4641 quadrantem
1611 4577 1676 4626 illum

284 4687 289 4698 ,
312 4639 435 4700 habeant,
455 4641 564 4692 invenire
582 4645 658 4706 potui.
694 4645 749 4697 'Nec
766 4653 851 4698 tamen
871 4649 915 4699 illa
932 4665 1028 4714 organa
1046 4649 1155 4700 Uraniae
1172 4655 1303 4714 propterea
1321 4650 1390 4712 parri
1409 4647 1480 4698 fiunt.

373 4711 470 4762 -hletno
489 4719 588 4770 autem.
613 4729 645 4764 ne
663 4717 727 4766 istae
745 4719 895 4781 objectiones
915 4726 941 4770 et
965 4721 1140 4778 difficultates,
1167 4734 1229 4785 quas
1245 4721 1270 4768 ln
1288 4721 1379 4784 scripto
1397 4725 1440 4768 tuo
1458 4719 1552 4768 multas
1572 4719 1615 4768 tibi
1633 4720 1676 4781 ipsi

315 4778 408 4842 ⁰bli⁰i⁸s
429 4796 446 4834 a
462 4784 587 4836 nonnullis
604 4785 685 4836 sciolis
705 4789 779 4840 veluti
793 4805 905 4840 enormes
918 4792 1108 4844 exorbitationes
1122 4793 1284 4856 accipiantur,
1304 4798 1379 4859 atque
1391 4790 1458 4856 apud
1469 4791 1608 4856 principem
1621 4803 1676 4839 exa-
