3742 5522
679 381 682 384 .
793 335 954 388 Prooemim
1468 329 1551 396 ‘499

197 493 234 554 de
258 492 358 554 mundi
383 481 609 575 hypothesibus,
634 513 711 574 quae
735 513 789 556 uos
813 513 905 574 supra
929 497 973 574 (p.
999 491 1080 568 228)
1104 491 1299 567 exhibuimus,
1335 491 1400 552 adit
1423 498 1548 552 senten-

197 581 270 641 tiam
304 580 427 661 Xepieri
468 582 504 642 de
537 582 636 660 spatio
668 581 747 643 inter
770 581 934 644 Saturnum
971 591 1003 644 et
1036 585 1111 642 fixas
1144 583 1288 643 immenso
1322 578 1439 654 (Stella
1471 599 1550 640 nova

197 689 264 749 cap.
288 669 392 743 XVI.)
418 677 450 730 et
472 671 621 748 permulta
645 671 717 744 alia,
751 689 827 751 quae
851 671 999 750 XepIerus
1028 671 1057 732 io
1083 669 1158 732 libro
1182 688 1235 730 suo
1260 675 1313 729 aut
1337 667 1426 730 verbo
1452 668 1550 746 tangit

198 767 250 819 aut
272 757 405 838 pluribus
430 757 560 837 inquirit,
585 777 719 838 quaeque
743 759 772 829 iu
798 757 1047 838 „Responsioue“
1073 777 1128 820 sua
1147 754 1225 838 jocis
1250 756 1296 818 vei
1322 756 1401 816 serio
1425 757 1547 817 resinat.

198 845 275 906 Hirro
304 847 414 908 transit
437 845 598 907 Roesiinus
629 847 666 908 ad
696 847 879 926 astrologica
908 847 1147 926 sententiamque
1177 864 1262 907 suam
1295 845 1332 906 de
1365 853 1548 906 cerastarum

198 934 463 1012 significationibus
488 935 633 1015 exerupiis
649 953 686 995 err
706 936 830 997 historia
845 935 991 997 desumtis
1005 935 1165 996 defendere
1181 944 1316 1006 conatur,
1340 951 1443 1013 eaque,
1470 951 1546 1012 quae

197 1023 346 1101 Keplerus
381 1024 444 1084 loco
474 1022 568 1084 citato
599 1025 680 1103 (cap.
706 1023 824 1097 XXX.)
856 1032 962 1086 contra
990 1023 1066 1084 hanc
1097 1021 1278 1084 sententiam
1317 1021 1419 1091 affert,
1458 1039 1548 1100 aegre

200 1111 298 1172 ferens
332 1111 411 1172 iliius
439 1111 527 1188 joca,
565 1112 725 1172 retutauda
758 1113 932 1190 aggreditur
968 1112 998 1174 in
1032 1111 1131 1190 capite
1165 1111 1222 1183 V.,
1260 1111 1339 1190 quod
1371 1108 1546 1189 inscripsit:

198 1200 388 1280 Refututr'ou
417 1199 478 1260 rud
510 1198 728 1282 Widerlepuug
755 1201 880 1273 decrero,
912 1221 947 1262 so
979 1199 1069 1262 Herr
1091 1199 1222 1262 Jobunn
1238 1196 1421 1280 Kepplerus
1443 1197 1547 1280 Kays.

198 1288 325 1371 Mujest.
345 1289 589 1350 Mathematicus
611 1290 711 1351 wider
728 1290 810 1350 mma
825 1287 995 1351 Sehrer'ben
1017 1309 1075 1350 rou
1098 1287 1159 1349 den
1175 1285 1318 1350 Cometen
1335 1307 1391 1348 vor
1405 1280 1451 1347 10
1465 1285 1549 1348 Jat-

196 1397 254 1438 reu
280 1397 474 1458 uurgoupen,
507 1378 684 1458 einpeftihrt
716 1378 752 1439 r'n
782 1379 899 1439 seinem
922 1375 1092 1438 Schrer'ben
1121 1395 1189 1438 nom
1219 1395 1324 1437 aewen
1357 1373 1452 1437 sura
1479 1374 1551 1436 dese

198 1459 300 1526 1004.
326 1465 427 1528 Johrc
484 1465 621 1541 Librum,
656 1485 743 1545 quem
771 1465 844 1526 dicit
867 1465 1029 1527 Roeslinus
1058 1472 1128 1525 ante
1165 1461 1201 1526 10
1231 1481 1324 1524 annos
1354 1463 1441 1542 (ergo
1471 1481 1549 1524 anno

202 1549 302 1627 1599)
331 1553 441 1632 publici
467 1553 543 1634 juris
575 1557 699 1628 factum,
733 1553 844 1615 nulium
873 1553 1135 1633 deprehendimus,
1169 1571 1263 1633 eaque
1295 1569 1370 1630 quae
1402 1550 1550 1630 Keplerus

199 1641 414 1720 objurgaverat
442 1641 586 1704 Roesiiuo
619 1643 771 1722 pertinent
805 1642 844 1704 ad
876 1642 954 1703 iilius
987 1642 1093 1703 librum
1127 1659 1204 1701 auno
1239 1635 1321 1702 1597
1351 1640 1549 1718 (Argentor.)
1614 1681 1622 1692 .

197 1731 226 1791 iu
260 1729 409 1808 pubiicum
433 1730 589 1805 emissum,
624 1749 709 1810 quem
738 1730 906 1809 inscripsit:
953 1729 1163 1792 Travectus
1190 1725 1550 1809 Meteorosirolopr'-

193 1819 394 1900 physicus,
427 1818 487 1880 dus
509 1820 568 1890 iet,
593 1839 669 1882 ause
690 1820 854 1900 mehtipem
876 1819 971 1896 Laus
990 1819 1048 1880 der
1072 1817 1225 1888 Cometen,
1250 1814 1550 1879 Zusummenleuch-

197 1913 272 1987 tunp
296 1907 355 1968 der
377 1905 542 1978 Pioneten,
566 1905 694 1970 etlicher
717 1907 843 1969 Herren
876 1907 1084 1980 Nativitdteu,
1117 1903 1295 1970 ammireus
1323 1905 1552 1986 Vermtitunpeu

197 1996 261 2057 ond
283 1994 333 2056 ein
359 1995 561 2078 Weiesapunp
588 2016 645 2057 aron
670 1996 932 2078 Verr'r'nderunpeu
954 1995 1011 2057 der
1034 1995 1237 2077 Regimenten
1262 1994 1296 2056 in
1319 1993 1552 2076 Kdnr‘prer'oheu

198 2084 261 2145 ond
282 2083 566 2146 Fttrsteathumbeu
594 2085 651 2145 der
678 2083 753 2146 Welt
774 2085 837 2146 cred
857 2084 980 2146 anderrn
1001 2083 1165 2165 wiehtipen
1182 2083 1240 2160 dc.
1261 2081 1400 2156 Sachare,
1430 2101 1466 2144 so
1483 2080 1552 2144 rich

200 2218 255 2234 ...
278 2191 337 2234 uon
349 2173 428 2256 jetet
450 2193 493 2234 on
515 2173 578 2235 biso
602 2167 696 2234 1604
717 2174 847 2254 bepeben
867 2173 1005 2244 werden,
1031 2172 1101 2232 item
1118 2171 1156 2232 ad
1171 2171 1244 2232 illud
1268 2170 1346 2250 quod
1361 2189 1452 2249 supra
1467 2169 1547 2230 dixi-

201 2280 265 2322 mus
289 2257 540 2340 ,chteinm‘t
590 2262 655 2322 Hoc
680 2260 869 2336 „Judieium“
900 2260 1034 2322 defendit
1060 2259 1223 2321 Roeslinus
1246 2277 1313 2339 cap.
1339 2259 1411 2319 Vh:
1445 2257 1550 2340 Resu-

198 2351 277 2412 tutio
301 2351 362 2412 ond
393 2348 612 2432 Widerlepunp
636 2350 759 2418 decrero,
790 2369 825 2410 so
848 2349 938 2412 Herr
954 2347 1143 2432 Kepplerue'
1156 2348 1256 2409 wider
1277 2347 1359 2409 mdo
1383 2345 1554 2408 Sebrer'ben

201 2459 267 2500 rom
303 2459 408 2499 meroen
444 2437 539 2501 Stern
579 2439 635 2500 des
672 2433 773 2500 1604.
807 2438 909 2506 Juhrs
945 2457 1155 2519 ausspanpen,
1194 2436 1380 2517 eiaquitbrt.
1435 2433 1551 2496 Deinde

204 2527 302 2605 capite
329 2526 414 2587 tlt:
440 2527 518 2590 Dae
541 2527 593 2589 die
616 2525 800 2608 Astrolopr'o
823 2527 874 2588 ein
895 2527 999 2589 reobte
1020 2523 1198 2587 coturlione
1220 2524 1281 2586 rud
1305 2523 1413 2586 Gottes
1443 2521 1553 2586 Werrk

198 2614 363 2696 preirende
384 2615 490 2677 Kouat
519 2635 587 2698 eey,
619 2617 718 2677 wider
746 2616 839 2680 Joura
866 2615 985 2678 Picum
1007 2611 1287 2686 hiiranduinresm,
1320 2611 1383 2676 aad
1412 2611 1474 2673 dua
1500 2609 1553 2672 die

201 2701 425 2785 Ausethee'lung
459 2703 515 2765 des
546 2703 704 2767 Himmels
736 2705 770 2766 iu
800 2705 886 2765 seiae
915 2703 1039 2785 produc
1069 2703 1131 2765 ond
1159 2699 1203 2763 12
1225 2701 1362 2764 Zeiclteu
1393 2697 1554 2762 uatitrlich

204 2792 266 2856 end
288 2813 346 2854 oon
371 2791 447 2854 Gott
469 2790 538 2854 oleo
559 2793 709 2874 peordnet
730 2813 794 2875 sep,
816 2791 917 2854 under
939 2791 991 2854 Jo.
1016 2789 1219 2873 Keppiemm.
1393 2854 1398 2863 ,

291 2877 376 2951 Quae
401 2881 539 2942 adhaec
562 2881 716 2961 respoudit
731 2881 880 2960 Kepierus
904 2886 1065 2960 sequentes
1089 2878 1231 2940 exhibent
1253 2875 1397 2956 paginae;
1421 2875 1552 2937 eRoes-

201 2969 251 3031 iini
274 2970 376 3031 libello
400 2989 453 3031 uos
478 2967 653 3032 ea'tantum
676 2969 859 3040 addidimus,
893 2987 968 3048 quae
992 2967 1190 3047 Kepierusin
1214 2963 1406 3043 responsione
1435 2981 1490 3024 sua
1515 2981 1552 3023 ex

202 3059 253 3120 iilo
287 3057 427 3120 addenda
458 3059 560 3120 omisit
588 3067 641 3120 aut
671 3059 762 3119 verbo
789 3064 906 3118 tantum
937 3056 1097 3135 siguificat.
1144 3053 1306 3116 Roeslinus
1335 3051 1454 3131 quidem
1495 3052 1551 3113 ob-

75 3153 84 3162 “
201 3147 324 3215 mutuit‚
357 3155 402 3220 et,
437 3146 542 3208 melius
570 3165 604 3207 se
631 3154 786 3207 versatum
814 3143 1000 3207 existimans
1017 3145 1046 3207 iu
1068 3140 1309 3221 Chronoiogiois,
1341 3140 1456 3201 biennio
1484 3147 1553 3219 post
1631 3175 1636 3182 ·

202 3235 405 3314 quaestionem
441 3243 558 3294 tantum
590 3252 712 3296 movens
752 3234 788 3294 de
822 3233 1032 3295 observatione
1068 3233 1251 3294 Batavorum
1288 3229 1318 3290 iu
1347 3229 1552 3307 septentrione

202 3322 286 3396 (vide
318 3340 408 3405 supra
442 3331 473 3383 et
505 3319 644 3402 Opticam
672 3321 825 3402 Kepleri),
867 3322 895 3382 in
928 3322 988 3383 aiio
1016 3321 1105 3395 libro,
1144 3337 1229 3400 quern
1265 3317 1437 3395 inscripsit:
1474 3317 1550 3378 Pro-

152 3481 153 3484 ,
203 3412 322 3472 dromus
347 3410 593 3473 dissertationum
608 3410 920 3491 cosmographioarum
944 3411 1014 3480 bc,
1038 3408 1177 3470 Francos.
1203 3402 1295 3469 1612.
1340 3405 1552 3484 Keplerisen-

201 3500 326 3562 tentiam
351 3500 387 3560 de
412 3519 490 3562 anuo
510 3499 624 3562 Christi
649 3499 787 3562 natalitio
813 3506 1057 3578 aggressusest.
1105 3495 1191 3567 Quae
1215 3495 1243 3556 in
1269 3495 1332 3554 hoe
1348 3493 1459 3572 scripto
1478 3510 1551 3571 pro-

205 3588 308 3650 tulerit
344 3587 520 3658 Roeslinus,
563 3608 600 3648 ea
633 3589 770 3667 leguntur
804 3588 882 3649 inter
915 3586 1029 3666 scripta
1061 3584 1184 3664 Xepieri
1218 3580 1443 3662 chronologioa;
1477 3582 1551 3642 baec

203 3684 321 3738 tantum
344 3694 442 3754 pauca
470 3695 508 3738 err
531 3677 582 3738 illo
606 3676 790 3737 desumenda
817 3676 1001 3744 censuimus.
1035 3693 1051 3734 e
1076 3673 1182 3753 quibus
1207 3678 1347 3751 apparet,
1380 3689 1437 3730 non
1462 3687 1552 3747 aegre

201 3765 307 3826 tulisse
332 3763 508 3825 Roeslinum
535 3765 658 3843 Kepleri
692 3751 987 3843 „Responsioriem“:
1017 3762 1093 3822 Dem
1123 3761 1270 3840 Kepiero,
1304 3757 1429 3819 meinem
1461 3767 1551 3836 guten

203 3853 336 3914 Freuudt
364 3852 423 3913 vnd
447 3853 640 3914 Laudsmann
671 3853 720 3933 gib
749 3853 796 3914 ich
829 3859 915 3913 sonst
942 3851 971 3912 in
1001 3851 1078 3912 alien
1108 3846 1382 3910 Mathematisoheu
1412 3845 1552 3908 Khusten

202 3959 255 4002 vor
278 3941 357 4002 alien
379 3939 544 4002 Gelehrten
577 3943 605 4002 iu
630 3942 682 4002 der
707 3942 790 4002 Weit
812 3942 943 4020 palmam
972 3940 1031 4000 vud
1055 3939 1111 3998 den
1136 3937 1261 4018 Preyss,
1300 3935 1359 3995 vnd
1391 3952 1434 3995 wo
1459 3953 1491 3994 er
1522 3934 1551 3994 in

203 4029 339 4112 Physicis
367 4029 426 4090 vnd
455 4030 531 4092 auch
559 4029 587 4091 io
613 4027 840 4108 Chronoiogicis
868 4027 1066 4106 zugetroffen,
1095 4025 1132 4103 ja
1159 4033 1255 4085 etwan
1285 4023 1552 4102 usurgenommen

82 4146 104 4180 a
202 4119 273 4179 dass
311 4118 357 4179 ich
385 4119 551 4179 vberseben
589 4119 643 4179 het
672 4119 739 4192 duc,
774 4119 829 4178 das
861 4116 967 4180 nimme
996 4115 1042 4176 ich
1074 4114 1150 4174 alles
1179 4114 1232 4172 urit
1260 4111 1417 4173 conderem
1446 4109 1552 4194 Danpk

202 4225 258 4270 von
278 4205 344 4286 jhm
368 4224 416 4267 an.
461 4207 588 4280 Deinde,
613 4225 759 4286 quaereus
783 4206 819 4265 de
843 4205 1031 4284 planetarum
1056 4201 1186 4271 orbibus,
1211 4201 1313 4261 addit:
1338 4199 1407 4259 Kau
1432 4217 1464 4259 er
1487 4199 1552 4259 sol-

141 4353 144 4358 .
202 4297 273 4357 ches
289 4296 360 4374 ‚ohn
384 4294 541 4374 geraehter
565 4295 647 4356 nicht
670 4295 823 4356 berichten
850 4295 898 4365 (er
921 4311 1004 4353 muss
1028 4291 1104 4352 doch
1129 4289 1193 4349 sein
1209 4287 1310 4349 Weiss
1332 4288 1371 4348 im
1387 4285 1553 4346 Sohreiben

200 4385 260 4446 vud
272 4382 424 4448 Verrieron
447 4385 552 4446 immor
575 4383 703 4458 haben),
728 4383 786 4462 ligt
809 4381 892 4442 nicht
911 4399 959 4452 an,
983 4379 1030 4440 ich
1045 4378 1103 4440 tran
1119 4377 1166 4438 cio
1181 4375 1259 4455 Spot
1273 4375 1328 4438 nol
1343 4380 1493 4453 ertragen.
