3542 5528
704 293 865 344 moenum-
1426 293 1469 364 cn

113 448 261 511 custodire.
311 449 405 520 Qtrod
431 454 469 512 de
495 452 653 531 Copornici
677 453 838 534 hypothesi
863 453 984 527 scribis,
1011 454 1088 534 quod
1117 453 1269 516 anomalia
1291 456 1396 518 Lunae
1417 459 1469 520 dac.

113 536 295 598 nihilominus
322 541 440 601 saltari
465 541 572 619 possit,
597 561 633 601 ea
657 541 756 603 ornnia
780 539 945 621 Gopernico
970 543 1046 604 satis
1071 561 1218 623 superque
1246 544 1368 623 provisa
1392 555 1472 620 snut,
1528 549 1533 555 “

111 645 158 685 nec
180 627 340 707 qnisquam
366 639 605 692 astronomorum
629 638 691 704 est,
723 630 773 711 qui
800 649 857 692 nno
887 632 972 710 apice
1001 650 1094 692 novas
1122 631 1178 692 has
1205 632 1390 712 hypotheses
1414 653 1470 696 ve-

111 714 214 775 teribus
238 725 428 796 postponat:
455 718 522 779 sola
546 729 576 779 ot
600 719 694 780 omnis
718 739 784 780 cum
807 720 951 802 physicis,
976 719 1139 798 theologis,
1165 717 1331 799 Copernico
1351 721 1387 783 lis
1412 732 1470 785 eat.

111 801 187 872 Quod
211 815 316 867 autem
343 808 473 868 necdum
497 809 632 888 perfecta
662 817 710 868 est
739 808 876 868 doctrina
898 821 1046 882 motuum,
1078 827 1187 870 causae
1216 808 1360 888 ejusmodi
1390 819 1469 888 snut,

110 909 175 971 quas
196 893 221 952 iu
244 891 419 974 Copernico
444 897 603 975 corrigere,
629 896 657 956 in
682 896 807 976 antiqua
831 899 927 959 lorrna
950 918 986 958 ne
1007 897 1123 977 quidem
1139 897 1285 976 suspicari
1300 916 1470 977 possumus.

187 982 397 1064 Laudspergii
421 1004 477 1064 ego
507 985 580 1046 nihil
610 986 671 1047 vidi
700 993 821 1064 praeter
845 985 1012 1049 doctrinam
1036 987 1267 1066 triangulorum,
1302 987 1471 1051 mehercule

108 1089 229 1144 auream,
255 1091 338 1152 qnae
362 1092 410 1134 me
435 1074 592 1153 plurimum
612 1075 711 1153 juvat.
734 1109 774 1119 -

169 1263 226 1314 Jssn
244 1267 341 1316 mansit
359 1266 524 1330 Keplerus
543 1267 574 1316 sd
594 1269 763 1331 quaestionem
783 1268 830 1329 „de
849 1267 933 1316 libella
951 1266 1084 1326 nanticn,“
1105 1281 1193 1332 quam,
1221 1283 1295 1332 quum
1313 1269 1375 1320 nihil
1392 1270 1472 1321 facist

109 1337 197 1393 sdes,
217 1351 284 1399 quae
304 1339 333 1386 in
354 1337 521 1396 ,Prodromo“
541 1339 710 1404 inquiruntur,
730 1338 763 1388 ad
780 1339 867 1387 librum
888 1339 935 1398 ,de
955 1337 1033 1387 Stella
1051 1338 1130 1387 nova¹⁴
1150 1338 1305 1389 referendam
1324 1342 1471 1392 censuimus.

94 1401 154 1478 ¹iiis,
172 1421 236 1470 quae
256 1410 282 1456 iu
302 1410 449 1473 praemissis
467 1409 544 1458 literis
563 1410 593 1459 de
613 1409 776 1474 Lansbergio,
790 1408 906 1459 Rhaetici
927 1410 1101 1468 ,sanatione“
1122 1409 1225 1474 aliisquo
1242 1413 1329 1474 paneis
1348 1412 1471 1471 dicuntur,

105 1478 162 1526 baec
180 1477 301 1528 addenda
320 1487 388 1530 sunt.

169 1549 246 1598 Phil.
268 1549 510 1616 Lansbergius,
534 1557 608 1600 natus
634 1553 731 1602 Goesae
750 1565 773 1600 a.
796 1547 879 1606 1561,
904 1558 989 1614 pastor
1006 1551 1140 1613 Antserpii
1163 1555 1189 1599 et
1208 1553 1306 1602 Goesae
1330 1568 1374 1616 per
1393 1567 1471 1604 annos

105 1634 171 1682 snpra
189 1635 265 1684 quam
285 1625 403 1687 triginta,
421 1631 530 1672 mortuus
550 1629 588 1672 est
606 1621 772 1686 ldiddelburgi
792 1637 815 1672 a.
831 1618 908 1670 1632.
928 1622 1009 1680 Liber,
1029 1636 1101 1686 quem
1119 1621 1243 1684 Keplerns
1262 1623 1363 1682 laudat,
1382 1625 1472 1689 prodiit

105 1705 162 1740 anuo
182 1687 268 1748 1591,
289 1694 441 1756 inscriptus:
471 1693 659 1758 Triangulormn
679 1693 835 1742 Geometriae
854 1692 909 1742 libri
927 1693 972 1741 IV.
1012 1693 1083 1754 Quae
1102 1691 1247 1742 Hermartns
1271 1694 1301 1744 de
1324 1695 1471 1762 Lansbergii

105 1777 163 1810 nera
178 1762 317 1826 hypothesi
338 1767 505 1814 astronomica
523 1765 584 1814 dicit
603 1762 636 1826 (r.
656 1780 681 1828 p.
701 1761 753 1826 61)
779 1764 847 1813 fama
871 1767 1010 1828 percepisse
1036 1763 1134 1813 videtur
1158 1763 1282 1828 literisque
1302 1765 1403 1816 edoctus
1421 1782 1471 1816 non
1497 1761 1500 1768 ¹

105 1834 198 1896 abipso
219 1833 390 1900 Lansbergio,
411 1834 493 1898 (cnjus
512 1834 580 1884 nulla
599 1843 668 1886 extat
687 1835 791 1898 epistola
810 1836 842 1884 ad
860 1835 1018 1884 Herwartum
1035 1836 1060 1882 in
1086 1835 1231 1891 collectione
1250 1840 1471 1902 manuscriptorum

105 1903 226 1965 Hermarti,
239 1920 322 1970 quam
334 1909 484 1969 inspeximus
497 1909 521 1956 in
534 1906 684 1956 bibliotheca
706 1907 872 1957 universitatis
884 1905 1052 1963 Monacensis,
1074 1905 1208 1955 liberaliter
1227 1909 1380 1958 concedente
1393 1911 1469 1972 primo

106 1976 262 2026 bibliothecae
283 1980 428 2042 inspectore
447 1977 480 2027 D.
501 1976 692 2038 Schafhaeutl),
720 1979 764 2027 sed
783 1977 814 2026 ab
834 1977 905 2035 aliis,
924 1979 965 2042 qni
983 1978 1074 2040 passim
1092 1977 1223 2026 Hermarto
1242 1979 1386 2040 retulerunt,
1406 1994 1471 2044 quse

105 2061 163 2094 nora
189 2049 248 2110 ipsis
276 2051 444 2099 innotuerunt
469 2052 494 2097 in
522 2063 617 2113 quoqne
642 2049 770 2098 literarum
796 2062 895 2113 genere.
933 2048 962 2097 ln
987 2049 1053 2098 libris
1077 2050 1262 2107 astronomicis,
1288 2065 1349 2114 qnos
1367 2050 1471 2114 posthac

105 2117 188 2180 publici
210 2121 275 2182 juris
306 2121 369 2170 fecit
387 2120 556 2185 Lansbergius
582 2117 689 2184 (primus
709 2121 815 2170 occurrit
833 2133 898 2170 anno
918 2119 1015 2169 demum
1037 2115 1120 2174 idid,
1138 2120 1286 2183 inscriptus:
1306 2121 1470 2186 Progymnas-

105 2199 192 2236 mstum
211 2193 394 2241 Astronomiae
420 2194 551 2242 restitutae
568 2190 629 2240 liber
647 2191 666 2241 1.
703 2190 744 2241 De
768 2196 837 2240 motu
856 2185 949 2251 Solis),
977 2191 1037 2240 nihil
1062 2190 1265 2253 deprehendimus
1289 2193 1318 2242 de
1341 2193 1407 2242 falsa
1428 2193 1473 2243 ills
1535 2199 1537 2208 ’

103 2257 243 2321 hypothesi,
264 2277 344 2326 quam
364 2261 451 2312 tribuit
467 2265 513 2326 ipsi
530 2261 690 2321 Hersartus,
715 2277 775 2312 nam
800 2263 826 2310 in
853 2261 899 2312 hoc
922 2263 993 2324 ipso,
1012 2277 1084 2327 quem
1103 2261 1175 2310 modo
1195 2257 1299 2313 diximus
1317 2265 1394 2323 libro,
1422 2278 1472 2314 nou

106 2339 208 2386 ,motum
228 2331 326 2394 Solis,“
356 2334 381 2382 id
409 2333 473 2397 qnod
500 2335 625 2397 inscriptio
648 2334 760 2384 indicare
785 2333 893 2388 ridetur,
913 2333 1037 2390 defendit,
1063 2333 1106 2382 sed
1132 2331 1224 2382 Terrae
1252 2341 1347 2384 motum
1374 2336 1471 2385 statuit.

105 2405 171 2450 Anno
192 2401 262 2452 1630
282 2405 446 2468 prodierunt:
468 2405 695 2456 Commentatioues
719 2407 744 2453 in
771 2409 865 2454 motum
892 2403 984 2454 Terrae
1012 2405 1125 2454 diurnum
1145 2409 1171 2452 et
1195 2418 1304 2454 annuum
1323 2405 1378 2466 dte,
1405 2421 1471 2456 anuo

106 2469 184 2520 roal:
205 2475 403 2526 Uranometriae
421 2475 476 2526 libri
494 2483 557 2536 tres,
578 2481 604 2525 et
623 2490 688 2525 auno
708 2471 794 2536 1632,
814 2476 959 2525 breviante
978 2483 1082 2526 mortem
1102 2475 1211 2524 autoris:
1230 2475 1342 2526 Tabulae
1359 2483 1471 2530 motuum

105 2545 241 2594 coelestium
276 2555 436 2611 perpetuas,
464 2563 526 2611 quas
553 2548 639 2611 paucis
666 2548 816 2612 attingemus
843 2547 868 2595 in
897 2553 983 2596 annot.
1010 2549 1043 2598 ad
1069 2547 1157 2597 librum
1185 2545 1305 2610 Kepleri':
1332 2547 1372 2598 De
1399 2547 1471 2598 Motu

107 2613 194 2665 Stellae
214 2616 319 2676 Martis,
339 2620 382 2668 ubi
401 2621 492 2682 repetit
508 2619 632 2682 Keplerus
650 2618 737 2668 laudes
755 2617 909 2683 Lansbergii.

168 2687 183 2736 J
190 2687 235 2736 ch.
257 2693 331 2738 Ant.
351 2689 403 2740 Ma
410 2691 499 2754 ginus
526 2688 591 2750 (nat
609 2689 710 2739 Patavii
729 2686 817 2749 1556,
836 2689 958 2752 professor
975 2690 1116 2740 matheseos
1134 2689 1280 2750 Bononiae,
1306 2705 1367 2740 mor.
1388 2688 1470 2752 1617)

104 2757 174 2806 edidit
192 2775 216 2808 a.
239 2756 315 2808 1589
341 2759 441 2819 ,Novus
466 2761 609 2811 coelestium
634 2762 727 2810 orbium
755 2760 889 2810 Theoricas
908 2759 1087 2818 Planetarum,
1115 2766 1278 2824 congruentes
1306 2776 1361 2810 curn
1388 2762 1469 2811 obser-

103 2830 236 2879 uationibus
257 2831 419 2895 Cepernici,“
439 2834 463 2882 in
483 2827 569 2897 quibus
596 2831 725 2895 Copernici
753 2832 851 2895 quidem
869 2831 958 2881 laudat
975 2834 1106 2887 intentum,
1125 2845 1205 2896 neque
1224 2846 1280 2880 sero
1299 2833 1387 2894 probat
1405 2833 1469 2881 illins

103 2901 181 2948 mnndi
199 2904 346 2963 rationem,
372 2909 514 2968 motumque
532 2903 625 2953 Terrae
644 2905 713 2967 qussi
734 2902 898 2961 ,absurdum“
918 2903 1012 2964 rejicit,
1033 2909 1071 2960 et,
1097 2903 1211 2951 usnmtis
1230 2902 1403 2966 multiplicibus
1423 2903 1468 2952 cir·

103 2971 158 3018 culis
185 2975 367 3030 ,excentribus
397 2982 424 3024 et
461 2974 592 3038 epicyclis‘l
618 2975 743 3024 vindicare
768 2983 872 3024 conatur
895 2974 1092 3024 immobilitatem
1121 2972 1213 3022 Terrae
1246 2975 1470 3038 astronomiamque

103 3043 231 3093 emendare
255 3046 342 3094 aecius
363 3045 491 3109 Copernici
510 3046 608 3110 reliquis
627 3045 847 3095 emendationibus.
877 3045 950 3096 Haec
968 3046 1022 3094 siue
1041 3044 1114 3094 dnbio
1132 3049 1229 3106 spectat
1240 3043 1363 3107 Keplerus
1381 3045 1469 3100 verbis,

103 3129 162 3177 quse
180 3128 263 3179 snpra
280 3119 463 3180 proposuimus,
482 3133 596 3168 necnon
615 3118 640 3164 in
658 3116 736 3165 literis
755 3117 914 3166 excusatoriis
933 3131 999 3165 anno
1020 3112 1086 3164 1596
1106 3115 1140 3164 ad
1157 3113 1299 3177 Tychouem
1318 3115 1391 3177 datis,
1409 3129 1470 3180 quas

104 3185 239 3235 addidimus
264 3187 382 3248 opusculo
403 3187 513 3246 ,Contra
530 3186 635 3238 orsum*
655 3189 760 3251 scripto,
788 3188 829 3236 ubi
849 3190 925 3238 etiam
947 3182 1079 3251 panca'de
1096 3186 1249 3236 Roeslino
1269 3187 1385 3244 diximus,
1405 3200 1470 3252 quae

105 3255 133 3304 ad
152 3256 331 3308 illustrandam
350 3259 452 3324 Kepleri
470 3260 622 3309 sententiam
640 3259 782 3308 necessaris
799 3260 853 3308 risa
870 3266 935 3308 sunt.

169 3327 200 3377 ln
226 3330 320 3379 iisdem
347 3345 409 3394 quas
438 3329 542 3380 diximus
560 3330 636 3380 literis
655 3330 688 3380 ad
706 3330 849 3392 Tychonem
868 3331 933 3380 datis
951 3330 1074 3394 Keplerus
1094 3343 1139 3389 aa,
1159 3342 1223 3394 quae
1242 3330 1274 3380 de
1299 3329 1469 3381 observatione

104 3399 187 3449 stellae
212 3401 309 3464 polaris
336 3416 411 3465 snpra
434 3401 509 3461 dicit,
536 3403 640 3450 mouisse
668 3401 763 3450 ridetur
790 3396 851 3461 (non
875 3403 988 3466 integrae
1015 3418 1040 3451 η.
1069 3407 1199 3464 supersunt
1221 3401 1279 3450 illae
1307 3402 1412 3458 literae,
1438 3414 1470 3450 ea

104 3475 198 3520 tanturn
215 3471 318 3522 illarum
336 3480 407 3536 parte
425 3478 551 3536 restante,
568 3474 593 3522 in
613 3472 711 3536 quade
730 3471 792 3522 Urso
811 3470 890 3538 agit),
915 3488 972 3522 cnm
995 3472 1079 3536 Tycho
1098 3473 1123 3522 iu
1142 3471 1247 3538 epistola
1269 3487 1343 3538 quam
1367 3469 1402 3536 [p.
1423 3467 1470 3534 17)

104 3544 285 3602 praemisimus,
305 3543 335 3593 de
355 3543 443 3593 eadem
461 3550 523 3608 agat
541 3543 718 3593 observatione.

172 3613 211 3664 De
232 3613 389 3664 Rhaetici
409 3614 583 3674 „namsdone“
604 3629 678 3677 supra
696 3615 809 3670 diximus,
827 3628 875 3664 nee
893 3629 943 3662 non
962 3628 1006 3664 cur
1022 3614 1089 3665 illam
1107 3613 1165 3664 huic
1183 3613 1244 3664 libro
1262 3628 1312 3663 non
1330 3611 1470 3664 addendam

105 3687 272 3734 censuerimus
292 3683 327 3746 (s.
346 3701 370 3750 p.
390 3683 415 3734 8.
437 3683 492 3747 25).
528 3684 614 3736 Verba
632 3685 766 3742 Rhaetici,
785 3699 850 3749 quae
868 3691 968 3748 spectat
984 3686 1116 3749 Replerus,
1135 3685 1199 3736 haec
1217 3691 1290 3734 sunt:

146 3765 152 3776 '
173 3755 263 3814 „intra
283 3770 420 3807 concavam
438 3755 593 3821 superficiem
610 3758 674 3806 orbis
692 3756 782 3806 Martis
801 3762 826 3806 et
845 3769 980 3805 convexam
999 3756 1103 3806 Veneris
1121 3771 1178 3804 cum
1196 3757 1257 3806 satis
1270 3755 1378 3818 amplum
1397 3755 1469 3806 relio-

106 3832 153 3874 tum
171 3829 203 3876 sit
223 3831 349 3892 spatium,
368 3828 469 3892 globum
488 3827 593 3877 Telluris
612 3843 668 3878 cum
687 3827 859 3890 adjacentibus
878 3827 1020 3884 elementis,
1050 3827 1108 3877 orbe
1130 3827 1225 3877 Lunsri
1244 3828 1434 3884 circumdatum,
1454 3842 1471 3877 s

106 3893 194 3961 stagno
213 3899 324 3963 quodam
344 3898 419 3956 Orbe,
438 3900 504 3948 intra
522 3913 548 3948 ee
567 3897 684 3948 Mercurii
703 3905 728 3948 et
747 3898 852 3948 Veneris
871 3899 953 3954 orbes,
972 3899 1033 3947 item
1052 3896 1134 3948 Solem
1152 3898 1345 3962 complectente,
1366 3899 1469 3948 circum·

106 3965 164 4022 ferri,
183 3978 214 4019 ut
233 3985 284 4020 ηοη
304 3969 377 4020 aliter
395 3983 426 4018 sc
443 3985 495 4020 uua
513 3985 543 4020 ex
561 3970 638 4019 stellis
656 3971 722 4020 inter
738 3969 863 4033 planetas,
881 3983 939 4018 snos
956 3975 1037 4019 motus
1055 3967 1173 4019 habeat‘*

171 4040 219 4090 iiis
239 4041 311 4091 addit
328 4041 537 4091 Maestlinus:
558 4041 647 4100 ,Hunc
665 4041 826 4105 sphaerarum
844 4039 928 4089 mundi
947 4040 1056 4090 ordinem
1075 4046 1101 4090 et
1119 4041 1302 4104 dispositionem
1320 4054 1369 4090 ηοη
1387 4054 1404 4090 a
1422 4040 1469 4089 Co·

106 4113 200 4170 pemico
220 4115 328 4176 primum
347 4113 528 4176 excogitatum,
552 4113 596 4163 sed
620 4114 652 4162 ab
680 4113 788 4177 antiquis
814 4110 962 4174 philosophis
990 4112 1109 4162 uaditam
1128 4125 1195 4169 esse,
1219 4113 1290 4162 testis
1309 4118 1347 4162 est
1365 4111 1469 4162 Archi·

106 4181 205 4232 medes
223 4184 307 4232 libello
328 4183 359 4232 de
379 4197 470 4234 arenae
488 4198 597 4244 numero,
618 4199 664 4249 quo
689 4184 720 4234 de
738 4182 925 4233 Aristarcho
944 4184 979 4233 uc
998 4183 1095 4246 scribit:
1116 4182 1213 4241 „haec
1232 4184 1257 4232 in
1276 4184 1323 4240 iis,
1349 4197 1413 4248 quaa
1439 4183 1470 4232 ab

107 4255 233 4320 ssuologis
252 4255 297 4316 (de
316 4255 416 4304 usitatis
434 4254 617 4318 hypothesibus,
637 4253 812 4320 quibusTerra
829 4253 913 4303 mnndi
927 4261 1038 4304 centrum
1056 4249 1166 4317 ponitur)
1185 4255 1278 4318 scripta
1296 4258 1366 4310 sunt,
1386 4253 1469 4301 redar-

108 4339 182 4385 guens
201 4325 365 4377 Aristarchus
385 4323 497 4383 Samius,
521 4327 655 4390 positiones
682 4325 802 4392 quasdam
821 4324 914 4381 edidit,
943 4341 974 4374 ex
999 4326 1085 4390 quibus
1109 4327 1233 4389 sequitur,
1259 4325 1375 4374 mundum
1398 4321 1470 4370 modo

106 4394 160 4444 dicti
187 4399 273 4448 mnndi
299 4396 463 4459 multiplicem
488 4412 550 4446 esse.
586 4396 661 4447 Ponit
688 4399 753 4447 enim
781 4396 867 4446 stellas
893 4397 1033 4446 inerrantes
1057 4407 1132 4460 atque
1156 4395 1238 4446 Solem
1260 4393 1396 4445 immobiles
1414 4405 1468 4454 per-

105 4478 222 4517 manere:
241 4468 348 4519 Terram
367 4481 425 4517 raro
449 4467 597 4518 circumferri
617 4471 684 4519 circa
709 4465 805 4523 Solem,
831 4467 968 4518 secundum
993 4469 1216 4520 circumferentiam
1239 4465 1339 4520 circuli,
1366 4463 1407 4527 qul
1432 4465 1471 4510 est

109 4537 227 4588 inmedio
247 4553 336 4589 numus
356 4540 513 4588 constitutus.
551 4538 688 4603 Sphaeram
712 4545 797 4589 antem
819 4539 981 4588 inerrantium
1006 4538 1151 4596 stellarum,
1177 4539 1245 4587 circa
1269 4536 1333 4584 idem
1358 4536 1470 4580 centrum

108 4621 159 4656 tum
184 4609 242 4662 Sole
263 4613 361 4670 sitam,
382 4615 469 4659 tauma
487 4625 541 4661 esse
560 4611 756 4677 magnitudinis,
776 4616 804 4658 ut
822 4609 945 4666 circulus,
973 4611 999 4658 iu
1026 4623 1073 4674 qno
1099 4611 1170 4672 ponit
1188 4609 1289 4658 Terram
1312 4599 1468 4655 circumferri·

111 4693 162 4728 eam
179 4681 273 4732 habeat
292 4681 478 4745 proportionem
496 4681 527 4731 ad
546 4682 690 4734 dhtantiam
708 4681 835 4732 stellarum
853 4682 1023 4742 inerrantium,
1042 4693 1116 4744 quarn
1135 4686 1245 4730 cestuum
1258 4673 1377 4738 opham
1388 4656 1470 4718 1111101

109 4749 139 4798 sd
156 4755 205 4814 ejus
225 4747 425 4818 superficiem““
446 4748 544 4812 (idest,
564 4767 628 4817 qnae
647 4765 804 4818 nequaqnam
822 4753 854 4800 sit
872 4748 1014 4812 sensibilis).

172 4823 299 4875 floruisse
330 4827 420 4871 autem
447 4823 614 4876 Aristarchum
643 4840 664 4876 o·
693 4838 786 4874 annum
805 4818 848 4872 11.
866 4828 923 4890 post
940 4829 1044 4872 mortem
1061 4818 1196 4870 Alexandri
1213 4814 1263 4870 Mu
1281 4811 1305 4860 h·
1325 4823 1347 4859 θ·
1367 4823 1388 4860 0·
1409 4806 1469 4859 23⁰·

156 4919 241 4974 rmus
256 4921 333 4971 open
349 4915 368 4959 r.
1241 4900 1257 4956 6
