3718 5520
669 265 827 332 armique
845 265 995 320 moron.
1446 255 1513 336 423

706 422 839 490 Thasie
862 426 951 489 xlx.

244 509 352 574 Tertia
374 531 467 576 causa
489 513 728 593 praedictionum
749 515 876 600 physica
899 523 948 578 est
961 512 1141 596 reliquorum
1164 515 1403 594 planetarum
1425 518 1514 580 uaria

158 605 274 675 natura,
301 619 377 682 quas
399 601 457 683 ipsi
481 604 598 665 colores
612 605 750 683 produnt.
797 603 864 676 Quo
878 605 944 668 loco
961 603 1170 680 erraverimus,
1196 601 1222 665 si
1237 611 1364 685 quatuor
1382 605 1512 669 usitatas

158 687 320 769 qmlitatas
348 691 428 754 inter
454 690 598 772 planetas
625 693 853 756 distribuamus.
900 693 1010 775 Frigus
1040 692 1118 753 enim
1147 700 1178 754 et
1205 691 1328 756 siccitas
1357 713 1416 756 non
1440 704 1511 758 sunt

157 777 323 858 positivae,
356 781 412 842 sed
440 780 610 860 privativae
644 781 719 844 lucis
750 791 781 846 et
810 789 958 864 cognatae
989 781 1106 844 animae
1134 781 1319 846 affectiones.
1366 781 1445 846 Nem
1467 784 1510 846 ibi

157 866 252 947 trigue
276 875 310 930 et
330 869 454 932 siccitas
479 880 528 933 est
550 887 677 944 summa,
698 871 751 934 ubi
773 872 825 934 lux
849 871 955 942 omnis,
980 871 1082 933 anima
1104 872 1201 934 omnis
1223 871 1349 952 ideoque
1373 881 1405 934 et
1427 873 1510 936 calor

156 955 252 1018 omnis
276 957 375 1021 abest.
423 957 499 1022 Gom
526 959 629 1040 itaque
658 979 696 1022 ex
724 961 808 1024 coelo
832 959 906 1022 nihil
935 960 974 1022 ad
998 977 1052 1022 nos
1076 959 1134 1022 nisi
1158 960 1209 1023 lux
1239 959 1397 1024 stellarum
1420 953 1508 1025 dela-

156 1045 252 1122 batur,
278 1047 373 1128 frigus
396 1055 479 1112 certe
503 1055 534 1111 et
557 1048 680 1112 siccitas
701 1069 757 1131 per
780 1067 848 1112 sese
871 1065 931 1112 non
955 1047 1121 1112 delabetur.

714 1138 848 1202 Thasie
870 1138 943 1201 XX.

240 1221 308 1286 Nos
339 1232 372 1286 et
398 1225 534 1288 variatas
563 1226 753 1307 planetarum
789 1225 870 1290 vires
902 1235 936 1289 et
971 1245 1125 1289 numerum
1159 1225 1248 1288 aliter
1275 1233 1307 1289 et
1339 1226 1416 1290 forte
1447 1247 1506 1293 non

154 1310 360 1375 inconcinnius
385 1313 581 1390 deducamus,
607 1333 697 1396 quam
711 1316 898 1379 Aristoteles
921 1335 977 1378 sua
1000 1322 1127 1396 quatuor
1152 1315 1301 1378 elementa
1326 1333 1366 1378 ex
1379 1325 1508 1398 quatuor

154 1400 337 1481 qualitatum
360 1403 640 1468 combinationibns.
688 1405 829 1468 Variatio
844 1405 940 1467 omnis
964 1425 983 1466 a
1000 1402 1266 1469 contrarietatibus
1285 1411 1343 1480 est,
1367 1414 1399 1467 et
1412 1407 1508 1487 prima

152 1489 311 1572 aprinris.
356 1492 491 1554 Primam
510 1495 758 1558 contrarietatem
781 1496 966 1559 Aristoteles
989 1493 1018 1556 in
1042 1492 1389 1576 metaphysicisrecipit
1412 1495 1504 1571 illam,

152 1599 228 1659 quae
247 1587 298 1642 est
320 1580 398 1643 inter
425 1581 519 1643 idem
549 1591 581 1657 et
610 1583 724 1646 aliud:
757 1583 863 1646 uolens
893 1601 985 1664 supra
1012 1582 1209 1663 geometriam
1239 1583 1331 1646 altius
1355 1590 1387 1646 et
1410 1603 1505 1664 gene-

151 1668 244 1732 ralius
274 1667 489 1750 philosophari.
544 1671 621 1735 Mihi
652 1673 792 1736 alteritas
815 1672 845 1734 iu
873 1673 984 1735 creatis
1012 1671 1096 1733 nulla
1128 1671 1247 1734 aliunde
1278 1691 1346 1734 esse
1375 1673 1504 1748 videtur,

151 1776 240 1837 quam
265 1777 304 1820 ex
327 1760 456 1822 materia
484 1765 538 1822 sut
565 1762 723 1824 occasione
755 1762 918 1835 materiae,
948 1768 982 1824 at
1003 1759 1053 1822 uhi
1081 1759 1224 1836 materia,
1258 1759 1300 1822 ihi
1328 1762 1504 1840 geometria.

151 1847 257 1928 ltaque
282 1865 373 1928 qnam
387 1849 572 1912 Aristoteles
595 1851 674 1913 dixit
694 1850 822 1932 primam
847 1851 1094 1913 contrarietatem
1116 1850 1182 1910 siue
1200 1845 1298 1912 medio
1321 1849 1401 1913 inter
1423 1850 1504 1913 idem

154 1945 185 1997 et
206 1936 311 2011 aliud,
341 1957 407 2000 eam
436 1955 493 2018 ego
516 1937 547 2002 in
575 1941 780 2020 geometricis,
813 1939 1019 2021 philosophice
1045 1937 1261 2014 consideratis,
1293 1938 1412 2001 invenio
1436 1959 1504 2002 esse

149 2025 283 2105 primam.
300 2027 419 2107 quidem
442 2029 704 2104 contrarietatem,
730 2030 784 2092 sed
808 2047 875 2092 cum
898 2028 1012 2104 medio,
1037 2028 1080 2092 sic
1104 2027 1237 2108 quidem,
1270 2035 1304 2090 ut
1327 2031 1407 2109 quod
1429 2029 1507 2092 Ari-

150 2115 341 2178 stoteli'iuit
363 2115 487 2192 aliud,
512 2136 588 2180 unus
610 2119 771 2194 terminus,
797 2138 865 2181 eum
888 2136 943 2180 nos
967 2119 996 2180 in
1020 2117 1102 2198 plus
1126 2123 1158 2179 et
1180 2115 1310 2192 minus,
1342 2119 1418 2180 duos
1441 2125 1508 2180 ter-

150 2203 243 2268 minos
280 2203 464 2267 dirimamus.
519 2204 596 2270 Cum
629 2225 702 2288 ergo
734 2207 902 2287 geometria
937 2206 996 2269 toti
1028 2206 1137 2268 mundo
1170 2205 1302 2268 creando
1333 2207 1508 2286 praebuerit

149 2293 318 2374 exemplar,
342 2311 401 2356 non
424 2294 527 2375 inepte
550 2296 626 2358 haec
649 2297 835 2377 geometrica
858 2297 1060 2360 contrarietas
1084 2295 1123 2358 ad
1148 2302 1286 2357 ornatum
1309 2295 1427 2374 mundi,
1457 2297 1505 2380 qni

148 2383 290 2446 consistit
312 2383 342 2445 in
365 2381 493 2446 vadatis
515 2384 705 2467 planetarum
722 2385 847 2459 viribus,
871 2393 1039 2448 concurret.

702 2474 837 2536 Thesis
859 2473 972 2536 XXh

233 2558 301 2623 Sed
325 2578 392 2624 cnm
414 2559 445 2622 hi
468 2561 606 2624 termini:
631 2561 719 2639 idern,
745 2563 837 2640 aliud,
862 2563 998 2643 aequale,
1022 2559 1100 2640 plus,
1126 2557 1239 2636 minus,
1263 2575 1318 2639 per
1341 2579 1409 2623 sese
1432 2557 1507 2624 nihil

149 2649 337 2730 significent,
372 2649 409 2711 de
437 2649 581 2730 subjectis
614 2651 688 2732 ipsis
718 2652 913 2731 cogitandum
941 2658 999 2713 est.
1047 2646 1194 2728 Subjecta
1224 2656 1339 2724 autem,
1372 2669 1427 2711 seu
1456 2670 1505 2712 res

150 2739 318 2813 naturales,
344 2737 450 2820 quihus
475 2740 533 2800 hae
556 2747 731 2822 competant
753 2740 989 2816 enunciationee,
1014 2737 1084 2799 iude
1099 2738 1255 2800 habentur.
1302 2738 1506 2817 Proposuerat

150 2829 204 2890 sibi
228 2825 382 2891 Conditor
405 2827 648 2907 sapientissimus
671 2829 812 2892 mundum
836 2827 1020 2891 constituere
1044 2843 1228 2906 corporeum.
1275 2825 1407 2888 Primum
1433 2846 1506 2909 ergo

149 2925 236 2999 atque
260 2922 436 2980 creaturam
451 2918 599 2996 concepit,
624 2919 785 2986 materiam
809 2918 956 2998 concepit,
981 2934 1071 2996 quam
1096 2933 1134 2976 ex
1147 2915 1233 2976 Mose
1258 2915 1370 2978 scimus
1385 2935 1502 2998 equam,

154 3007 206 3068 hoc
231 3013 296 3082 est,
322 3003 490 3082 humidam,
515 3007 723 3084 tractabilem,
757 3008 879 3070 fictilem
903 3005 1007 3070 luisse.
1053 3003 1138 3066 Haec
1161 3022 1233 3083 ergo
1257 3023 1318 3065 nna
1340 3023 1389 3066 res
1412 3013 1503 3068 natu-

149 3094 219 3158 ralis
242 3102 313 3166 est,
342 3095 447 3156 humor
470 3095 597 3159 scilicet.
643 3097 689 3159 At
718 3115 777 3159 uon
800 3095 920 3159 suffecit
943 3093 1092 3157 conditori
1120 3110 1228 3174 corpus
1252 3091 1369 3169 mundi,
1393 3093 1451 3156 nisi
1474 3094 1505 3156 id

150 3193 181 3246 et
203 3183 358 3247 conditori
380 3183 467 3246 lieret
490 3185 706 3265 quodammodo
731 3185 845 3261 simile,
877 3189 1020 3263 suscepta
1043 3181 1106 3243 vita
1130 3187 1162 3243 et
1184 3188 1276 3243 motu.
1323 3181 1409 3245 Haec
1432 3201 1504 3264 ergo

148 3273 243 3336 altera
265 3291 320 3336 res
344 3279 407 3334 est:
440 3273 506 3336 vita
529 3273 656 3354 seilicet.
707 3275 777 3337 Jam
808 3273 878 3354 quia
908 3274 945 3334 de
979 3271 1136 3333 stellarum
1160 3269 1273 3333 viribus
1304 3270 1503 3351 disputamus,

147 3381 219 3442 quas
242 3369 391 3424 exercent
412 3360 444 3423 in
466 3362 514 3425 his
537 3363 745 3426 inferioribus:
770 3361 1037 3437 considerandum,
1083 3360 1204 3422 uiduam
1227 3380 1246 3420 a
1269 3359 1368 3423 stellis
1391 3361 1430 3424 ad
1449 3380 1505 3423 nos

148 3451 326 3514 descendat.
372 3450 441 3513 Non
469 3453 599 3514 materia
626 3453 675 3515 vel
705 3470 811 3532 corpus
834 3453 949 3532 ipsum3
980 3448 1082 3512 nami
1128 3456 1177 3510 est
1200 3456 1292 3511 autea
1318 3467 1412 3529 penes
1435 3470 1501 3516 nos.

147 3539 213 3602 Non
236 3541 307 3602 vita
329 3538 398 3621 ipsa
420 3540 623 3621 originaliter:
649 3541 727 3603 hanc
750 3542 828 3604 enim
851 3541 976 3603 trahunt
998 3537 1133 3600 viventia
1152 3537 1253 3599 omnia
1276 3556 1313 3599 ex
1337 3537 1504 3619 agitatione

147 3629 279 3704 animae,
313 3647 390 3709 quae
423 3629 453 3690 iu
480 3629 555 3710 ipsis
580 3637 638 3692 est.
685 3625 811 3693 Scilicet
837 3649 897 3692 uon
926 3635 1073 3710 generant
1102 3627 1221 3702 stellae,
1256 3627 1310 3688 sed
1344 3627 1499 3708 adjuvant.

148 3717 223 3780 Sunt
247 3736 322 3798 ergo
347 3738 367 3780 a
388 3725 476 3797 parte
498 3719 700 3783 instrumenti.
747 3717 997 3782 Instrumentales
1020 3715 1113 3796 igitur
1127 3715 1291 3797 qualitates
1315 3717 1402 3780 nobis
1425 3736 1501 3797 sup-

148 3808 305 3882 peditant:
331 3807 406 3869 duas
430 3807 469 3870 ad
493 3808 616 3870 duarum
640 3827 741 3870 rerum
764 3807 944 3870 naturalium
966 3823 1134 3868 nnmerum:
1160 3806 1199 3866 ad
1217 3805 1363 3868 materiae
1382 3813 1502 3868 tracta-

151 3895 302 3958 bilitatem
324 3895 518 3959 humectandi
542 3896 572 3959 vi
594 3897 759 3977 pollentes,
784 3897 928 3960 advitae
952 3901 985 3958 et
1006 3901 1105 3956 motus
1130 3895 1276 3968 fomenta,
1302 3894 1501 3958 calfaciendi:

148 3992 304 4066 utramque
333 3983 471 4048 obtinent
502 3993 534 4047 et
557 3994 700 4049 exercent
727 3985 872 4048 beneficio
896 3984 984 4061 lucis,
1010 4002 1098 4063 quem
1127 3983 1282 4045 obtinuere
1313 3991 1346 4046 et
1375 3987 1414 4048 ad
1446 4002 1502 4046 uos

144 4073 257 4154 jugiter
280 4071 454 4136 demittunt.
501 4075 594 4138 Lucis
616 4076 710 4156 igitur
731 4074 854 4156 propria
877 4073 1017 4154 qualitas,
1043 4077 1191 4152 qnatenus
1211 4073 1263 4134 lux
1277 4079 1334 4150 eet,
1360 4074 1502 4138 cellectio

149 4171 207 4226 est:
231 4163 313 4226 lucis
334 4179 415 4239 vero,
441 4170 587 4245 quatenus
611 4163 785 4241 reflectitur,
810 4163 941 4244 qualitas
964 4169 1013 4224 eet
1035 4160 1229 4224 humectatio.
1245 4155 1288 4234 )

695 4253 828 4316 Thasie
850 4252 955 4316 XXII.

232 4341 323 4403 Duas
345 4359 418 4422 ergo
443 4341 607 4406 facultates
630 4341 790 4406 habemus:
815 4341 1027 4404 caliactionem
1050 4346 1082 4401 ot
1103 4339 1369 4414 humectationem,
1394 4340 1425 4403 in
1445 4342 1502 4403 tri-

149 4430 216 4508 plici
230 4429 399 4512 quamlibet
413 4429 594 4508 discrimine,
620 4451 755 4508 excessu,
780 4430 997 4504 mediocritate,
1018 4427 1149 4491 deiectu.
1197 4427 1372 4504 Videamus,
1390 4437 1503 4510 quanta

150 4520 281 4582 varietas
311 4519 381 4582 inde
406 4525 559 4600 sequatur.
604 4521 742 4584 Primum
769 4526 897 4602 possunt
926 4537 993 4581 esse
1017 4518 1172 4580 solitariae
1202 4518 1385 4580 facultates:
1419 4518 1502 4581 calor

150 4607 177 4668 in
200 4624 340 4684 excessu,
364 4608 583 4685 mediocritate,
608 4611 737 4676 delectu.
785 4607 978 4673 Humeotatio
996 4606 1027 4669 in
1042 4619 1179 4684 excessu,
1203 4605 1419 4679 mediocritate,
1446 4607 1501 4669 de-

152 4696 238 4760 iectu.
285 4695 348 4759 Hic
370 4703 441 4759 snut
464 4697 650 4762 differentiae
673 4717 738 4762 sex.
784 4697 900 4761 Deinde
925 4715 963 4760 ex
985 4695 1205 4759 combinatione
1228 4693 1381 4772 utriusque
1403 4693 1502 4758 facul-

151 4785 222 4850 tatis
243 4785 594 4853 muner-otteramno
616 4805 734 4864 nevere,
758 4787 838 4870 quod
862 4803 901 4849 ex
922 4786 1038 4849 tabella
1059 4791 1147 4867 patet
1169 4783 1293 4848 insonus
1316 4780 1430 4862 posita.
