3586 5518
294 247 357 318 ses
534 206 538 216 ’
802 246 917 312 uoce
934 243 1136 314 commuue

292 407 326 506 5)
349 418 473 506 centrum
492 411 572 484 placi
592 409 695 465 cubici:
719 415 855 480 eruntque
876 408 976 466 talium
995 408 1129 467 lineorum
1149 423 1210 476 sex,
1234 415 1264 464 et
1286 408 1356 464 situs
1379 408 1499 481 undique
1522 408 1651 478 sibiipsi

290 493 395 638 wmhil
416 571 486 634 Quia
499 570 528 626 in
540 570 683 642 pyramide
697 587 747 640 per
761 569 833 624 hunc
847 566 975 622 vitiosum
989 567 1071 624 situm
1086 567 1307 638 impedimun‘ut
1319 569 1408 626 media
1422 570 1515 626 laissa
1527 587 1650 641 nequea-

291 670 350 708 m
368 669 500 798 suffic
515 747 582 785 sane
597 729 682 784 etiam
701 729 728 782 in
747 727 891 800 pyramide
913 727 1087 782 invenientur
1106 735 1225 798 quatuor
1243 729 1334 784 media
1351 729 1460 798 latera3
1471 691 1473 698 v
1486 736 1553 784 tnnc
1566 729 1652 786 etism

289 813 359 870 situs
373 813 526 885 figurarum
539 811 566 864 in
581 826 611 864 se
625 815 720 865 mutuo
733 809 865 878 respiciet
877 809 957 880 leges
972 807 1179 878 inscriptionum
1191 809 1431 880 geonecieerum.

369 889 392 958 l)
416 893 479 946 Non
497 896 614 960 possunt
634 889 746 959 inquam
764 905 916 960 congruere
937 889 1030 942 latera
1043 888 1123 942 unius
1138 888 1230 944 omnia
1242 890 1379 946 lateribus
1395 890 1520 955 alterius,
1541 889 1652 946 minime

289 972 406 1028 omnium
420 971 580 1044 pyramidis.
623 968 735 1024 Scilicet
757 968 817 1024 ideo
832 984 953 1040 congrue
977 967 1043 1038 poni
1064 985 1119 1022 non
1139 977 1264 1038 possunt,
1288 969 1353 1041 quia
1376 969 1483 1026 initium
1504 969 1652 1041 positionis

288 1071 342 1110 uon
357 1053 460 1108 iactum
474 1059 520 1106 est
532 1050 673 1122 regulare.

367 1146 408 1219 m)
431 1149 484 1204 Hic
505 1147 630 1220 equidem
653 1147 794 1219 legdtimus
817 1151 932 1204 duorum
950 1149 1049 1205 luorum
1069 1163 1213 1218 corporum
1234 1150 1304 1203 situs
1318 1155 1364 1202 est
1383 1149 1419 1202 ad
1438 1165 1468 1202 se
1486 1155 1598 1203 mutuo:
1622 1155 1654 1204 st

288 1232 412 1286 octaedri
426 1229 504 1294 situs,
520 1228 566 1300 qui
580 1229 620 1284 sic
634 1228 804 1292 adsciscitur,
820 1229 982 1303 illegitimus
996 1237 1050 1285 est.

366 1323 396 1392 n)
423 1327 538 1383 Omnino
553 1327 641 1380 multe
655 1332 772 1388 restent,
789 1341 844 1397 quo
857 1326 946 1382 minus
957 1327 1015 1380 tec
1029 1325 1119 1380 dicere
1135 1325 1279 1396 possimus.
1321 1323 1392 1380 Nam
1406 1323 1484 1387 situs,
1509 1323 1557 1394 qui
1570 1323 1651 1393 polos

286 1407 332 1462 tie
346 1407 450 1479 signat.
470 1405 634 1480 illegitimus
648 1412 700 1459 est
743 1407 886 1468 Quatenus
900 1421 966 1460 vero
986 1406 1014 1460 in
1029 1408 1144 1468 duobus,
1169 1407 1340 1460 dodecsddre
1354 1411 1384 1460 et
1402 1403 1556 1467 ieosaddro,
1581 1403 1651 1458 situs

286 1497 332 1543 est
345 1487 494 1559 legitimus,
511 1486 624 1540 totidem
639 1493 757 1555 possunt
769 1503 830 1540 esse
839 1486 906 1557 poli,
929 1493 997 1557 quot
1011 1487 1108 1558 anguli
1126 1487 1216 1557 hujus,
1240 1486 1328 1556 plana
1340 1484 1424 1547 illius,
1444 1482 1589 1538 duodecim
1602 1500 1651 1546 se,

288 1583 373 1639 quare
392 1583 480 1621 zonae
503 1566 682 1620 intermediae
703 1583 763 1621 sex.
804 1567 895 1622 Erunt
912 1567 1000 1640 igitur
1014 1567 1111 1621 incerti
1124 1568 1267 1638 planetae,
1289 1581 1418 1637 quorsum
1437 1571 1511 1618 eant
1555 1563 1587 1618 ln
1601 1579 1652 1634 geh

287 1663 353 1702 nere
368 1647 465 1702 obstat
477 1647 537 1710 lroo,
554 1647 624 1716 quod
638 1646 745 1718 dgurse
761 1645 833 1702 isias
847 1645 919 1701 reali
933 1647 988 1701 situ
1003 1645 1124 1716 partium
1139 1649 1174 1701 sd
1189 1662 1220 1699 se
1233 1653 1328 1700 mutuo
1348 1661 1402 1699 non
1416 1652 1483 1700 suut
1496 1659 1651 1713 expressae

287 1729 315 1782 in
333 1728 441 1791 mundo,
465 1728 512 1780 sed
535 1727 623 1780 solum
641 1726 784 1796 proportio
803 1727 909 1781 orbium
931 1727 1091 1798 figuralium
1112 1727 1195 1781 exiis
1217 1728 1344 1780 desumta
1365 1723 1392 1778 in
1412 1726 1493 1778 orbes
1512 1723 1652 1777 coelestes

287 1807 341 1863 luit
354 1807 495 1862 translata
504 1822 686 1876 numerusque
698 1805 804 1860 orbium
823 1823 841 1861 a
857 1807 954 1878 liguris
970 1806 1146 1862 constitutos.
1187 1807 1301 1861 Baetim
1316 1804 1403 1876 igitur
1423 1805 1496 1859 hanc
1510 1803 1652 1874 qnaosdo·

288 1903 362 1942 nem:
385 1903 445 1942 cur
467 1888 557 1942 hanc
575 1887 703 1957 potius,
725 1902 827 1958 quam
848 1886 1223 1942 aliomviamcurrant
1242 1887 1428 1958 planetas,
1450 1891 1484 1938 ut
1502 1885 1652 1938 absurdam

286 1967 456 2039 repellimus.
498 1967 569 2020 Nam
583 1982 644 2020 eum
662 1973 739 2020 esset
752 1969 779 2020 in
793 1966 946 2022 intentione
960 1967 1013 2021 Dei
1032 1967 1158 2030 ninculus,
1182 1967 1300 2021 motibus
1322 1965 1499 2035 planetarum
1519 1979 1650 2018 neeessa-

285 2047 351 2111 rius,
374 2047 416 2101 illi
429 2049 506 2100 Deus
530 2061 580 2117 per
594 2045 774 2101 intentionem
794 2045 945 2101 constituto
964 2047 1110 2102 materiale
1129 2055 1159 2100 et
1182 2047 1325 2100 stellatum
1348 2045 1522 2115 sphaericum
1536 2044 1650 2097 circnm-

283 2127 363 2199 Jecit.
406 2125 464 2181 Nec
482 2125 619 2182 dubitatio
639 2125 734 2196 aliqua
746 2127 837 2182 Deum
857 2128 894 2180 ab
914 2141 997 2196 opero
1020 2127 1144 2191 retinuit
1169 2130 1222 2198 qne
1236 2127 1325 2181 minus
1347 2124 1455 2179 initium
1473 2123 1535 2192 ejus
1557 2123 1651 2178 faeere

287 2213 391 2278 posset,
411 2205 490 2278 quasi
504 2206 564 2259 sine
577 2205 699 2267 tatinum
721 2223 785 2261 nam
798 2214 866 2262 tune
878 2221 977 2277 corpus
991 2207 1097 2262 mulum
1115 2207 1335 2277 praeexistebat,
1360 2204 1439 2274 eujus
1461 2204 1510 2258 ille
1529 2203 1652 2273 partium

286 2293 417 2356 respectu
439 2285 588 2340 dubitaret
631 2286 757 2356 Spatium
780 2301 845 2341 vero
869 2286 928 2341 sine
952 2303 1065 2357 corpore
1086 2301 1158 2356 pura
1171 2294 1216 2340 est
1237 2286 1365 2356 negatio:
1391 2283 1515 2354 satisque
1532 2281 1651 2338 rationis

287 2372 332 2421 est
345 2366 380 2421 sd
394 2364 549 2420 laciendum
563 2363 669 2420 initium
692 2366 720 2420 in
734 2365 839 2421 infinito
863 2365 958 2430 nihilo,
981 2367 1026 2420 rel
1050 2367 1176 2438 cogitare
1201 2367 1300 2421 leviter
1322 2367 1355 2419 de
1370 2365 1477 2435 aliquo:
1502 2365 1562 2418 tale
1577 2363 1651 2418 onim

287 2447 440 2517 cogitetum
459 2445 520 2514 jam
543 2446 638 2500 statim
661 2446 772 2502 induitis
796 2447 881 2502 modis
896 2453 940 2501 est
960 2447 1158 2517 praestantius,
1184 2446 1290 2518 relique
1310 2444 1415 2499 induite
1430 2461 1484 2498 non
1499 2450 1574 2508 actu,
1600 2461 1651 2498 nec

286 2525 428 2589 existenti,
443 2544 494 2580 nec
508 2525 649 2597 cogitate,
670 2525 752 2582 etsie
765 2527 842 2596 prius
856 2529 905 2584 illo
926 2535 957 2582 et
970 2526 1048 2582 initio
1062 2535 1168 2596 aptum.
1209 2528 1306 2596 Neque
1316 2543 1382 2580 vero
1396 2524 1499 2594 primus
1510 2540 1565 2595 ego
1581 2541 1649 2586 sum,

287 2607 334 2679 qui
357 2624 400 2660 me
420 2607 509 2675 ipsum
529 2606 583 2662 hac
607 2605 697 2661 inutili
711 2606 874 2676 quaestione
894 2606 1030 2679 fatigavi:
1053 2624 1111 2662 eur
1135 2607 1282 2662 seilicet
1305 2607 1370 2660 hac
1391 2605 1580 2660 traductus
1605 2603 1652 2658 sit

288 2686 470 2750 zodiacus,
496 2704 567 2740 cum
589 2686 747 2756 potuerit
770 2687 860 2752 alia,
890 2687 979 2742 locis
1002 2686 1187 2741 infinitis?
1229 2685 1354 2740 invenias
1379 2684 1495 2738 similem
1514 2683 1600 2752 liujus
1624 2683 1650 2736 in

286 2766 418 2821 Aristot:
434 2782 491 2820 cur
505 2765 592 2820 hono
606 2766 722 2836 petius
736 2765 770 2820 in
785 2768 926 2840 pingam
945 2774 1029 2822 eant
1046 2767 1232 2836 planetae,
1255 2783 1354 2838 quam
1373 2765 1406 2818 in
1420 2763 1498 2834 ejus
1513 2772 1651 2818 contra·

285 2846 387 2902 riam?
428 2846 499 2900 Nam
513 2864 547 2899 ne
562 2843 606 2900 lric
621 2846 728 2916 quidem
741 2846 814 2900 ratic
829 2855 874 2902 est
886 2848 946 2904 ulla
959 2846 1039 2902 unius
1062 2862 1131 2917 prae
1145 2847 1245 2910 altero,
1269 2864 1329 2900 cum
1348 2843 1434 2900 omnis
1449 2843 1533 2906 lines,
1558 2843 1651 2915 longi·

287 2925 388 2982 tudinis
403 2925 567 2988 conditione,
589 2927 656 2980 duas
672 2927 799 2992 obtineat
811 2927 923 3000 plegae,
939 2944 1010 2998 quae
1025 2934 1091 2982 sunt
1104 2927 1219 2982 inrecta
1239 2943 1334 2980 versus
1349 2927 1416 2979 duos
1431 2922 1492 2993 ejus
1509 2925 1650 2980 tenniuos.

286 3007 404 3060 Fatetur
426 3004 534 3076 quidem
558 3005 595 3058 ibi
610 3005 776 3061 Aristoteles
801 3007 828 3059 in
847 3025 959 3079 genere,
985 3025 1038 3060 non
1053 3005 1170 3061 omniurn
1191 3007 1314 3061 rationes
1338 3008 1433 3058 ecdem
1452 3006 1531 3058 modo
1554 3003 1652 3076 quaeri

287 3103 382 3156 posse:
408 3085 532 3140 adoritur
556 3093 649 3140 tamen
673 3085 863 3158 quaestionem
885 3087 971 3140 hanc:
996 3094 1125 3142 naturam
1140 3087 1183 3141 ait
1203 3086 1275 3140 inter
1294 3085 1440 3156 possibilia
1454 3100 1565 3155 semper
1579 3085 1651 3155 quod

287 3165 419 3236 optimum
438 3165 558 3235 eligere:
583 3165 680 3222 melius
699 3182 765 3220 vero
785 3183 855 3232 esse,
879 3171 912 3220 ut
932 3167 1058 3222 ferantur
1079 3166 1171 3221 sidero
1193 3167 1220 3221 iu
1243 3167 1359 3238 plegem
1381 3164 1547 3237 digniorem
1573 3165 1652 3236 atqui

286 3245 440 3314 digniorem
453 3262 514 3300 esse
528 3245 644 3318 plagam
657 3263 791 3316 prorsum,
814 3264 896 3318 quam
909 3255 1068 3302 retrorsum.
1105 3245 1239 3302 Ridicule.
1277 3246 1348 3302 Nam
1368 3245 1442 3315 prius
1462 3260 1546 3315 quom
1560 3253 1652 3300 motus

283 3331 369 3388 esset,
385 3331 486 3379 neutra
500 3326 597 3397 plaga,
619 3343 708 3396 neque
722 3343 856 3396 prorsum,
880 3344 970 3398 neque
992 3333 1143 3382 retrorsum
1167 3327 1325 3387 dicebatur;
1347 3323 1510 3395 principium
1530 3325 1651 3394 petitur.

286 3407 446 3475 Argutotur
459 3405 566 3475 quidem
585 3421 603 3459 a
617 3405 793 3460 similitudine
807 3407 898 3462 mundi
913 3424 974 3462 cum
995 3407 1168 3469 animalibus,
1189 3405 1321 3461 animalia
1335 3423 1396 3460 cum
1415 3403 1511 3475 plagis
1526 3403 1586 3458 suis
1601 3423 1652 3460 sex

285 3485 374 3538 ideam
388 3485 480 3540 mundi
494 3492 631 3540 statuens.
672 3485 758 3556 Atqui
772 3503 879 3541 rursum
893 3485 1056 3558 principium
1070 3487 1183 3556 petitur.
1225 3487 1328 3540 Demus
1350 3483 1423 3540 enim
1445 3485 1576 3546 mundum
1590 3504 1652 3540 esse

286 3566 391 3620 loetum
412 3567 447 3619 ad
466 3565 670 3621 similitudinem
691 3565 831 3629 animalis;
856 3567 930 3622 dicat
952 3567 1040 3638 igitur
1056 3565 1132 3637 prius
1152 3569 1186 3620 de
1201 3565 1261 3636 ipso
1276 3564 1396 3630 animoli,
1419 3581 1467 3618 cur
1490 3564 1545 3618 lroc
1558 3565 1602 3619 illi
1616 3564 1653 3620 sit

284 3661 418 3715 prorsum,
433 3645 502 3700 illud
516 3652 683 3707 retrorsum
706 3654 737 3700 et
750 3653 804 3701 non
813 3645 948 3708 vicissim
969 3647 1022 3702 hoc
1036 3651 1088 3710 est,
1109 3663 1157 3701 cur
1171 3645 1242 3700 oculi
1257 3646 1392 3716 auresque
1412 3651 1442 3698 et
1456 3661 1539 3698 nares
1555 3652 1586 3700 et
1600 3645 1650 3699 liu·

283 3741 343 3796 gua
363 3731 393 3780 et
406 3743 436 3780 os
461 3742 556 3782 versus
570 3725 719 3796 imaginem
739 3727 767 3780 in
781 3720 899 3796 speculo
909 3727 1072 3798 dirigantur,
1093 3725 1275 3790 brachiorum,
1298 3741 1425 3780 manuum
1445 3725 1651 3796 digitorumque

284 3803 394 3858 articuli
417 3806 542 3859 illorsum
563 3805 718 3869 flectentur,
742 3807 843 3875 pedum
865 3807 977 3877 polmae
1000 3807 1126 3862 illorsum
1149 3807 1345 3868 extendantur,
1371 3809 1400 3858 et
1419 3821 1474 3859 nen
1489 3805 1593 3874 potius,
1619 3813 1650 3858 ut

282 3883 411 3954 imaginis
425 3885 453 3940 in
467 3885 581 3954 speculo
595 3887 717 3940 membra
732 3887 836 3949 eadem,
860 3893 1033 3942 retroversus
1048 3885 1197 3942 hominem:
1222 3885 1315 3956 potuit
1328 3884 1401 3940 enim
1419 3884 1504 3939 etiam
1519 3885 1560 3938 sic
1575 3885 1648 3940 deri:

282 3963 335 4018 hoc
357 3971 410 4026 est,
435 3963 528 4035 potuit
542 3981 596 4028 cor,
612 3966 683 4035 quod
697 3982 769 4022 nuuc
783 3972 828 4020 est
849 3965 878 4020 in
892 3967 1014 4031 sinistra,
1040 3966 1172 4021 collocari
1193 3965 1309 4028 insede,
1335 3965 1418 4036 quoin
1431 3981 1503 4018 nunc
1517 3973 1650 4034 putamus

283 4045 419 4098 dextram
460 4043 500 4098 Et
516 4049 548 4100 ut
561 4051 670 4100 constet
683 4045 755 4099 ratio
769 4045 797 4100 in
811 4046 864 4100 hac
877 4047 941 4101 ideo
954 4045 1053 4110 mundi,
1077 4047 1160 4118 quid?
1183 4063 1220 4100 an
1234 4062 1288 4100 nou
1303 4062 1392 4116 aeque
1410 4043 1494 4098 facile
1508 4045 1652 4100 contraria

282 4121 374 4194 potuit
388 4123 448 4191 eJus
471 4125 506 4178 od
521 4125 614 4178 latera
636 4125 727 4180 mundi
750 4125 809 4180 fieri
832 4126 1003 4196 applicatio?
1024 4125 1088 4198 quid
1111 4125 1260 4197 impedivit,
1286 4142 1339 4198 quo
1353 4124 1441 4179 minus
1456 4125 1601 4182 sinistram
1617 4127 1651 4182 ad

283 4200 422 4260 men'diem
436 4205 571 4265 tenderet,
587 4206 716 4259 dextram
730 4207 766 4259 ad
780 4207 1006 4276 septentrionem.
1027 4207 1136 4277 quondo
1150 4208 1253 4277 plagas
1268 4203 1359 4261 mundi
1374 4205 1474 4260 metari
1485 4203 1571 4276 jussa
1585 4211 1651 4260 esti
1673 4201 1678 4226 ¹

283 4280 323 4338 sic
340 4281 413 4338 enim
433 4282 532 4338 faciem
550 4283 682 4340 vertisset
695 4283 723 4338 in
736 4285 861 4356 plagam,
886 4303 958 4356 quae
973 4285 1051 4341 nobis
1066 4303 1138 4340 nuuc
1152 4302 1266 4340 occasus
1285 4284 1399 4348 dicisum
1423 4285 1462 4338 sic
1480 4286 1650 4340 contrariam

283 4361 375 4417 sidera
387 4362 505 4432 plagam
517 4380 644 4432 prorsum
657 4363 829 4428 habuissent,
853 4364 881 4418 in
901 4381 982 4436 quam
1001 4365 1119 4422 motibus
1140 4365 1196 4418 suis
1220 4367 1375 4421 tenderent.
1419 4365 1534 4420 Rectius
1555 4366 1650 4438 itaque

283 4441 485 4512 supersedisset
504 4441 672 4498 Aristoteles
692 4443 829 4499 solutione
853 4444 936 4514 hujus
952 4445 1064 4515 ineptae
1080 4444 1263 4516 quaestionis,
1287 4461 1355 4498 suae
1370 4444 1455 4515 ipsius
1471 4443 1649 4500 admonitioni

283 4523 489 4593 obtemperans.
518 4519 589 4576 Nem
603 4521 676 4578 inter
690 4539 738 4586 ea,
754 4540 825 4594 quae
840 4523 932 4580 omnia
945 4543 982 4578 ex
998 4541 1087 4597 aequo
1102 4526 1264 4594 contingere
1279 4530 1402 4593 possent,
1426 4532 1530 4580 natura
1544 4527 1649 4580 nullam

281 4601 388 4658 invenit
401 4601 522 4656 melioris
537 4607 567 4656 et
580 4602 725 4672 deterioris
741 4603 913 4668 electionem,
938 4605 991 4658 hoc
1005 4605 1075 4659 enim
1090 4605 1207 4660 involvit
1225 4603 1478 4659 contradictionem.
1523 4605 1648 4668 Quinimo

282 4680 321 4734 sie
335 4688 575 4754 argumentemur:
599 4699 659 4737 cum
674 4700 722 4737 ens
739 4699 792 4737 non
807 4689 872 4738 ente
885 4691 1021 4754 praestet,
1042 4686 1160 4740 nondum
1173 4683 1261 4756 igitur
1274 4683 1414 4740 existente
1428 4686 1538 4748 mundo.
1564 4701 1647 4756 quae-

282 4776 388 4834 eunque
403 4761 464 4832 ejus
478 4762 568 4836 plaga
581 4777 666 4832 prosa
679 4768 815 4832 concepta
828 4761 882 4818 itus
895 4763 982 4828 initio,
1006 4763 1057 4818 illa
1074 4765 1194 4836 potiores
1217 4781 1289 4820 nunc
1303 4781 1341 4818 ex
1354 4780 1407 4820 sus
1419 4771 1502 4836 parte
1524 4765 1646 4820 rationes
