3698 5516
768 239 855 298 cenos
873 245 969 324 Usum.
1485 249 1548 317 241

247 397 341 470 Quid
367 400 492 482 igitur,
521 423 557 466 an
580 423 638 465 non
670 403 848 468 alterutram
876 405 1087 488 hypothesium
1110 406 1192 469 circa
1213 406 1341 486 primum
1364 415 1478 472 motum
1501 411 1551 484 (ut

175 490 306 568 exemplo
332 491 523 572 loquamur)
547 493 655 555 salsam
679 513 747 556 esse
771 513 896 556 necesse
921 501 978 567 est,
1005 503 1157 568 amcam,
1182 514 1258 575 quae
1274 497 1398 559 Terram
1421 497 1467 560 ait
1480 518 1549 560 mo-

179 579 234 639 reri
254 579 344 640 intra
368 581 513 650 coelum,
542 589 595 643 aut
616 601 693 657 earn,
718 601 795 663 qnae
819 582 934 645 coelum
956 583 1022 645 vult
1050 583 1151 664 gyrari
1175 585 1256 646 circa
1278 585 1421 648 Terram?
1467 585 1549 648 Sane

142 723 146 728 .
184 669 205 729 si
225 668 478 730 contradictoria
500 669 585 731 simul
609 688 681 732 vera
704 680 855 752 nequeunt
871 690 948 745 esse,
973 690 1068 751 neque
1084 672 1158 733 haec
1174 673 1230 734 duo
1246 673 1334 735 simul
1352 692 1425 737 vera
1446 682 1549 748 erunt;

185 757 234 818 sed
257 757 392 818 alterum
418 757 541 819 omnino
574 759 693 821 falsum.
739 760 785 820 At
812 767 938 839 utroque
969 760 1056 822 modo
1086 760 1164 822 idern
1193 761 1230 822 de
1260 762 1355 840 primo
1386 770 1469 824 motu
1493 763 1547 824 de·

185 852 380 908 monstratur.
419 845 566 908 ,Eaedem
593 855 756 927 sequnntur
786 847 937 927 signorum
969 848 1166 924 emersiones,
1192 849 1284 910 iidem
1308 850 1383 926 dies,
1409 859 1493 912 ortus
1518 859 1550 912 et

186 953 309 996 occasus
335 935 512 1008 stellarum,
547 936 670 997 eaedem
694 935 857 1016 qualitates
887 936 1029 998 noctium.
1080 936 1129 997 Ex
1158 937 1236 999 lelso
1266 939 1357 1018 igitur
1390 957 1484 1018 aeque
1513 957 1550 1000 ac

186 1043 221 1086 ex
242 1042 316 1084 vero
341 1041 447 1084 verum
472 1024 625 1103 sequitur?
670 1024 793 1086 Minime
818 1025 962 1104 gentium.
1008 1025 1076 1087 Non
1092 1025 1169 1086 enim
1189 1026 1274 1102 haec,
1299 1046 1374 1107 quae
1398 1028 1550 1090 recensita

186 1121 254 1173 sunt
286 1118 320 1173 et
351 1111 435 1173 mille
460 1112 535 1185 alia,
564 1113 612 1174 vel
635 1121 757 1193 propter
780 1113 892 1175 Terrae
924 1113 973 1174 vel
1004 1121 1129 1193 propter
1151 1111 1228 1177 coeli
1257 1124 1371 1177 moturn
1395 1115 1567 1194 eveniunt,

185 1209 336 1282 quatenns
360 1201 387 1261 is
412 1200 525 1264 Terrae
548 1201 597 1263 vel
621 1201 695 1263 coeli
715 1211 813 1263 motus
838 1211 904 1264 est:
935 1202 988 1263 sed
1011 1210 1160 1282 quatenns
1189 1203 1350 1266 intercedit
1373 1204 1452 1266 inter
1476 1222 1548 1266 coe·
1658 1202 1662 1207 “

186 1291 244 1350 lum
270 1297 303 1351 et
326 1290 453 1350 Terram
479 1289 579 1370 aliqua
603 1291 756 1368 separatio
780 1309 869 1370 snper
893 1297 991 1352 tractu
1016 1291 1157 1370 quodam,
1183 1291 1231 1371 qui
1250 1291 1384 1372 legitime
1408 1291 1447 1354 ad
1470 1291 1550 1354 viam

184 1377 266 1440 Solis
292 1379 336 1440 sit
363 1377 509 1446 inflexus,
542 1385 725 1459 utrocunque
753 1379 818 1458 jam
843 1378 1049 1458 corpore‘illa
1076 1380 1229 1458 separatio
1257 1380 1437 1459 perficiatur.
1484 1380 1550 1441 De-

185 1474 396 1529 monstrantur
418 1465 509 1546 igitur
533 1475 603 1527 ante
628 1467 710 1528 dicta
732 1485 788 1546 per
811 1468 885 1530 dues
910 1467 1108 1548 hypotheses,
1137 1477 1284 1550 qnatenus
1307 1469 1377 1530 illae
1401 1475 1472 1529 sunt
1494 1469 1549 1530 sub

182 1575 242 1618 nno
258 1573 382 1636 genere,
405 1573 464 1615 non
489 1563 634 1635 quatenus
657 1557 737 1616 inter
750 1575 783 1617 se
798 1556 948 1618 diffcmnt.
996 1553 1073 1618 Cum
1092 1574 1163 1636 ergo
1179 1575 1271 1618 causa
1286 1557 1550 1619 demonstrationis
1600 1575 1601 1578 ’
1696 1611 1701 1618 .

182 1663 275 1707 ιιιιιιιιι
299 1645 379 1719 sint,
404 1662 497 1704 causa
520 1644 786 1706 demonstrationis
814 1645 906 1706 etiarn
929 1663 988 1704 non
1013 1654 1101 1707 erunt
1130 1644 1374 1706 contradictoria.
1420 1645 1468 1706 Ac
1491 1644 1551 1706 etsi

182 1735 245 1796 illis
271 1733 442 1796 adhaereat
468 1731 666 1794 contradictio
690 1733 835 1815 physica,
870 1733 923 1795 illa
942 1741 1043 1794 tamen
1069 1733 1355 1795 demonstrationem
1378 1734 1443 1812 jam
1475 1733 1551 1795 nihil

182 1823 309 1885 attinet.
359 1821 428 1883 Non
452 1820 543 1900 igitur
566 1828 598 1882 et
622 1840 660 1883 ex
682 1840 754 1884 vero
778 1830 870 1883 etex
894 1821 971 1882 l'also
996 1841 1098 1883 verum
1118 1821 1202 1901 sequi
1226 1823 1281 1884 hoc
1301 1821 1420 1901 quidem
1444 1840 1548 1883 exem·
1600 1819 1603 1838 ¹

181 1913 235 1990 plo
268 1910 431 1990 probatum
460 1917 518 1970 est.
564 1907 626 1972 Sed
656 1909 755 1972 acrius
784 1909 915 1971 sortasse
938 1928 993 1970 nos
1014 1910 1142 1990 ,urgebit
1170 1909 1360 1971 notissimum
1382 1910 1550 1990 exemplum

182 2000 222 2062 de
247 1997 441 2062 concentrico
466 2016 532 2059 corn
557 1999 705 2080 epicyclo,
739 1997 788 2078 qui
812 1995 995 2079 aequipollet
1023 1999 1200 2060 eccentrico.
1248 1999 1396 2073 Annon,
1430 1997 1456 2059 si
1477 1999 1548 2084 pla-

181 2095 259 2151 neta
283 2106 339 2149 sen
363 2086 503 2166 quicquid
527 2087 558 2148 id
581 2094 630 2148 est
654 2086 732 2168 quod
755 2085 909 2166 planetam
931 2086 1047 2160 incitat,
1073 2094 1209 2148 centrum
1228 2087 1389 2148 eccentrici
1413 2086 1442 2147 in
1466 2092 1548 2148 motu

182 2195 239 2238 suo
264 2175 403 2255 respicit,
428 2181 565 2237 centmm
587 2175 715 2256 epicycli
738 2174 827 2237 simul
850 2193 908 2236 non
924 2173 1085 2252 respiciet?
1131 2172 1259 2246 Quodsi
1279 2174 1345 2255 quis
1361 2181 1550 2236 astronomus

181 2266 242 2327 boc
267 2263 437 2326 affirmabit
469 2263 548 2326 alter
570 2263 661 2338 illud,
698 2264 808 2326 laisum
831 2263 869 2324 ab
893 2264 1038 2325 ulterutro
1062 2262 1120 2324 dici
1144 2283 1241 2324 nonne
1262 2282 1386 2326 necesse
1402 2271 1458 2338 est,
1484 2281 1551 2326 cum
1624 2265 1626 2268 ’

182 2363 290 2416 nmen
321 2352 403 2414 idem
433 2359 559 2433 uterque
591 2352 791 2426 demonstret,
833 2351 950 2432 aequali
983 2351 1100 2413 scilicet
1127 2360 1267 2414 manente
1297 2352 1440 2431 planetae
1468 2360 1550 2413 motu

182 2461 302 2504 moram
334 2447 438 2502 tamen
468 2441 532 2519 ejus
556 2441 594 2501 in
622 2459 680 2502 uno
709 2439 896 2502 semicirculo
929 2439 1092 2520 longiorem
1121 2439 1204 2501 fieri?
1257 2440 1306 2501 Ex
1338 2439 1416 2502 falso
1447 2439 1550 2519 itaque

183 2551 283 2612 aeque
308 2549 346 2591 ac
369 2547 407 2591 ex
430 2547 503 2590 vero
526 2547 631 2590 verum
654 2547 752 2591 nonne
775 2529 820 2591 sic
839 2527 992 2609 sequitur?
1037 2528 1161 2590 Minime
1175 2529 1325 2608 gentium:
1350 2528 1457 2590 eadem
1471 2527 1550 2590 enim

182 2620 357 2702 respondeo
396 2636 473 2697 quse
497 2635 595 2696 snpra.
653 2617 687 2679 ld
715 2629 772 2698 quo
797 2617 965 2686 coniicitur,
994 2635 1094 2678 moras
1128 2617 1157 2678 in
1187 2616 1331 2678 alterutro
1365 2616 1549 2678 semicirculo

185 2709 342 2790 longiores
366 2705 446 2781 fieri,
473 2707 511 2767 ab
534 2713 660 2787 utroque
680 2705 807 2788 dicitnr,
841 2713 873 2768 et
897 2703 993 2767 abeo
1024 2705 1074 2784 qui
1097 2705 1295 2767 eccentricum
1318 2703 1421 2785 ponit,
1455 2711 1488 2765 et
1511 2703 1548 2765 ab

183 2817 223 2859 eo
247 2797 299 2878 qui
323 2794 545 2857 concentricum
578 2814 644 2856 cum
668 2794 811 2876 epicyclo.
857 2794 937 2856 Nam
961 2802 1089 2872 uterque.
1110 2794 1251 2872 generale
1275 2794 1331 2855 hoc
1355 2794 1456 2866 aliem,
1481 2811 1548 2853 ma-

180 2887 281 2966 jorem
305 2883 411 2946 circuli
443 2883 605 2963 planetarii
633 2883 801 2962 portionem
825 2902 893 2944 esse
922 2883 950 2944 in
975 2882 1026 2944 illo
1055 2882 1251 2944 semicirculo.
1297 2881 1362 2943 Hoc
1390 2879 1549 2960 genuinum

183 2971 458 3038 demonstrationis
486 2979 518 3032 et
540 2978 738 3051 coaequatum
762 2971 890 3033 medium
915 2989 979 3032 corn
1003 2969 1076 3032 insit
1104 2969 1135 3031 in
1159 2977 1284 3049 utraque
1309 2967 1469 3051 hypothesi
1491 2986 1548 3047 ge-

182 3063 343 3136 neraliter,
367 3061 443 3123 nihil
463 3060 527 3139 jam
551 3060 836 3122 demonstrationem
862 3059 1041 3135 attinebuot,
1062 3076 1138 3139 quae
1161 3065 1285 3138 uterque
1300 3058 1375 3120 dicit
1392 3057 1421 3118 in
1437 3057 1548 3137 specie,

182 3151 252 3213 sive
276 3159 392 3230 pugnet
415 3149 470 3210 illa
502 3148 566 3210 sive
591 3168 661 3210 non.
706 3149 812 3228 Neque
837 3166 910 3210 sane
933 3148 1065 3228 planetis
1085 3146 1187 3208 oculos
1210 3154 1242 3208 et
1264 3147 1430 3209 discursum
1454 3145 1547 3207 intel-

185 3242 287 3311 lectus
312 3239 475 3300 humanum
499 3236 666 3311 tribuimus,
691 3246 726 3299 ut
749 3237 806 3299 sibi
830 3237 940 3299 circino
966 3237 1014 3298 vel
1037 3237 1092 3297 hoc
1115 3235 1163 3297 vel
1179 3235 1252 3297 illud
1266 3243 1408 3313 punctum
1423 3235 1554 3314 signent,

183 3329 325 3409 haecque
356 3347 433 3408 qnae
462 3325 525 3387 dixi
556 3326 703 3406 specialia
726 3326 772 3389 sui
803 3327 904 3405 potins
929 3335 1051 3404 captus,
1087 3341 1174 3404 quam
1199 3325 1397 3403 explicandae
1428 3331 1554 3385 naturae

183 3437 283 3480 cansa
306 3412 503 3481 introducunt
526 3414 666 3477 artifices.
712 3413 781 3477 Non
806 3423 855 3475 est
877 3413 969 3494 igitur
993 3413 1216 3494 diguanomine
1232 3412 1436 3494 hypotheseos
1451 3419 1552 3473 astro·

182 3507 326 3570 uomicae
355 3505 405 3566 vel
429 3505 505 3565 haec
534 3504 583 3565 vel
607 3503 659 3565 illa
683 3504 864 3584 suppositio,
900 3503 953 3563 sed
986 3502 1018 3564 id
1046 3502 1147 3582 potius
1176 3502 1255 3581 quod
1277 3501 1395 3581 utrique
1418 3518 1553 3563 commu-

109 3641 122 3654 .
183 3597 268 3659 niter
289 3596 383 3670 inest,
407 3594 478 3654 dum
500 3611 543 3654 sc.
569 3590 734 3654 assumitur
757 3600 789 3654 et
813 3591 989 3670 supponitur
1013 3599 1101 3652 certa
1121 3599 1152 3651 et
1167 3590 1305 3651 dimensa
1318 3589 1417 3669 portio
1441 3586 1552 3662 circuli,

184 3703 278 3766 quern
305 3684 432 3764 planeta
455 3681 602 3756 decurrit,
634 3679 776 3760 quaesit
803 3681 833 3741 in
858 3699 915 3742 uno
940 3679 1042 3742 circuli
1065 3678 1182 3740 zodiaci
1207 3679 1343 3740 semisse.
1390 3677 1474 3738 Haec
1503 3676 1552 3738 in-

108 3781 128 3804 ·
184 3793 278 3855 quam
311 3772 436 3834 tandem
460 3778 508 3831 est
538 3769 716 3852 hypothesis
745 3769 844 3848 juste,
878 3787 937 3848 qua
968 3767 1123 3848 longitudo
1152 3785 1253 3829 morae
1281 3767 1424 3847 planetae
1448 3765 1478 3826 in
1502 3765 1553 3826 illo

186 3862 384 3924 semicirculo
407 3861 639 3922 demonstretur.
687 3858 794 3937 Itaque
818 3864 852 3918 ut
875 3856 1064 3926 concludam,
1096 3857 1192 3917 omnis
1216 3856 1245 3916 in
1271 3853 1456 3919 astronomia
1479 3872 1553 3914 con·

184 3953 283 4014 clusio
312 3969 372 4012 non
401 3949 461 4010 nisi
491 3946 531 4007 ab
560 3965 617 4009 nno
646 3953 677 4007 et
700 3945 804 4006 eodem
829 3945 927 4006 medio
955 3946 1108 4024 perficitur
1131 3950 1162 4005 et
1185 3943 1362 4006 uniformem
1386 3941 1556 4020 praemittit

185 4039 389 4123 hypothesin:
414 4037 474 4098 etsi
498 4034 552 4096 illa
575 4056 593 4096 a
616 4054 648 4096 se
671 4035 739 4114 ipsa
754 4033 886 4110 differat,
912 4041 1058 4113 quatenus
1074 4040 1161 4094 extra
1179 4034 1256 4093 hanc
1270 4029 1557 4092 demonstrationem

188 4129 411 4192 consideratur.
459 4125 502 4187 Et
525 4123 674 4199 vicissim,
705 4122 858 4201 quaelibet
881 4121 1071 4202 hypothesis,
1107 4121 1134 4182 si
1158 4128 1299 4182 accurate
1323 4118 1554 4191 consideremus,

185 4220 342 4301 propriam
374 4234 430 4278 nec
450 4213 504 4277 ulli
529 4213 581 4275 alii
604 4211 766 4294 hypothesi
790 4229 973 4272 communem
995 4207 1124 4290 ¹penitus
1153 4209 1291 4289 producit
1323 4207 1554 4270 conclusionem.

186 4307 253 4370 Nec
276 4307 340 4370 fieri
363 4310 470 4386 potest
488 4303 518 4364 in
544 4301 743 4374 astronomia,
768 4309 803 4363 ut
825 4318 864 4360 ex
888 4301 967 4360 omni
990 4309 1076 4380 parte
1100 4319 1203 4360 verum
1227 4299 1283 4371 sit,
1314 4297 1392 4378 qnod
1417 4315 1454 4357 ex
1478 4296 1557 4356 ialsa

187 4397 325 4474 primitus
349 4391 516 4479 hypothesi
540 4391 596 4452 fuit
619 4397 803 4451 extructum:
828 4395 859 4448 et
883 4389 1007 4469 proinde
1024 4388 1239 4471 hypothesibus
1264 4387 1319 4448 hoc
1335 4395 1383 4447 est
1403 4383 1555 4462 proprium

193 4485 233 4560 (si
255 4487 353 4548 ideam
376 4487 533 4564 fingamus
558 4479 706 4560 justarum
736 4477 977 4559 hypothesium),
1008 4485 1041 4539 ut
1069 4477 1131 4540 sint
1153 4476 1342 4554 undiqueque
1365 4489 1471 4533 verae:
1500 4485 1556 4528 nec

193 4583 238 4637 est
264 4573 452 4648 astronomi,
496 4567 642 4631 scientem
676 4566 771 4629 falsas
805 4582 972 4645 supponere
1009 4567 1058 4629 vel
1087 4565 1244 4645 ingeniose
1283 4562 1427 4625 confictas
1456 4557 1554 4638 hypo-

193 4663 294 4742 theses,
320 4675 354 4730 nt
378 4683 421 4726 ex
446 4659 489 4723 iis
515 4664 614 4718 motus
637 4656 787 4718 coelestes
812 4655 1009 4717 demonstret.

264 4760 335 4823 Jatn
362 4751 441 4818 Ursi
468 4746 619 4810 absurdas
642 4745 811 4806 sententias
834 4741 990 4823 paulisper
1019 4743 1232 4824 expendamus.
1279 4737 1379 4823 Primo
1402 4731 1555 4820 hypothe-

227 4857 442 4920 mrmopml.
1310 4839 1344 4892 tt
