3586 5518
303 294 364 363 146
809 289 921 352 Mystcrii
940 287 1140 354 Gosmographici

299 439 465 516 uincendum,
491 470 544 522 quo
569 451 654 508 steila
677 449 867 522 octaugularis
890 451 1076 506 associaretur
1097 449 1240 512 diametro,
1265 450 1316 503 sub
1335 451 1429 503 eodem
1450 449 1528 521 quasi
1548 463 1663 520 genere,

299 537 470 592 reclamante
485 542 597 588 natura.
638 533 726 586 Recte
741 531 829 602 igitur
842 531 954 594 factum,
977 531 1048 600 quod
1063 545 1117 582 nou
1132 529 1257 598 acquievi
1272 530 1336 582 hnic
1349 529 1548 583 distributioni.

309 666 315 672 .
350 671 352 676 ,
379 607 420 684 w)
442 615 502 668 Hoc
525 614 609 682 plane
624 628 683 666 sum
698 618 810 666 secutus
835 610 862 663 in
886 611 933 664 lib.
950 611 982 664 V.
1000 609 1157 664 Harmonic.
1180 611 1227 662 sed
1253 609 1282 662 in
1306 609 1435 663 instituto
1451 608 1570 663 diverso.
1613 607 1668 661 Hie

301 695 372 752 enim
396 694 563 786 quaerebam
588 699 678 746 ortum
700 691 903 745 harmoniarum
917 690 1102 760 singularum
1124 697 1156 742 at
1179 689 1225 742 lib.
1241 690 1275 742 V.
1291 689 1516 742 harmonicorum
1539 689 1667 741 delectus

300 777 373 830 inter
392 775 452 844 jam
476 781 552 828 ortas
576 778 621 826 est
643 771 796 834 institutus,
821 787 893 840 quae
912 769 1057 824 harmonia
1075 769 1173 838 quibus
1193 769 1324 838 planetis,
1347 785 1403 861 qua
1423 770 1561 824 mediante
1574 769 1669 840 ngare

301 855 390 910 solida
405 854 620 907 consociaretur.
663 852 739 906 Cubo
761 849 848 922 igitur
867 850 919 902 etsi
939 867 993 903 non
1007 857 1083 902 recte
1103 849 1148 902 hic
1162 849 1355 904 adscribitur
1347 865 1407 920 rpse
1422 855 1499 902 ortus
1512 861 1666 902 consonan-

301 936 359 990 tiae
372 919 524 1003 diapason,
547 939 622 986 recte
645 937 739 986 tamen
762 931 835 984 dicto
858 930 906 984 lib.
926 931 959 984 V.
980 928 1206 984 Harmonicorum
1231 929 1386 984 associatur
1409 929 1497 1000 ipsum
1516 929 1668 998 disparem

203 1051 206 1058 ι
301 1032 355 1070 ιιι
378 1030 465 1068 causa
488 1019 574 1076 ortus,
599 1014 646 1066 sed
671 1027 757 1066 causa
780 1009 995 1064 cohabitationis
1020 1009 1092 1063 inter
1114 1009 1245 1078 planetas
1265 1011 1389 1072 ιιιιιιις
1411 1013 1487 1063 recte
1511 1009 1670 1062 associatur

301 1096 440 1157 octaedro,
463 1095 535 1164 qued
550 1091 612 1146 cubi
627 1091 748 1159 conjunx
762 1097 814 1152 ιιι,
830 1090 1015 1159 disdiapason,
1038 1087 1082 1142 cui
1103 1088 1130 1141 in
1145 1089 1304 1144 harmonica
1318 1090 1440 1143 sectione
1460 1089 1597 1143 adhaeret
1609 1087 1669 1140 dia-

304 1183 439 1230 tessaron.
480 1174 551 1227 'Vide
573 1173 621 1226 lib.
645 1173 679 1225 V.
702 1187 762 1240 cap.
785 1171 812 1224 9.
834 1187 911 1239 prop.
935 1169 953 1224 8
974 1175 1004 1222 ιι
1027 1169 1072 1222 12.

381 1251 414 1318 ιι)
436 1253 490 1308 Hic
504 1252 603 1306 iterum
618 1251 732 1306 fortuito
748 1245 868 1320 (quippe
886 1249 912 1302 in
928 1248 1118 1319 speculatione
1132 1265 1186 1300 uon
1202 1247 1326 1318 propria)
1345 1250 1373 1304 iu
1388 1265 1482 1303 verum
1504 1247 1584 1300 incidi
1599 1261 1671 1317 qua·

302 1336 455 1390 damtenus.
498 1333 568 1388 Nam
583 1347 662 1401 prop.
681 1331 715 1384 lb
730 1337 761 1383 et
775 1330 823 1384 27.
848 1329 912 1383 dicti
928 1329 1070 1399 ιιρίιίιθ.
1093 1329 1263 1382 (ιιιιιιιιιιι
1282 1329 1389 1398 quidem
1408 1329 1539 1399 diapente
1553 1327 1670 1397 obtigit,

303 1415 445 1468 icoaatdro
459 1429 526 1466 vero
541 1418 657 1482 utraque
674 1415 826 1473 sertorum,
848 1407 938 1464 tertiis
952 1410 1049 1462 locum
1056 1408 1160 1462 nullum
1175 1425 1236 1461 esse
1251 1411 1386 1478 probatur
1399 1425 1477 1480 prop.
1493 1407 1521 1462 t.

382 1489 414 1564 y)
435 1494 480 1546 De
501 1493 556 1546 hac
576 1491 696 1545 materia
716 1497 761 1543 est
780 1506 857 1544 meus
878 1489 949 1542 liber
969 1489 1015 1544 IV.
1037 1488 1271 1543 Harmonicoruar.

381 1568 534 1642 a)Parum
558 1571 689 1642 aliquid'
683 1589 711 1624 ιι
732 1571 787 1624 hac
799 1569 1006 1639 comparatione
1019 1570 1224 1632 emendandum,
1249 1569 1309 1622 vide
1325 1569 1371 1623 lib.
1387 1569 1433 1622 lV.
1449 1569 1544 1622 Har-m.
1559 1583 1622 1637 cap.
1641 1568 1671 1621 6.

377 1665 429 1734 ιιι)
450 1668 631 1739 Nequaquam
655 1684 720 1720 vero
742 1666 860 1719 debilem
884 1665 1059 1735 experientia
1089 1671 1219 1728 testatur,
1253 1667 1300 1718 sed
1331 1666 1473 1718 fortiorem
1498 1681 1583 1735 saepe
1606 1663 1672 1734 ipso

302 1749 391 1812 trino;
418 1763 529 1802 causam
553 1763 589 1800 ιιι
614 1746 681 1800 meis
705 1745 845 1815 principiis
869 1747 903 1798 do
925 1745 974 1800 lib.
999 1745 1046 1799 IV.
1072 1745 1165 1799 Herm.

382 1825 431 1893 bb)
455 1827 529 1882 Puta
548 1827 575 1880 in
590 1827 752 1880 'fetrabiblo
776 1827 809 1878 de
828 1826 992 1896 Astrologia
1006 1825 1116 1895 scripto.
1133 1818 1172 1894 ⁸¹)
1213 1827 1252 1878 at
1266 1825 1293 1879 in
1307 1825 1489 1890 Harmonicis,
1514 1839 1585 1894 quae
1601 1829 1672 1877 tnnc

302 1911 421 1964 nondurn
434 1907 564 1970 riderem,
587 1922 700 1960 cansam
717 1906 790 1960 hanc
804 1905 904 1997 tangit,
922 1907 970 1958 sed
991 1906 1072 1969 male,
1095 1912 1127 1958 ut
1141 1923 1177 1958 ex
1191 1905 1259 1959 meis
1273 1903 1345 1959 notis
1360 1907 1396 1960 ad
1410 1905 1601 1960 Ptolemaeum
1616 1917 1671 1974 pa·

303 1989 386 2044 tebit:
411 1987 518 2041 omnino
543 1988 613 2040 enim
638 1995 668 2039 et
689 2001 773 2038 unum
793 1991 823 2038 et
837 1985 955 2056 quinque
980 1986 1063 2056 signa
1086 1991 1215 2054 aspectus
1245 1985 1416 2088 constituunt
1438 1985 1573 2047 efficaces,
1597 1999 1671 2053 quos

303 2069 417 2140 appello
442 2065 622 2121 semisextum
646 2073 675 2119 et
696 2065 883 2136 quincuncem.

384 2145 425 2212 cc)
448 2147 508 2200 Hoc
522 2148 557 2200 ad
576 2147 684 2200 literam
699 2146 801 2199 falsum
816 2151 868 2198 est.
910 2145 981 2198 Nam
999 2143 1072 2198 inter
1086 2145 1202 2199 chordas
1219 2147 1232 2199 l
1250 2152 1280 2199 et
1297 2145 1332 2199 12
1349 2149 1393 2199 est
1406 2143 1595 2214 trisdiapason
1609 2141 1673 2212 epi·

303 2228 443 2297 diapente,
469 2226 507 2280 sic
530 2225 603 2280 inter
628 2225 743 2279 chordas
760 2225 822 2279 bet
839 2223 874 2279 12
899 2231 943 2278 est
965 2224 1051 2278 tertia
1073 2225 1161 2278 minor
1182 2240 1268 2294 supra
1288 2225 1431 2296 diapasoa
1473 2223 1557 2278 Aliud
1581 2221 1674 2294 igitur

302 2308 443 2362 habebam
457 2306 485 2360 in
501 2305 590 2360 animo
605 2321 665 2360 curu
680 2306 750 2359 haec
760 2305 847 2358 rerba
861 2304 1016 2368 scriberem,
1033 2303 1147 2369 scilicet,
1163 2305 1267 2360 nullam
1282 2321 1343 2360 esse
1358 2304 1506 2360 sectionem
1520 2303 1674 2374 tripliciter

302 2386 497 2450 harmonicam,
523 2401 595 2457 quae
614 2387 783 2456 respondeat
803 2383 878 2438 hisce
902 2375 1079 2438 divisionibus
1099 2385 1202 2449 circuli,
1227 2385 1292 2456 quia
1313 2386 1367 2439 etsi
1384 2385 1408 2439 1.
1427 2384 1476 2448 12,
1493 2385 1558 2438 item
1575 2383 1602 2438 5.
1622 2381 1671 2437 12.

299 2473 458 2530 consonant,
483 2471 514 2520 at
532 2465 644 2520 residua
660 2467 691 2519 ll
710 2465 771 2519 etl
793 2465 944 2520 abhorrent
966 2465 1002 2518 ab
1023 2465 1146 2536 utrisque
1167 2465 1297 2521 terminis.
1340 2469 1379 2520 At
1400 2483 1453 2518 nou
1475 2479 1537 2518 esse
1553 2465 1673 2518 eandem

299 2547 436 2604 rationem
450 2553 614 2616 aspectuum
637 2563 708 2617 quae
731 2552 777 2598 est
790 2545 1039 2609 consonantiarum,
1063 2547 1147 2598 doceo
1169 2562 1220 2614 per
1240 2551 1327 2600 totum
1345 2545 1445 2600 librum
1460 2544 1506 2599 lV.
1522 2543 1673 2598 Harmoni-

301 2643 402 2690 cornm.
425 2627 575 2696 praecipue
597 2641 657 2696 cap.
680 2627 707 2680 6.
1478 2647 1483 2657 -

380 2700 429 2776 dd)
450 2705 562 2760 Minime
590 2723 625 2760 ex
655 2705 711 2768 his,
752 2712 782 2758 at
810 2705 881 2758 bene
908 2721 944 2758 ιιι
972 2705 1068 2774 bguris
1097 2703 1201 2775 planis,
1235 2721 1349 2775 quarum
1376 2721 1431 2760 non
1459 2701 1665 2777 ignobilissimis

302 2790 407 2842 dodeca
429 2803 506 2840 onus.

299 2883 303 2890 ·
385 2803 430 2933 eg)
452 2867 512 2920 Hoc
536 2864 613 2918 initio
637 2864 713 2917 facto
737 2864 814 2935 coepi
836 2879 941 2958 augere
965 2879 1106 2918 numerum
1127 2871 1303 2933 aspectuum.
1327 2864 1380 2918 etsi
1398 2866 1471 2920 male
1490 2863 1594 2920 adsciri
1612 2879 1671 2916 ses·

303 2949 446 3020 quadrum,
469 2961 517 3001 ιιι
531 2947 635 3017 gratim
654 2943 718 3008 135,
739 2945 812 2998 male
826 2945 903 2998 omisi
919 2945 1096 2999 semisextum
1117 2961 1166 2999 ιιι
1180 2961 1223 3016 gr.
1239 2943 1286 2999 30.
1327 2945 1397 3000 Vide
1412 2961 1497 3018 saepe
1512 2945 1672 3016 allegatum

303 3043 366 3098 cap.
390 3029 418 3083 6.
441 3027 490 3082 lib.
512 3027 559 3080 lV.
584 3027 715 3079 Hermon.

382 3121 414 3192 hb
439 3125 567 3179 Frustra:
590 3139 654 3176 nam
677 3121 820 3176 confirmat
840 3121 1015 3192 experientia
1038 3123 1181 3194 quintilem
1202 3129 1231 3176 et
1250 3121 1436 3194 biquintilem;
1460 3124 1493 3176 de
1517 3121 1672 3193 sesquadro

303 3221 376 3268 vero,
402 3221 451 3258 ιιι
473 3205 522 3257 ille
536 3203 623 3256 nunus
648 3203 684 3256 sit
708 3203 817 3266 efficax,
842 3217 923 3273 quam
946 3201 1045 3272 reliqui
1069 3219 1171 3267 ornnes,
1196 3219 1299 3257 causae
1323 3203 1371 3258 lib.
1387 3203 1433 3259 IV.
1449 3203 1545 3258 Ηιιιι.
1562 3219 1624 3272 cap.
1641 3199 1670 3255 5.
1720 3259 1723 3264 ,

303 3287 451 3340 traduntur
474 3285 558 3354 longe
583 3282 718 3336 diversae.
769 3283 845 3336 Istae
869 3297 934 3335 vero
965 3281 1009 3335 hic
1032 3283 1187 3337 recensitae
1215 3284 1334 3354 quinque
1358 3300 1460 3339 causae
1493 3289 1560 3338 sunt
1590 3279 1671 3336 nobis

303 3365 402 3419 iterum
423 3363 596 3426 refutandae,
623 3381 657 3415 ne
679 3369 796 3416 teneant
818 3361 961 3433 quintilem
982 3368 1012 3415 et
1032 3361 1214 3433 biquintilem.

382 3443 453 3497 Nam
468 3445 540 3513 quod
554 3459 667 3496 causam
682 3443 798 3511 primam
813 3441 924 3506 attinet,
949 3442 1021 3496 simut
1039 3459 1099 3497 cum
1114 3443 1188 3496 trino
1202 3441 1312 3497 sextilis
1333 3441 1430 3513 implet
1443 3442 1585 3506 circulum,
1610 3458 1672 3496 curn

303 3525 440 3596 quadrato
454 3525 607 3593 quadratus
622 3523 702 3586 alius,
728 3523 768 3576 sic
782 3521 867 3575 etiarn
882 3537 941 3575 curn
956 3521 1064 3592 quintili
1088 3523 1228 3588 tridecilis,
1251 3539 1311 3577 curn
1330 3521 1468 3595 biquintili
1482 3519 1588 3586 decilis,
1609 3539 1672 3577 curn

303 3605 454 3675 sesquadro
476 3603 628 3672 sequadrus
650 3602 766 3672 implent
780 3601 986 3666 semicirculum,
1013 3619 1063 3656 nec
1082 3603 1210 3674 repudiat
1228 3604 1279 3658 bos
1294 3603 1406 3658 musica.
1449 3601 1511 3658 Non
1524 3609 1570 3658 ιιι
1584 3603 1673 3676 igitur

303 3683 429 3738 efficacia
451 3683 488 3736 ab
509 3685 563 3736 hac
584 3683 786 3752 adaequatione
809 3681 979 3735 semicirculi.

383 3764 510 3816 Secunda
533 3777 619 3818 causa
643 3765 678 3814 ad
700 3779 757 3817 rem
772 3769 830 3816 est:
853 3767 884 3815 at
907 3761 957 3815 illa
978 3777 1032 3815 non
1053 3762 1163 3831 penitus
1185 3763 1315 3833 repudiat
1331 3763 1481 3833 quintilem,
1506 3765 1555 3817 sed
1570 3765 1671 3820 solum·

304 3845 382 3896 ruodo
398 3840 628 3911 imperfectiorem
650 3841 718 3894 facit
740 3841 811 3896 trino
826 3849 855 3894 et
870 3841 973 3906 sextili,
999 3849 1132 3914 quantum
1147 3844 1253 3914 quidem
1268 3844 1331 3914 ipsa
1345 3844 1442 3914 pollet,
1465 3859 1525 3898 curn
1539 3845 1604 3898 sola
1618 3861 1672 3898 ιιι

303 3923 347 3974 sit.
391 3921 559 3976 lrraticnale
591 3929 684 3974 autem
708 3923 746 3974 sic
770 3938 896 3991 nuncupo
918 3938 978 3975 curu
1002 3923 1101 3993 vulgo,
1135 3926 1205 3994 quod
1228 3923 1257 3978 in
1280 3923 1452 3978 Harmonicis
1482 3923 1548 3977 mihi
1572 3923 1673 3978 dicitur

303 4001 453 4056 ineffabile.

382 4080 478 4134 Tertia
497 4097 583 4135 causa
602 4081 729 4136 coincidit
744 4097 804 4136 cum
818 4081 918 4149 primm
941 4081 1027 4134 omnis
1047 4081 1118 4135 enim
1140 4081 1168 4134 in
1183 4081 1353 4137 semicirculo
1368 4083 1491 4154 angulus
1508 4091 1604 4137 rectus
1619 4089 1671 4137 est.

302 4160 378 4214 Etsi
399 4159 451 4214 alit
440 4169 482 4214 ter
498 4161 660 4216 informetur
673 4162 743 4216 haec
758 4177 852 4224 causa,
878 4163 948 4230 quod
968 4160 1024 4215 bini
1041 4178 1150 4231 semper
1170 4168 1300 4231 aspectus
1314 4163 1438 4218 affimant
1458 4179 1592 4247 summam
1607 4166 1672 4217 duo·
1679 4233 1681 4236 Ι

302 4253 362 4294 rum
383 4247 527 4304 rectorum,
550 4259 621 4294 nunc
642 4241 829 4294 semicirculus
851 4241 950 4294 iterum
971 4247 1015 4294 est
1036 4259 1129 4295 eorum
1150 4258 1288 4296 mensura.

384 4321 492 4382 Quarta
506 4337 591 4375 causa
605 4321 692 4374 futilis
708 4329 760 4384 est,
785 4320 806 4373 si
822 4321 893 4374 enim
909 4319 994 4374 tertia
1008 4322 1097 4375 mollis
1112 4322 1173 4375 ideo
1188 4328 1233 4376 ιιι
1244 4324 1440 4394 quodammodo
1455 4324 1590 4392 perfecta,
1607 4323 1673 4394 quia

301 4399 390 4454 utitur
404 4401 500 4454 eadem
516 4399 647 4456 divisione
663 4417 723 4454 curn
737 4399 877 4469 perfectis,
898 4399 957 4453 scil.
973 4401 1152 4464 duodenaria,
1174 4418 1241 4456 sane
1256 4409 1286 4457 et
1300 4402 1396 4456 divisio
1414 4403 1556 4456 vicenas-ia
1570 4404 1672 4457 consti·
1711 4423 1715 4430 ’

302 4480 390 4534 tuitur
405 4479 564 4548 adjumento
580 4480 784 4551 quaternarias,
810 4486 840 4534 et
853 4480 1045 4550 sexagenaria
1059 4482 1207 4536 ternariae.
1250 4481 1278 4536 Si
1299 4482 1385 4536 tertia
1398 4485 1468 4537 dura
1482 4499 1537 4536 nou
1553 4485 1673 4554 quadrat

301 4562 336 4614 ad
358 4559 564 4624 duodenarium,
580 4560 678 4630 majori
693 4559 847 4622 terminob,
874 4576 940 4615 saue
965 4577 1054 4631 neque
1078 4562 1164 4616 tertia
1186 4562 1277 4616 mollis
1297 4563 1418 4634 quadrat
1440 4563 1475 4616 ad
1494 4561 1670 4626 ricenarium,

300 4639 399 4708 majori
414 4639 529 4695 termino
545 4641 572 4696 6.
614 4642 733 4694 Rursum
752 4639 775 4694 si
796 4639 882 4693 tertia
900 4639 989 4694 mollis
1013 4641 1073 4694 ideo
1089 4642 1210 4696 habetur
1228 4659 1279 4712 pro
1298 4643 1433 4712 perfecta,
1456 4642 1523 4713 quia
1535 4651 1582 4697 est
1596 4643 1671 4698 dimi·

301 4718 374 4772 diurn
387 4719 473 4788 ipsius
488 4719 629 4790 diapente,
654 4719 744 4790 magis
759 4719 845 4776 tertia
859 4720 928 4774 dura
942 4720 1094 4775 habebitur
1114 4739 1164 4792 pro
1180 4723 1315 4792 perfecta,
1338 4722 1404 4794 quia
1416 4728 1446 4777 et
1460 4721 1523 4792 ipsa
1537 4729 1583 4777 est
1595 4723 1671 4778 dimi·

301 4797 374 4850 dium
388 4797 474 4867 ipsius
488 4798 621 4871 diapente
636 4815 772 4870 superans
788 4803 904 4864 tautum,
927 4806 1060 4870 quantum
1075 4802 1162 4857 tertia
1176 4803 1267 4858 mollis
1282 4803 1374 4858 deficit
1387 4819 1405 4859 a
1418 4803 1536 4859 dimidio.
1574 4805 1672 4876 ltaque
