3698 5516
853 260 1017 314 emeurm
1552 255 1617 324 23⁵

226 421 338 480 sutem
361 417 544 500 aliquoties
567 419 753 504 stupeam,
778 421 898 484 omnino
920 419 992 484 mihi
1014 421 1184 502 persuadeo
1208 426 1240 484 et
1262 433 1355 502 prope
1379 425 1495 484 certum
1517 425 1618 494 teneo,

230 523 280 568 me
303 505 414 585 prims
440 509 557 572 statim
579 508 643 570 vice
658 509 811 590 lychonis
834 511 944 590 iecisse
968 509 1161 574 mentionem.
1207 509 1314 572 Prodit
1333 529 1366 572 ee
1387 510 1487 572 instar
1511 508 1618 572 soricis

235 599 269 656 et
290 613 363 658 meo
385 596 513 676 indicio
538 617 593 661 sua
617 597 808 660 confessione
831 597 874 664 ἐπ’
900 597 1070 680 αὐτοφωρῳ
1099 598 1342 679 deprehenditur.
1388 598 1452 673 Ait,
1483 618 1517 662 se
1546 617 1618 661 suas
1701 623 1704 630 ’

237 682 437 767 hypotheses
469 705 511 748 ex
533 686 714 748 Ptolemaeo·
738 687 937 764 desnmsisse‚
969 697 1106 752 mutasse
1137 686 1216 750 euim
1239 687 1383 750 nonnulla
1411 689 1442 750 in
1466 687 1620 750 sententis

245 773 407 854 Apollonii
432 776 569 856 Pergaei
591 775 627 837 de
650 775 834 839 stationibus
860 777 1099 858 speculationem
1122 776 1334 856 proponentis:
1359 777 1532 858 Tychonem
1546 794 1619 838 vero

246 861 383 926 indidem
413 884 488 926 suas
519 863 720 944 depromsisse
751 871 783 926 et
811 865 867 927 hoc
891 884 1013 945 negare.
1060 866 1144 946 Lege
1175 884 1252 945 quse
1280 865 1318 926 de
1346 865 1402 927 hoc
1425 865 1619 926 Ptolemaeus

251 951 391 1032 scripsit,
417 960 451 1016 et
474 953 607 1016 insanire
631 952 713 1014 dices
736 953 859 1016 Ursum.
906 955 1022 1017 Verum
1046 955 1165 1036 quidem
1189 961 1255 1026 est,
1279 973 1347 1016 cnm
1369 955 1446 1016 duee
1469 961 1620 1033 ponantur

252 1061 273 1104 a
294 1041 474 1106 Ptolemaeo
496 1040 654 1120 Apollonii
678 1042 864 1116 sententiae,
896 1044 1095 1124 posteriorem
1123 1061 1161 1104 ex
1184 1042 1245 1104 illis
1273 1042 1464 1123 aliquatenus
1493 1041 1619 1122 digitum

251 1130 410 1194 intendere
444 1131 485 1194 ad
514 1128 668 1212 Tychonis
700 1129 898 1212 hypotheses.
953 1132 1057 1213 Fingit
1088 1132 1168 1194 enim
1192 1131 1282 1220 trium
1314 1131 1500 1211 superiorum
1534 1131 1619 1204 (nam

125 1265 129 1270 -
251 1220 448 1284 Ptolemaeus
481 1219 596 1281 diserte
627 1218 715 1293 dicit,
747 1219 879 1291 alteram
909 1222 1092 1286 sententiam
1120 1220 1281 1301 complecti
1308 1241 1398 1297 poree
1426 1241 1497 1291 ecoe
1519 1240 1621 1282 aucus

253 1307 402 1382 oseem
429 1308 602 1382 amoenus)
631 1306 796 1388 quemlibet
828 1307 940 1371 habere
964 1310 1163 1372 eccentricum
1191 1325 1293 1384 snum,
1327 1309 1377 1390 qui
1410 1327 1507 1370 annuo
1536 1313 1621 1372 motu

253 1397 424 1460 circumeat
446 1395 609 1460 secundum
634 1395 767 1458 ordinem
793 1397 956 1478 signorum.
1002 1398 1120 1461 Deinde
1145 1398 1174 1460 in
1199 1396 1333 1478 quolibet
1347 1397 1515 1460 ecceutrico
1538 1395 1620 1459 volvi

253 1485 424 1566 epicyclnm
452 1487 578 1554 Terram
609 1485 817 1561 subeuntem,
861 1486 948 1566 cnjus
974 1496 1074 1552 motus
1103 1487 1144 1560 sit
1171 1485 1201 1556 in
1224 1486 1456 1567 praecedentia,
1484 1484 1621 1567 aequalis

254 1574 353 1638 motui
375 1573 621 1638 commutationis
649 1573 801 1653 planetae.
848 1573 910 1637 Sed
938 1594 997 1638 non
1025 1575 1199 1658 praetendit
1225 1576 1303 1638 hanc
1325 1575 1524 1655 posteriorem
1548 1593 1620 1636 sen-

254 1663 387 1726 tentiam
416 1664 505 1726 homo
534 1660 760 1736 stolidissimus,
793 1681 897 1726 verum
925 1664 1009 1726 illam
1037 1664 1185 1744 priorem,
1215 1683 1291 1744 quse
1319 1665 1408 1745 plane
1432 1663 1504 1726 nihil
1527 1663 1622 1724 habet

254 1771 417 1816 commune
443 1771 511 1815 cnm
540 1750 691 1833 Tychone.
738 1750 840 1832 thue
871 1753 1060 1834 propositum
1092 1751 1242 1829 obtineat,
1274 1752 1389 1834 allegat
1421 1750 1621 1832 Oopernicum
1678 1781 1680 1784 ·
1773 1759 1777 1768 ’

254 1842 309 1906 lib.
335 1841 376 1905 V.
401 1860 468 1923 cap.
494 1837 548 1904 35.
573 1846 606 1902 et
626 1841 717 1920 plane
741 1841 906 1917 contendit,
931 1841 1133 1922 Gopernicum
1155 1841 1207 1904 illo
1226 1841 1326 1920 capite
1349 1841 1431 1903 viam
1454 1840 1621 1920 praeivisse

257 1930 395 2013 'lychoni
425 1930 463 1992 sd
493 1947 565 1992 suas
588 1928 782 2012 hypotheses.
833 1929 918 1994 Dicit
943 1930 1023 1996 enim
1051 1949 1208 2012 expresse,
1238 1931 1447 2012 Tychoniss
1470 1937 1621 1992 exstare

256 2019 291 2081 in
318 2017 534 2100 Cepernico.
582 2015 766 2097 Gopernicus
789 2036 860 2080 vero
884 2019 1030 2082 lemmatii
1053 2016 1198 2093 meminit,
1223 2019 1303 2100 quod
1323 2020 1362 2082 ad
1375 2018 1506 2102 priorem
1520 2017 1621 2098 Apol-

256 2107 331 2172 lonii
354 2107 539 2174 sententiam
561 2104 702 2186 pertinet.
750 2103 812 2170 Sed
836 2107 909 2170 nihil
931 2107 1031 2190 inagis
1044 2107 1211 2178 ridiculum,
1236 2125 1326 2188 quem
1349 2108 1429 2188 qnod
1444 2125 1482 2170 ex
1495 2107 1547 2174 lib.
1564 2105 1620 2170 111.

256 2193 326 2278 cap.
351 2193 405 2263 25.
431 2193 592 2276 Oopernioi
619 2193 675 2258 hes
699 2193 851 2276 Tychonis
877 2196 1062 2279 hypotheses
1085 2197 1151 2260 vult
1179 2203 1367 2277 extorquere.
1415 2195 1491 2264 Com
1519 2195 1622 2264 ibide
1674 2251 1677 2258 ,

256 2293 363 2351 centro
391 2285 493 2350 mundi
518 2281 685 2366 Cepernico
714 2301 813 2347 sermo
841 2285 897 2359 ait,
931 2305 969 2348 an
993 2287 1089 2350 Terra
1116 2291 1200 2354 notu
1223 2285 1391 2352 eccentrico
1415 2285 1497 2350 circa
1519 2283 1623 2352 Solem

257 2375 385 2450 lerator,
408 2393 447 2438 an
470 2392 542 2436 vero
564 2369 620 2436 Sol
643 2370 724 2434 circs
747 2379 882 2436 centrum
905 2374 987 2438 orbis
1011 2373 1112 2456 magni
1131 2381 1214 2438 motu
1229 2373 1414 2455 tardissimo,
1441 2374 1537 2442 Terra
1550 2390 1622 2436 vero

256 2469 341 2526 motu
365 2460 555 2528 concentrico
578 2459 660 2524 circa
681 2459 761 2526 idem
784 2469 919 2528 centrum
943 2463 1025 2529 orbis
1049 2462 1151 2544 magni
1176 2469 1261 2526 motu
1277 2482 1384 2542 muno,
1408 2469 1498 2544 putat
1519 2461 1623 2528 asinus

255 2551 323 2624 ille,
352 2568 413 2614 non
433 2551 498 2632 jam
521 2567 623 2624 meos,
653 2546 852 2630 Oopernicnm
881 2552 961 2634 loqui
984 2552 1021 2614 de
1050 2552 1285 2636 transpositione
1309 2551 1391 2620 Solis
1419 2551 1448 2614 in
1477 2551 1624 2621 ambitum

256 2639 340 2704 orbis
363 2641 480 2722 numni,
514 2638 626 2702 Terrae
650 2657 721 2700 vero
745 2639 776 2702 in
800 2647 936 2704 centrum
959 2641 1025 2721 ejus
1049 2640 1142 2704 orbis.
1189 2639 1278 2714 Quae
1300 2647 1464 2723 postquam
1487 2639 1562 2720 legi,
1594 2639 1624 2702 io

257 2729 336 2792 hanc
363 2727 406 2790 ivi
433 2724 630 2804 sententium,
659 2745 755 2808 neque
777 2727 889 2792 lectum
912 2748 979 2795 esse
1003 2729 1082 2794 Urso
1106 2729 1328 2802 Ptolemaeum.
1358 2747 1455 2810 neque
1478 2728 1621 2806 intellec-

255 2825 321 2882 turn
345 2815 556 2898 Copornicum·
618 2885 620 2892 ,

327 2974 499 3040 Keplerue,
522 2977 551 3024 nt
571 2986 602 3024 ex
619 2971 728 3038 epistolia
746 2974 887 3038 praemissis
909 2974 1057 3027 concludere
1075 2974 1143 3033 licet,
1166 2988 1241 3040 segre
1253 2967 1624 3042 sulliinegotiuma'l'yohoue

256 3045 289 3098 ah
299 3048 355 3112 ipso
367 3046 527 3109 postulatum,
548 3051 578 3096 ut
588 3043 686 3109 publice
701 3051 789 3095 conus
801 3044 892 3096 Ursum
904 3047 930 3096 in
943 3047 1023 3098 aciem
1034 3045 1150 3112 prodiret.
1186 3045 1222 3096 Ut
1235 3052 1319 3097 autern
1332 3045 1482 3110 hubonem,
1506 3043 1624 3110 adquam

257 3132 322 3168 suno
336 3115 405 3169 1601
429 3131 443 3167 e
464 3116 549 3181 Seyrls
568 3122 737 3181 oaosgrereue
759 3122 805 3174 est,
827 3117 1046 3176 siticonellisret,
1075 3119 1178 3168 inmte
1200 3132 1266 3168 enno
1287 3114 1352 3166 1601
1383 3117 1490 3170 Grastils
1508 3131 1560 3167 rem
1578 3130 1624 3181 ag·

255 3203 364 3256 grune
386 3189 484 3241 initium
498 3187 667 3254 ,smnpw
681 3200 767 3244 eccm
779 3187 887 3254 Pragsm
909 3189 1000 3245 attulit.
1024 3189 1167 3253 lychonenr
1187 3189 1251 3240 iorte
1269 3187 1624 3254 exspectansadhprtatururu,

256 3266 284 3310 ut
304 3260 367 3310 illud
390 3259 424 3312 sd
436 3259 512 3310 finem
532 3259 691 3326 perduceret,
718 3263 763 3308 sut
780 3257 842 3310 Urso
864 3265 1000 3324 opportune
1017 3266 1112 3312 mortno
1129 3275 1182 3312 rem
1202 3259 1277 3324 plane
1296 3259 1422 3322 abjiceret.
1461 3257 1523 3318 Cum
1540 3257 1625 3322 'l'yulro

256 3331 343 3382 εοᾱοω
356 3344 424 3381 anno
437 3326 492 3392 (ct.
505 3326 582 3391 Nor.)
595 3329 678 3379 subita
689 3335 768 3380 morte
781 3330 918 3380 autumus
932 3335 1005 3392 suet,
1027 3331 1082 3382 eliis
1097 3330 1273 3399 multiplicibus
1291 3331 1397 3400 negotiis
1418 3331 1517 3381 obrutus
1530 3327 1624 3393 Keple·

256 3417 296 3453 rus
318 3415 410 3452 munus
434 3401 497 3452 illud
507 3402 634 3468 ingratum
654 3399 749 3461 rejecit,
776 3415 927 3466 quamquam
951 3416 1000 3452 uon
1026 3401 1101 3466 plana
1123 3403 1223 3466 abledt.
1261 3401 1398 3463 Quaerenti
1420 3403 1487 3452 enlm
1507 3401 1626 3451 Darldl

256 3474 424 3526 Fabricio:
444 3473 538 3532 „adio
559 3478 585 3522 te
598 3471 765 3522 sbrmditates
783 3471 959 3536 hypothesium
970 3472 1004 3523 lt.
1017 3473 1074 3524 Uret
1095 3473 1225 3524 reinone.
1264 3472 1364 3535 Quaero
1383 3479 1411 3524 ut
1429 3474 1508 3537 prino
1529 3485 1625 3536 quoque

256 3551 363 3611 tenpore
374 3549 449 3610 prout
460 3542 575 3608 ‘lycium
587 3541 632 3593 at·
644 3547 670 3594 te
682 3543 827 3608 monimum
838 3543 892 3604 hn't,
906 3543 992 3603 edua*
1005 3545 1133 3610 mqondt
1144 3543 1311 3610 Kaplerue
1326 3541 1363 3606 (2.
1378 3543 1441 3594 Dec.
1460 3539 1552 3606 rooth

341 3631 486 3714 „Scripsi
510 3633 542 3695 in
565 3631 691 3705 Ursum,
725 3632 779 3696 sed
802 3631 874 3695 mihi
897 3630 956 3713 ipsi
984 3651 1043 3696 uon
1066 3631 1240 3708 satisfaci03
1273 3639 1394 3712 oportet
1421 3632 1504 3711 prius
1527 3629 1625 3712 irupi-

258 3741 321 3786 eere
343 3723 490 3788 Proclnm
514 3729 548 3784 et
570 3720 740 3786 Averroem
762 3720 799 3786 de
823 3720 952 3784 historia
973 3721 1196 3804 hypothesium.
1241 3721 1340 3784 Edam
1364 3720 1540 3802 aliquando,
1575 3720 1626 3783 ubi

254 3813 282 3876 id
302 3813 408 3880 minori
437 3810 563 3878 invidia
584 3807 649 3871 lieri
670 3809 784 3889 poterit
813 3826 903 3888 qnam
932 3828 1020 3876 nunc.
1068 3810 1140 3874 mit
1167 3810 1247 3874 enim
1271 3803 1400 3890 (Ursus)
1425 3827 1510 3874 meus
1533 3815 1625 3872 ante-

252 3904 383 3970 mnu

304 4065 354 4120 Hic
379 4077 398 4116 a
422 4058 549 4128 Keplero
573 4051 703 4116 inchoatus
726 4068 807 4122 neque
828 4069 886 4110 vero
912 4053 1038 4108 absolutus
1060 4055 1157 4118 libellus
1182 4057 1248 4110 inest
1270 4053 1327 4112 Vol.
1347 4053 1380 4106 V.
1404 4056 1627 4122 umusedptoruus

232 4137 488 4210 Petropclr'tanorum
512 4141 623 4194 eumque
641 4133 772 4192 sequentes
791 4126 909 4179 exhihem
925 4127 1042 4194 paginae.
1572 4127 1576 4134 ·
