3586 5518
593 277 726 344 »ομομο
745 279 858 342 uns
875 279 973 344 »ηομ
1022 299 1027 306 ·
1139 285 1143 292 ·
1419 278 1468 358 ep

121 453 213 514 pagos,
236 434 354 515 oppida,
380 435 562 520 provincias,
588 457 681 518 regns
704 439 743 500 ad
766 435 847 519 orbis
869 439 1025 522 imperium
1041 441 1222 511 asceriderit,
1247 440 1347 502 omnia
1368 442 1463 521 probe

120 525 309 603 perspexerim
334 543 444 605 neque,
470 533 503 587 nt
525 535 595 587 sunt
618 527 758 602 humana,
782 528 941 608 quicquam
964 529 1048 590 ullibi
1071 529 1220 607 repererit
1239 531 1371 602 beatum,
1395 529 1463 592 diu-

120 621 232 686 turnum,
256 623 286 676 et
310 613 384 688 tale,
411 632 469 694 qno
493 615 569 676 finiri
592 623 625 676 et
647 615 778 678 saturari
803 625 895 697 queat
916 618 982 696 ejus
1007 619 1170 698 appetitus.
1205 618 1289 680 Tunc
1313 619 1391 680 enim
1414 619 1463 680 in·

120 701 198 782 cipiet
217 702 342 765 meliora
366 722 521 784 quaerere,
545 711 615 766 tunc
637 705 766 772 aTerra
786 705 845 773 huc
868 706 897 770 in
921 707 1037 772 coelum
1061 707 1214 782 ascendet,
1239 715 1310 792 tqqc
1330 708 1464 792 animum

120 791 216 854 fessum
238 792 317 854 curis
342 791 483 864 manibus
505 792 543 854 ad
567 793 644 854 hanc
668 794 799 874 quietem
822 795 1001 870 transferet,
1026 803 1098 856 tunc
1122 795 1222 868 dicet:

423 898 520 959 Felices
537 899 646 957 animae,
665 899 752 964 quibua
764 899 834 952 'haec
853 914 1002 966 cognoscere
1019 902 1123 964 pansum

476 969 554 1034 Inque
573 970 657 1022 domos
676 984 778 1034 superes
796 971 917 1024 scandem
934 985 995 1022 cura
1013 973 1070 1027 tuit,
1109 967 1208 1033 (Luce.)

118 1073 196 1134 quare
217 1063 412 1120 contemnere
433 1057 568 1138 incipiet,
592 1079 668 1140 quae
693 1059 763 1120 olim
785 1061 1052 1138 praestantissima
1075 1061 1200 1133 censuit,
1226 1061 1293 1122 solo
1313 1060 1387 1122 haec
1405 1059 1464 1130 Dei

118 1163 196 1224 opera
209 1146 308 1226 magni
324 1147 429 1220 faciet,
454 1155 544 1228 atque
559 1141 672 1208 meram
688 1156 720 1209 et
739 1147 888 1210 sinceram
902 1149 1024 1210 tandem
1041 1150 1232 1228 ¹voluptatem
1255 1167 1293 1228 ex
1316 1148 1362 1208 his
1386 1145 1462 1210 con-

118 1235 350 1312 templationibus
378 1234 489 1317 capiet.
537 1236 741 1300 Contemnant
773 1237 865 1316 igitur
897 1238 972 1300 haec
1001 1246 1033 1298 et
1061 1237 1230 1316 hujusmodi
1257 1238 1462 1312 meletemata,

117 1322 266 1406 quicunque
300 1334 563 1408 quantumcunque
595 1326 717 1401 volent,
751 1335 955 1408 quaerantque
986 1325 1043 1390 sibi
1075 1327 1263 1408 uuquuaque
1295 1326 1462 1410 commoda,

116 1411 233 1488 divitiae,
257 1413 441 1476 thesauros:
466 1415 646 1477 astronomis
669 1415 785 1480 isthaec
809 1413 907 1496 gloria
930 1413 1070 1490 sufficiat,
1096 1415 1174 1495 quod
1197 1414 1385 1502 philosophis
1408 1434 1464 1490 sua
1573 1467 1581 1476 ,

116 1501 247 1575 scribunt,
276 1522 337 1569 non
362 1503 487 1582 rabulis,
509 1505 642 1584 regibus,
666 1522 724 1565 non
748 1504 931 1582 pastoribus.
979 1504 1124 1567 Praedito
1149 1502 1316 1587 intrepide,
1346 1504 1462 1592 futpros

117 1599 203 1652 umen
216 1591 346 1672 aliquos,
372 1593 421 1672 qni
444 1613 517 1668 suae
537 1593 596 1656 sibi
613 1592 781 1654 senectutis
800 1592 869 1656 hinc
884 1603 1059 1673 comparent
1071 1593 1227 1672 solatium;
1247 1586 1463 1678 ,talesnempq

116 1679 157 1758 qui
177 1681 270 1758 quoad
294 1681 495 1760 magistratus
518 1689 693 1763 gesserunt,
707 1711 708 1714 ο
721 1681 766 1745 ita
787 1700 822 1748 ee
845 1689 1019 1761 gesserunt,
1048 1690 1082 1744 ut
1105 1681 1191 1748 liberi
1215 1682 1363 1752 morsihus
1380 1700 1462 1758 ¹ectu:-

115 1768 242 1830 ecientiae
265 1769 387 1831 habiles
410 1788 480 1832 esse
502 1771 622 1851 possint
644 1769 778 1831 fruendis
801 1770 885 1832 hisce
909 1770 1035 1833 deliciis.

188 1855 312 1919 Existet
326 1858 435 1920 iterum
450 1858 606 1922 Carolus
629 1858 792 1938 aliquiass)
816 1859 875 1940 qui,
898 1878 965 1921 cum
980 1860 1110 1938 Europa,
1135 1859 1235 1938 quoad
1258 1858 1461 1938 imperaverit,

116 1963 163 2004 uon
184 1955 353 2025 caperetur,
378 1947 477 2008 lessus
500 1947 643 2027 imperiis,
670 1946 825 2026 exiguas.
841 1947 924 2009 «lusti
939 1949 1047 2011 cellula
1071 1948 1228 2034 capiatur:
1254 1943 1358 2027 cuique
1381 1947 1461 2008 inter

117 2041 154 2093 tot
173 2035 356 2114 spectacula,
381 2036 496 2111 titulos,
521 2036 703 2116 triumphos,
727 2043 776 2098 tot
799 2036 937 2112 divitias,
952 2038 1065 2109 urbes,
1090 2055 1197 2116 regna,
1221 2036 1311 2100 unica
1333 2034 1460 2096 Turris-

116 2121 171 2182 nica
197 2125 243 2184 vel
267 2125 335 2204 jam
360 2121 776 2208 Cepernicopythagoraea')
800 2125 930 2206 sphaera
952 2126 1124 2205 planetaria
1146 2133 1305 2212 tantopere
1328 2125 1460 2216 placeat,

116 2219 143 2270 ut
161 2213 257 2275 orbem
280 2221 432 2276 terrarum
455 2233 521 2275 cum
544 2233 583 2274 ea
605 2221 777 2290 commutet,
802 2213 955 2295 digitoque
977 2214 1113 2287 circulos,
1140 2233 1227 2294 quam
1251 2215 1377 2296 populos
1397 2212 1460 2302 irp-

116 2300 194 2380 psriis
211 2320 323 2382 regere
348 2302 446 2366 malit.

189 2390 255 2452 Non
280 2392 358 2453 haec
380 2409 417 2452 eo
442 2391 524 2464 dico,
547 2390 605 2452 viri
626 2389 820 2471 amplissimi,
844 2399 879 2454 ut
901 2409 1010 2454 novum
1032 2391 1222 2473 paradoxon,
1252 2410 1342 2468 senes
1361 2391 1461 2484 disfi-

117 2477 204 2553 pulos,
227 2479 257 2540 in
280 2497 406 2542 scenam
429 2498 484 2541 seu
505 2477 535 2548 in
559 2479 681 2542 scholas
704 2480 887 2560 producam:
918 2479 972 2550 sed
996 2489 1034 2548 ,ιιι
1061 2488 1208 2558 appareat
1231 2481 1381 2559 quodnam
1402 2499 1462 2572 ge,-

117 2565 220 2628 nninnm
244 2577 365 2648 tempus
390 2569 433 2629 sit
454 2587 584 2630 momem
607 2567 644 2630 de
669 2569 716 2632 his
739 2569 849 2630 studiis
867 2569 1039 2648 colligendi.
1073 2569 1141 2631 Cur
1162 2569 1242 2633 enim
1265 2569 1302 2632 de
1325 2577 1461 2638 camene

117 2653 239 2716 lenienda
262 2657 356 2719 aliter
379 2675 436 2737 ego
460 2657 599 2760 seqtiam,
625 2665 715 2738 atque
739 2657 795 2719 viri
818 2657 1042 2737 prudentissimi
1068 2658 1104 2718 de
1128 2665 1233 2728 vestra
1253 2675 1386 2718 corona:
1412 2659 1462 2737 qui

116 2741 178 2803 haec
192 2745 291 2806 studia
304 2745 386 2808 inter
404 2763 568 2826 praecipua
590 2753 779 2821 censuerunt,
805 2765 882 2827 quae
901 2747 1083 2826 juvenilibus
1107 2745 1276 2807 nobilitatis
1300 2745 1407 2807 anineis
1431 2747 1462 2807 in

116 2839 204 2893 restra
242 2835 350 2896 schola
386 2844 632 2914 proponerentur.
688 2834 740 2898 Sic
778 2835 858 2896 enim
896 2835 1087 2909 existimant,
1130 2851 1226 2914 noque
1259 2835 1359 2912 aptius
1392 2853 1461 2910 esee

115 2937 195 2998 genna
225 2923 378 2985 hominum
407 2922 445 2984 ad
482 2923 610 2986 colenda
641 2924 829 2988 mathemata
861 2922 1033 2996 nobilitate,
1072 2931 1106 2982 ut
1135 2919 1240 3002 quibus
1270 2932 1353 3000 artes
1382 2922 1460 3010 aliae

117 3009 147 3068 ed
167 3011 274 3072 victum
298 3012 534 3092 comparandum
557 3031 615 3074 non
639 3013 684 3074 ita
711 3013 916 3087 necessariae,
946 3031 1001 3074 nec
1030 3011 1147 3090 aptiora
1176 3009 1325 3088 nobilita-ti
1357 3009 1461 3090 studia

115 3097 330 3176 mathematicis,
355 3107 534 3182 propterea,
558 3101 636 3181 quod
660 3102 779 3165 occulta
802 3110 834 3164 et
857 3089 981 3186 mirifica
1004 3099 1132 3180 quadam
1157 3077 1302 3175 facult-aie
1325 3079 1465 3192 pollehql

114 3203 174 3262 prae
196 3190 316 3270 ceteris,
342 3191 461 3252 feroces
484 3189 599 3252 animos
622 3190 661 3252 ed
685 3190 903 3257 humanitatem
926 3189 1023 3270 adque
1043 3187 1177 3253 sobrium
1191 3207 1296 3276 ,rerum
1314 3195 1459 3270 ,tercena-

115 3293 166 3338 mm
186 3273 371 3342 contemtum
393 3279 581 3342 instituendi.
619 3277 679 3349 Qui
703 3280 818 3348 fructus
837 3280 897 3341 etsi
916 3278 1094 3348 difficultate
1118 3285 1151 3340 et
1173 3276 1336 3350 insolentia
1351 3284 1458 3352 amate,-

114 3364 157 3425 riei
174 3367 331 3444 juvenibus
356 3367 544 3444 obscuratur,
568 3368 691 3430 senibus
709 3377 821 3442 minen,
847 3368 890 3431 uti
905 3369 992 3431 modo
1008 3368 1129 3446 dictpm,
1147 3385 1208 3429 ,sno
1228 3374 1364 3447 tempore
1387 3385 1458 3434 sese

114 3457 254 3530 petant.
1311 3449 1319 3464 “

187 3545 286 3626 Atque
311 3544 388 3606 haee
411 3562 468 3624 ego
490 3545 637 3606 hactenus
665 3564 733 3608 cum
756 3545 793 3605 de
816 3544 1026 3624 praesentibus
1053 3543 1198 3624 pagellis,
1229 3549 1292 3605 tum
1316 3542 1353 3604 de
1377 3543 1459 3605 omni

115 3635 292 3709 astronomia,
318 3634 358 3694 ad
380 3652 435 3696 vos
458 3633 659 3695 astronomiae
684 3642 716 3696 ct
739 3632 915 3694 literaturae
938 3633 1032 3694 totius
1048 3637 1209 3705 amatores,
1236 3631 1303 3692 Viri
1317 3632 1457 3715 Amplis-

115 3720 187 3796 simi;
212 3733 246 3786 ut
277 3723 343 3803 ejus
367 3741 423 3783 vos
447 3723 640 3794 admoneam,
672 3723 749 3802 quod
778 3722 895 3801 pridem
922 3721 1054 3785 tenetis:
1088 3739 1183 3804 neque
1207 3720 1281 3780 nulli
1306 3715 1369 3781 usui
1393 3721 1457 3806 lore

115 3808 168 3882 hoc,
191 3813 266 3892 quod
279 3809 403 3874 humilis
423 3811 515 3874 offero
539 3819 571 3872 et
593 3812 708 3887 dedico,
734 3811 917 3891 opusculum,
942 3811 1037 3885 vobis,
1062 3809 1197 3890 quivero
1212 3807 1361 3888 generosi,
1386 3827 1456 3870 vere

113 3897 213 3962 nobiles
234 3899 333 3965 estis:
365 3899 447 3961 etsi
471 3900 703 3982 quamlaudem
727 3907 858 3962 meretur
880 3899 1029 3976 inventio,
1060 3899 1143 3962 illam
1173 3915 1284 3976 magua
1308 3917 1345 3960 ex
1368 3907 1456 3976 parte

114 3987 145 4046 ad
166 4007 213 4052 nos
234 3989 399 4072 pertinere,
423 3989 475 4070 qui
498 3997 602 4052 vestra
625 3989 807 4052 liberalitate
827 3997 987 4068 vestroque
1011 3987 1161 4068 stipendio
1184 3985 1257 4048 mihi
1280 3979 1456 4062 occasiones

113 4083 139 4134 et
156 4079 242 4140 otium
264 4079 342 4141 hrteo
366 4077 411 4140 ita
437 4079 658 4142 commentandi
686 4077 812 4140 fecistis.
836 4099 840 4110 ’
859 4077 1000 4156 Accipite
1023 4076 1132 4155 igitur,
1165 4075 1234 4138 Viri
1253 4075 1455 4162 Amplissimi,

114 4161 159 4224 hcc
185 4167 261 4247 grati
293 4165 389 4228 animi
420 4167 607 4246 symbolum,
640 4185 746 4247 meque
778 4166 921 4228 humilem
951 4165 1091 4227 clientem
1113 4165 1145 4226 in
1167 4171 1301 4226 vestram
1323 4162 1456 4242 gratiam

114 4255 257 4334 mscipite3
282 4262 316 4317 et
340 4255 468 4335 denique
493 4257 660 4317 assuescite
685 4255 764 4316 inter
787 4255 941 4326 Atlantes,
966 4254 1107 4328 Perseas,
1125 4250 1277 4327 fOricnes,
1304 4250 1454 4314 Caesares

113 4342 284 4421 Alphonsos,
321 4342 540 4423 Rhodolphos,
557 4353 755 4424 -ceterosqnc
788 4341 989 4405 astronomiae
1022 4347 1251 4420 promotores)
1288 4339 1451 4403 accenseri.

114 4427 215 4498 Valete.
262 4433 369 4498 Idibus
390 4431 489 4512 ¹ltlaji:
515 4432 565 4514 qui
588 4433 652 4495 diss
676 4439 746 4493 ante
769 4451 879 4494 annum
902 4419 1018 4492 initihm
1041 4431 1098 4492 luit
1121 4430 1207 4509 hujus
1221 4429 1355 4491 laboris.

306 4523 370 4582 Am
393 4567 400 4582 .
424 4518 464 4581 V.

371 4540 547 4672 p‘Humilis
570 4607 600 4668 in
624 4608 729 4670 schola
750 4614 855 4670 vestra
879 4607 1049 4692 Graetianp
1071 4604 1301 4690 mathematicus

1031 4691 1250 4780 ¹acteone
1270 4683 1429 4778 Keptms

1021 4795 1024 4803 ¹
1138 4749 1349 4860 wirtember·

1196 4878 1239 4932 71
