3542 5528
688 289 849 344 mamm.
1401 290 1442 356 13

113 449 266 532 aphaeresin
305 451 446 517 eccentri
480 471 536 514 non
570 469 635 514 esse
665 450 881 532 adjungendam
909 450 947 512 ad
973 449 1163 532 παραιιαξιν-
1178 451 1258 514 orbis
1285 469 1339 531 pro
1369 470 1440 514 arcu

111 542 154 602 illo
173 539 331 620 sapiendo,
367 542 454 622 cujus
477 541 557 603 sinus
580 541 620 602 sit
643 539 788 603 distantia
810 541 937 603 Telluris
961 561 979 601 a
1002 549 1115 603 centro.
1160 541 1238 604 Nam
1261 541 1288 602 si
1312 540 1440 615 additur,

112 639 166 690 tots
184 628 469 710 pmstlraphaeresis
493 649 549 714 nou
572 629 724 693 exhibebit
745 629 903 692 maximam
931 630 1087 709 planetae,
1124 629 1189 692 sive
1216 629 1316 712 potius
1348 630 1440 693 mini-

109 736 173 780 maru
194 717 303 780 Terrae
330 719 525 794 distantiam,
549 719 604 780 sed
626 718 724 793 illam,
748 735 835 800 quam
858 718 949 780 habet
971 719 1001 780 iu
1024 719 1075 781 illo
1098 719 1164 781 loco
1187 727 1268 784 certo
1293 720 1440 782 ecceutri-

109 806 204 870 citatis.
249 806 505 870 Commodissima
527 807 619 888 igitur
640 806 800 870 maximam
817 808 958 888 planetae
974 807 1150 870 distantiam
1164 808 1298 870 elicimus
1313 827 1351 870 ex
1364 827 1440 889 apo-

105 913 172 976 gaea
190 895 471 977 prosthaphaeresi.
518 893 707 961 Contrarium
731 903 831 960 autem
854 897 883 960 iu
899 895 1086 960 inferioribus
1101 897 1327 960 observandum.
1360 898 1439 962 Nam

106 983 155 1060 illi,
184 985 250 1048 daun
276 993 446 1048 censentur
467 985 497 1048 in
521 985 618 1048 media
640 985 842 1064 longitudine,
872 986 994 1048 suntin
1017 984 1140 1066 ἀφηλιῳ,
1163 993 1195 1048 et
1217 986 1348 1050 vicissim
1372 988 1441 1049 dum

104 1081 236 1155 apparent
258 1074 290 1137 in
314 1073 442 1157 ἅπογιιῳ
464 1076 514 1137 vel
534 1095 674 1155 asqsyssqr,
696 1083 767 1137 sunt
789 1074 818 1136 in
841 1075 940 1137 media
962 1075 1119 1138 distantia.
1164 1075 1261 1155 Igitur
1274 1093 1327 1155 pro
1341 1075 1441 1138 media

104 1182 190 1225 eorum
219 1163 375 1226 distantia
405 1185 425 1226 a
447 1162 519 1226 Sole
550 1162 753 1244 computandi
784 1163 920 1226 existimo
943 1164 1151 1226 conserendam
1172 1163 1339 1244 parallaxiu
1363 1181 1438 1245 apo-

102 1269 197 1333 gaeam
219 1270 288 1314 cum
310 1251 474 1334 parignei:
498 1271 574 1333 quae
597 1271 654 1314 non
675 1270 730 1332 per
752 1251 937 1315 differentiae
960 1272 1090 1328 arcuum,
1115 1253 1167 1315 sed
1185 1271 1240 1332 per
1254 1253 1439 1316 differentiae

101 1342 204 1404 sinutuu
224 1341 429 1404 bisectiouem
450 1341 657 1422 investigatur.
702 1340 837 1404 Maxima
868 1348 967 1405 autem
1000 1343 1146 1405 distantia
1178 1339 1290 1404 aSole
1313 1341 1439 1405 habetur

101 1449 132 1491 ex
150 1431 279 1492 maxima
303 1431 517 1510 elongatione3
551 1430 700 1511 elongatio
722 1431 871 1507 maxima,
896 1431 922 1494 si
944 1430 1224 1512 prosthaphaeresi's
1247 1431 1377 1494 accentui
1400 1432 1438 1494 ad

31 1575 35 1584 .
99 1519 214 1582 mediam
235 1521 413 1600 parallaxiu
436 1519 517 1592 orbis
540 1518 728 1600 adjungatur.

174 1607 244 1671 Jaru
268 1627 421 1672 summam
444 1627 553 1684 eorum,
578 1627 653 1690 quae
676 1608 806 1688 scriptas
828 1609 931 1672 theses
954 1614 1127 1690 sequuntur,
1151 1606 1334 1688 subjungam.
1368 1607 1438 1670 Mo-

99 1695 150 1760 tn'x
170 1698 290 1774 anima,
315 1706 352 1761 ut
375 1697 447 1771 dixi,
469 1697 501 1760 iu
523 1695 605 1760 Sole.
652 1695 687 1760 Si
708 1704 807 1759 motus
830 1697 997 1778 aequalitas
1020 1705 1053 1759 et
1074 1696 1153 1758 idem
1174 1696 1261 1777 vigor
1282 1696 1397 1760 renuet
1420 1719 1440 1760 a

99 1785 160 1848 Sole
180 1789 210 1850 in
234 1806 345 1850 omnes
369 1788 474 1860 orbes,
497 1794 598 1848 tarum
620 1805 696 1849 unns
720 1785 778 1848 alio
801 1787 916 1850 tardius
939 1785 1122 1861 circumiret,
1144 1793 1268 1867 propter
1288 1786 1437 1868 inaequa-

98 1874 202 1938 litatem
225 1877 374 1939 ambitus.
420 1875 567 1957 Tempora
588 1875 741 1954 periodica
763 1884 874 1949 essent,
899 1884 930 1938 ut
948 1874 1061 1939 circuli.
1106 1875 1188 1938 Nam
1202 1875 1356 1956 quantitas
1370 1895 1436 1938 mo-

98 1973 150 2028 tum
169 1966 306 2028 metitur.
356 1963 470 2028 Circuli
492 1973 592 2027 antem
613 1971 648 2027 ut
669 1963 894 2039 semidiametri,
917 1965 1033 2028 scilicet
1046 1971 1082 2026 ut
1095 1963 1266 2027 distantiae.
1313 1963 1365 2027 Sic
1387 1965 1437 2027 fa-

97 2053 195 2116 cillime
217 2055 476 2117 constitueremus
500 2073 537 2116 ex
558 2052 687 2117 motibus
711 2053 818 2116 mediis
833 2061 915 2115 certo
930 2051 1058 2133 coguitis
1080 2052 1196 2115 medias
1211 2053 1303 2116 etiarn
1317 2053 1436 2116 distau-

97 2143 158 2204 tias.
202 2141 266 2206 Sed
291 2143 414 2206 accedit
431 2143 493 2206 alia
514 2162 624 2215 causa,
654 2160 729 2223 quae
756 2142 905 2204 tardiores
929 2143 1021 2205 eflicit
1043 2141 1228 2204 remotiores.
1275 2139 1437 2223 capiamus

99 2233 193 2296 aluoe
215 2233 468 2313 experimentum.
512 2231 593 2294 Nam
613 2231 665 2293 lux
687 2239 719 2293 et
732 2240 831 2294 motus
845 2230 945 2312 utique
960 2239 995 2294 ut
1020 2230 1132 2311 origine
1156 2227 1200 2292 sic
1214 2230 1306 2294 etiarn
1320 2232 1436 2294 actibus

98 2321 255 2402 conjuncti,
288 2329 324 2384 et
354 2321 457 2384 forsan
485 2320 553 2405 ipsa
580 2321 631 2382 lux
652 2320 821 2382 vehiculum
843 2328 941 2382 motus
965 2327 1022 2383 est.
1068 2319 1164 2401 Igitur
1186 2319 1225 2396 in,
1238 2338 1331 2400 parvo
1354 2320 1435 2395 orbe,
1549 2321 1551 2326 ’

99 2410 190 2473 etsie
217 2411 315 2474 etiam
342 2411 374 2473 iu
400 2427 494 2490 parvo
521 2409 631 2472 cuculo
657 2427 749 2489 prope
779 2408 882 2472 Solem
904 2417 1022 2471 tantum
1044 2416 1093 2470 est
1114 2407 1208 2483 lucis,
1242 2409 1435 2489 quantumin

98 2517 195 2580 magno
218 2509 251 2562 et
273 2499 446 2562 remotiore.
482 2498 620 2560 ·Tenuior
642 2497 732 2578 igitur
755 2498 806 2560 lux
827 2498 858 2560 in
881 2514 999 2579 magno,
1023 2497 1054 2559 in
1084 2504 1211 2578 angusto
1233 2498 1394 2561 confertior
1407 2507 1440 2560 et

100 2587 203 2650 furtim.
249 2591 298 2652 At
330 2590 406 2651 haec
438 2586 582 2650 fortitudo
613 2605 729 2649 mrsum
753 2594 808 2649 est
829 2587 859 2650 in
883 2587 1059 2649 circulorum
1079 2584 1289 2668 proportione,
1321 2587 1438 2650 sivein

99 2675 311 2742 distantiarum.
359 2675 394 2739 Si
412 2677 476 2757 jam
498 2675 604 2738 eadem
626 2676 704 2739 ratio
726 2684 824 2738 motus
848 2683 895 2739 est
927 2676 1001 2758 (qna
1024 2674 1143 2755 quidem
1164 2693 1196 2738 re
1219 2674 1293 2738 nihil
1316 2677 1437 2738 concin-

99 2765 157 2828 nius
178 2767 250 2848 lingi
273 2768 406 2848 potest),
431 2772 571 2846 sequetur
588 2764 751 2828 distantias
774 2765 821 2828 bia
846 2767 944 2830 lacere
967 2764 1123 2827 admotus
1146 2764 1322 2826 tarditatem
1350 2765 1438 2828 indu·

21 2927 22 2936 *
100 2855 222 2918 cendam.
272 2855 378 2928 Quare
406 2853 528 2918 dimidia
554 2853 722 2916 differentia
748 2862 880 2916 motuum
908 2855 1030 2916 duomm
1052 2853 1195 2933 adjuncta
1217 2853 1323 2916 minori
1345 2854 1439 2916 motui

101 2944 151 3006 erit
170 2945 321 3008 dmtantia
343 2943 528 3008 remotioris:
551 2943 739 3022 motusipse
762 2943 858 3005 minor
872 2943 929 3005 erit
943 2941 1088 3005 distantia
1100 2941 1326 3022 propinquiori.
1359 2942 1438 3004 Vide

101 3033 162 3113 quid
184 3041 330 3118 sequatur
353 3033 385 3096 in
408 3033 464 3096 hoc
487 3032 713 3113 diagrammate.
1216 3089 1219 3100 ,

953 3131 993 3226 Ex
1008 3177 1077 3224 metu
1115 3135 1258 3258 3²3³&
1291 3168 1441 3223 Differentia

551 3276 572 3359 ij
938 3280 989 3355 'll
1012 3276 1076 3343 574
1155 3274 1219 3344 563
1309 3273 1352 3358 -Ι-
1376 3275 1415 3342 11

551 3369 582 3444 il
641 3377 688 3432 est
714 3366 816 3444 1000,
848 3375 911 3432 tum
961 3366 1076 3440 <5274
1154 3363 1220 3433 294
1309 3365 1417 3432 -20

180 3457 215 3522 Si
237 3459 388 3524 meantia
409 3458 509 3522 media
552 3465 578 3528 ὁ
640 3457 707 3521 erit·
729 3458 829 3520 media
862 3458 910 3522 di·
963 3453 1074 3534 aaut
1154 3453 1220 3522 658
1309 3451 1418 3537 -1-36

385 3597 388 3603 .
444 3609 449 3617 ,
553 3548 578 3623 ὅ
715 3547 830 3610 stantia
964 3542 1071 3621 9761
1156 3542 1220 3610 719
1309 3543 1418 3624 -Ι-,42

554 3633 579 3710 ῼ
851 3630 854 3636 '
963 3632 1071 3714 §563
1153 3631 1218 3699 549
1298 3631 1352 3714 .·i·
1378 3631 1418 3698 14

179 3743 258 3806 Ecce
283 3761 374 3823 qnam
395 3758 487 3820 prope
509 3741 668 3803 veritatem
693 3740 831 3803 venerim.
874 3736 919 3803 Et
941 3740 1038 3803 adhuc
1061 3739 1198 3815 dubitas,
1230 3739 1348 3820 quoties
1375 3743 1438 3804 tale
1517 3735 1519 3740 ’

103 3829 164 3908 quid
184 3831 318 3908 incidat,
353 3849 400 3893 me
433 3828 514 3906 large
546 3830 714 3893 lachmmas
738 3830 868 3892 fundere.
914 3829 993 3892 Nam
1015 3829 1114 3892 hercle
1137 3829 1212 3892 haec
1234 3828 1285 3892 via
1307 3849 1325 3891 a
1347 3831 1438 3910 priori

103 3926 144 3980 est
164 3921 202 3982 sd
223 3929 325 3982 motus
348 3919 558 3998 corrigendos3
590 3937 645 3980 nec
667 3919 750 3981 nulla
767 3936 838 3999 spes
856 3918 883 3980 si
906 3917 957 3980 alii
980 3918 1171 3995 annituntur,
1196 3917 1301 3999 quibus
1324 3937 1437 4001 suppe-

102 4011 161 4070 tunt
181 4009 422 4072 observationes.
467 4007 503 4069 In
526 4007 628 4069 ordine
646 4008 736 4070 tertio
760 4015 831 4068 sunt
853 4005 1037 4071 differentiae
1056 4007 1136 4070 inter
1149 4006 1324 4071 distantiam
1337 4027 1438 4071 veram

104 4091 253 4177 Gopemici
285 4105 318 4160 et
350 4098 429 4160 inter
458 4096 624 4176 conjectam
647 4115 684 4159 ex
705 4102 798 4158 motu.
845 4094 931 4167 Quae
955 4097 1089 4178 quamvis
1112 4096 1256 4160 immanes
1279 4097 1436 4160 videntur:

102 4189 193 4250 umen
215 4187 299 4254 inest
321 4187 352 4248 iu
376 4185 436 4248 illis
459 4185 626 4266 aequalitas
650 4184 812 4266 quaedam,
836 4194 870 4247 ut
891 4185 970 4249 sicut
992 4184 1084 4248 cubus
1107 4186 1263 4258 octaedro,
1287 4185 1436 4249 dodecat-

104 4271 168 4338 drou
189 4276 348 4338 icosatdro
372 4274 477 4337 similis
491 4282 549 4349 est,
571 4274 616 4337 ita
638 4274 730 4337 etiam
754 4274 938 4337 differentiae
960 4273 1172 4355 propemodum
1194 4274 1224 4336 in
1247 4269 1268 4352 15
1290 4274 1330 4350 ll,
1356 4275 1381 4349 ῼ
1405 4275 1436 4351 Q,

104 4360 166 4428 item
187 4365 219 4428 in
241 4371 268 4436 d
291 4367 330 4441 ὃ,
356 4361 425 4440 ὂῼ
448 4363 509 4426 siut
531 4363 655 4426 similes.
701 4362 818 4425 Deinde
840 4371 875 4426 ut
897 4363 1048 4443 proportio
1066 4363 1145 4426 inter
1162 4363 1295 4438 ildest
1309 4361 1436 4427 solitarii

103 4455 239 4534 eorporis,
264 4471 308 4516 sc.
333 4451 495 4514 numan:
527 4453 571 4514 ita
592 4451 741 4534 peculiare
764 4453 820 4514 hoc
843 4451 935 4514 habet
953 4451 1120 4514 differentia
1142 4451 1227 4532 ejus,
1250 4453 1372 4530 utplus
1395 4447 1437 4508 sit

103 4537 325 4626 iuCopernioo,
352 4540 491 4603 cumille
508 4540 539 4603 iu
562 4541 671 4604 ceteris
693 4541 789 4603 minus
812 4558 931 4621 semper
953 4540 1097 4603 obtineat.
1135 4539 1236 4602 Tertio
1251 4538 1299 4618 qui
1312 4539 1436 4617 planeta

104 4628 136 4691 ad
155 4633 340 4715 superiorem
363 4628 491 4692 vicinum
512 4629 632 4711 propius
651 4631 796 4704 ascendit,
818 4647 937 4709 semper
958 4629 1052 4694 habet
1069 4627 1213 4708 maiorem
1227 4623 1433 4689 differentiam.

105 4715 125 4790 9
145 4717 193 4793 42,
217 4723 243 4799 6
269 4715 325 4794 ³6,
351 4719 376 4796 ll
401 4713 502 4794 1421ί
527 4717 580 4794 il,
605 4726 631 4789 ὁ
652 4715 695 4783 20
718 4719 841 4782 alterius
864 4717 984 4799 speciei.
1030 4715 1087 4779 Hic
1105 4716 1170 4796 jam
1193 4713 1336 4776 hactenus
1358 4708 1433 4771 hae-

103 4825 153 4872 reo.
195 4813 278 4874 Nam
300 4805 459 4889 piaculare
481 4807 628 4885 existimo,
652 4798 803 4873 distantiis
825 4807 931 4870 mediis
945 4807 976 4869 in
990 4804 1171 4868 comotione
1186 4808 1300 4862 tantum
1314 4797 1435 4876 addere,
1557 4863 1562 4872 ,
