3586 5518
335 237 398 330 124
843 263 954 330 Myrteril
973 262 1170 330 cosmograpbiel

329 432 430 501 tates,
462 433 495 486 et
517 423 614 489 tribus
638 425 872 490 dimensionibus
896 432 1055 490 constant:
1091 443 1160 488 nam
1182 425 1281 488 ideam
1304 425 1404 488 mundi
1426 425 1589 505 perlectam
1611 444 1672 488 esse

329 513 479 578 convenit.
525 513 664 577 Lineas
687 535 759 578 vero
783 523 815 578 et
837 516 1058 595 superficies
1081 523 1220 590 rectas,
1246 524 1279 576 ut
1301 515 1443 589 infinitas,
1467 522 1499 576 et
1519 514 1603 595 proin
1625 535 1672 578 or-

329 603 407 666 dinis
422 603 542 666 minime
558 623 696 685 capaces,
722 623 738 666 e
758 605 866 666 mundo
884 604 977 679 finito,
1003 605 1233 678 ordinatissimo,
1257 604 1454 683 pulcherrimo
1473 603 1634 682 ejiciamus.
1648 605 1672 678 ¹)

328 694 458 756 Rursum
473 711 510 754 ex
533 693 761 774 corporibus,
788 711 910 774 qnorum
924 693 1065 758 inhnities
1080 693 1195 756 infinita
1208 703 1279 755 sunt
1292 712 1411 774 genera,
1436 692 1596 772 seligemus
1620 692 1672 753 ali-

329 801 387 863 qua
410 801 501 844 censu
525 781 627 846 habito
650 802 704 866 per
727 790 826 846 certas
851 785 959 857 notas3
983 791 1065 863 puta,
1091 801 1166 863 quae
1190 790 1243 844 ant
1266 783 1363 845 latera
1387 789 1439 845 aut
1461 783 1600 862 angulos,
1626 789 1675 844 ant

327 872 427 952 plana,
452 871 633 951 singulavel
650 873 777 947 alterna,
802 873 850 934 vel
870 873 975 952 quovis
998 871 1149 934 constanti
1171 872 1258 934 modo
1282 872 1378 934 mixta
1400 871 1532 933 habeant
1555 871 1673 933 inuicem

328 961 476 1042 aequalia,
500 969 533 1023 ut
555 960 601 1022 ita
623 962 703 1023 bona
726 981 792 1024 cum
816 961 931 1024 ratione
955 962 993 1022 ad
1018 961 1130 1023 linitum
1150 961 1262 1044 aliquid
1281 962 1426 1030 veniatur.
1460 958 1547 1032 Quod
1563 960 1589 1022 si
1602 960 1673 1041 qnod

327 1068 422 1130 genus
447 1067 603 1130 corporum
624 1070 680 1131 per
702 1059 800 1113 certas
824 1051 1009 1112 conditiones
1036 1051 1218 1131 descriptum
1240 1051 1320 1112 intra
1343 1050 1459 1130 species
1483 1051 1600 1130 quidem
1622 1069 1673 1110 uu-

328 1157 408 1202 mero
432 1139 533 1201 finitas
557 1140 712 1214 consistit,
741 1141 795 1202 sed
823 1149 922 1202 tamen
951 1140 982 1202 in
1009 1141 1161 1219 ingentem
1185 1158 1371 1202 numerorum
1394 1141 1511 1218 copiam
1534 1137 1673 1218 multipli-

327 1237 423 1304 catur,
449 1247 551 1290 eorum
574 1248 729 1310 corporum
754 1229 878 1309 angulos
902 1237 934 1292 et
957 1237 1061 1290 centra
1083 1229 1238 1308 planorum
1260 1248 1314 1309 pro
1334 1230 1457 1291 marum
1480 1227 1671 1300 multitudine,

327 1317 544 1397 magnitudine,
567 1319 686 1398 situque
710 1317 958 1393 demonstrando,
984 1319 1010 1379 si
1031 1335 1204 1398 possumus,
1229 1319 1424 1380 adhibeamus
1438 1316 1486 1392 Il:
1513 1317 1560 1379 sin
1583 1324 1674 1378 autem

328 1407 354 1468 is
379 1406 463 1469 labor
486 1425 545 1469 non
569 1416 617 1470 est
640 1407 785 1482 hominis,
817 1425 888 1487 ergo
919 1407 1068 1488 tantisper
1091 1406 1261 1469 differamus
1285 1407 1395 1470 numeri
1420 1427 1456 1469 ao
1480 1407 1559 1468 situs
1582 1424 1674 1467 eamn

226 1509 229 1516 ’
321 1495 477 1566 ¹rationem
501 1515 662 1576 quaerere,
691 1497 761 1559 dum
788 1495 855 1577 quis
883 1494 970 1560 nobis
993 1496 1033 1560 ad
1054 1515 1145 1561 unum
1167 1515 1288 1572 omues,
1318 1505 1391 1578 quot
1419 1504 1589 1578 quantaeve
1612 1495 1674 1566 sint,

328 1585 531 1666 descripserit.
569 1585 674 1648 Missis
698 1585 790 1666 Igitur
812 1587 879 1648 huis
903 1591 993 1667 atque
1017 1585 1044 1648 ei
1067 1585 1238 1669 permissis,
1261 1585 1311 1666 qui
1335 1587 1417 1648 solus
1440 1593 1581 1648 numerat
1603 1585 1674 1646 mul-

326 1673 486 1736 titudinem
513 1675 686 1750 stellarum,
716 1683 748 1737 et
774 1675 909 1756 singulas
938 1675 1054 1737 nornine
1082 1684 1173 1738 vocat
1205 1674 1301 1748 (Psal.
1330 1672 1427 1750 147),
1458 1673 1674 1755 sapientissimo

327 1763 448 1839 artifici,
474 1779 528 1825 nos
552 1765 655 1827 oculos
679 1764 936 1846 adpropinquas,
962 1784 1073 1844 paucas
1098 1772 1129 1826 et
1151 1765 1277 1826 mobiles
1300 1772 1522 1828 convertemus.

414 1853 549 1934 Denique
573 1853 666 1934 igitur
689 1853 838 1916 delectum
861 1872 1016 1934 corporum
1041 1855 1066 1916 si
1090 1853 1290 1929 habuerimus,
1316 1861 1406 1934 atque
1430 1871 1550 1916 omnem
1572 1851 1675 1913 misto·

327 1960 392 2003 rnur
415 1941 533 2005 turbam
556 1942 748 2023 ejecerimus,
778 1943 960 2006 retineamus
983 1962 1054 2005 vero
1079 1943 1145 2006 sola
1168 1943 1239 2018 illa,
1271 1962 1392 2024 quornm
1415 1943 1518 2005 omnis
1541 1941 1628 2022 plana
1648 1947 1676 2002 et

328 2031 515 2110 aequilatera
539 2041 570 2093 et
594 2031 793 2112 aequiangnla
815 2032 944 2106 fuerint,
973 2034 1132 2095 restabunt
1160 2031 1245 2094 nobis
1269 2033 1343 2095 haec
1367 2029 1493 2112 quinque
1524 2049 1676 2108 corpora

327 2121 528 2200 regularia,
554 2120 660 2202 quibus
676 2118 786 2183 Graeci
806 2122 880 2183 haec
900 2122 1065 2202 ascripsere
1089 2121 1216 2197 nomina,
1243 2122 1352 2184 cubus
1376 2142 1429 2183 seu
1451 2120 1672 2192 hexabdrum,

327 2209 487 2291 pyramis
511 2229 564 2273 seu
592 2210 831 2286 tetrabdrum,
861 2210 1146 2281 dodecaedrum,
1178 2211 1421 2286 icosabdrnm,
1454 2210 1673 2272 octaedrum.

326 2295 472 2378 Quodque
496 2298 543 2360 his
567 2298 694 2380 quinque
716 2299 803 2379 plura
826 2319 893 2362 esse
917 2319 974 2362 non
998 2301 1130 2380 possint,
1146 2303 1172 2374 ⁰)
1197 2300 1265 2362 vide
1289 2299 1407 2364 Euclid.
1433 2298 1483 2362 lib.
1508 2299 1586 2362 XIII
1609 2303 1674 2376 post

327 2404 411 2466 prop.
439 2384 479 2450 18
503 2388 647 2452 scholion.
664 2385 691 2461 1)

414 2474 516 2547 Quare
540 2477 619 2539 sicut
640 2477 745 2540 borum
768 2476 908 2539 definitus
932 2485 963 2540 et
986 2477 1111 2557 exiguus
1134 2476 1293 2540 admodum
1317 2483 1364 2538 est
1388 2495 1536 2550 numerus,
1561 2481 1672 2537 cetero-

326 2583 389 2627 rum
413 2571 467 2628 aut
488 2565 719 2629 innumerabiles
743 2574 795 2629 aut
818 2565 951 2628 infinitae
980 2566 1115 2646 species,
1149 2568 1194 2629 ita
1221 2566 1321 2628 decuit
1343 2566 1373 2628 in
1397 2566 1506 2628 mundo
1532 2565 1589 2627 duo
1612 2583 1674 2624 esse

326 2654 482 2717 stellarum
505 2674 635 2736 genera,
672 2655 803 2718 evidenti
834 2654 1003 2716 discrimine
1034 2655 1071 2716 ab
1102 2677 1133 2718 se
1157 2655 1283 2718 invicem
1307 2654 1464 2730 distincta,
1498 2651 1671 2734 (cujusmodi

329 2751 428 2806 motus
452 2750 483 2805 et
506 2746 589 2826 quies
614 2746 689 2820 est),
715 2763 837 2824 qnorum
859 2763 949 2806 unum
972 2763 1066 2825 genus
1088 2745 1201 2807 infinito
1225 2745 1341 2817 simile,
1371 2753 1405 2806 ut
1427 2744 1523 2818 fixae,
1557 2743 1674 2805 alterum

326 2841 487 2913 angustum
510 2841 544 2896 ut
563 2835 717 2985 qulanetae.
762 2834 830 2896 Non
855 2843 904 2894 est
927 2833 1014 2913 hujus
1039 2835 1097 2897 loci
1124 2835 1278 2916 disputare
1302 2834 1339 2895 de
1371 2833 1490 2904 causis,
1525 2852 1577 2894 cur
1605 2831 1671 2892 haec

328 2931 515 2996 moveantur,
539 2924 593 2986 ila
615 2943 683 2985 non.
731 2921 793 2986 Sed
815 2922 923 3003 posito,
949 2922 1027 3002 qnod
1050 2923 1190 3004 planetae
1213 2931 1297 2985 motu
1320 2922 1511 3002 indiguerint,
1537 2920 1671 3002 sequitur,

327 3019 361 3074 ut
383 3011 460 3073 hunc
484 3012 672 3088 obtinerent,
697 3013 840 3075 rotundos
864 3011 951 3074 orbes
976 3012 1110 3092 accipere
1135 3012 1285 3075 debuisse.
1300 3014 1328 3086 ο)

417 3101 573 3164 Habemus
589 3101 690 3164 orbem
704 3108 827 3182 propter
841 3107 962 3175 motum,
987 3109 1019 3164 et
1041 3119 1167 3182 corpora
1187 3108 1310 3182 propter
1332 3119 1483 3164 numerum
1508 3109 1540 3160 et
1563 3097 1671 3177 magni·

243 3207 244 3212 ¹
326 3189 502 3265 tudinesrs)
526 3191 596 3271 quid
619 3199 718 3253 restat
740 3189 886 3271 amplius,
912 3190 980 3270 quin
1005 3191 1139 3253 dicamus
1162 3211 1227 3254 cum
1250 3190 1387 3264 Platone,
1412 3194 1487 3252 deor
1509 3187 1556 3250 der
1578 3208 1671 3266 prepa-

327 3300 414 3357 rpar,
438 3287 528 3360 atque
552 3280 582 3341 in
606 3279 663 3341 bac
686 3278 838 3345 mobilium
862 3278 976 3341 labrire
999 3298 1124 3360 corpora
1147 3281 1267 3342 orbibus
1287 3287 1319 3340 et
1333 3279 1419 3340 orbes
1435 3278 1608 3356 corporibus
1628 3275 1670 3336 in-

326 3367 484 3447 scripsisse
509 3368 668 3450 tantisper,
693 3369 761 3432 dum
785 3368 896 3431 nullum
921 3369 1047 3448 amplius
1072 3388 1179 3450 corpus
1201 3377 1341 3440 restaret,
1365 3367 1443 3448 quod
1465 3385 1523 3429 non
1548 3367 1625 3428 intra
1645 3371 1673 3424 et

327 3464 414 3518 extra
437 3456 595 3525 mobilibus
619 3457 738 3520 orbibus
762 3457 905 3520 vestitum
929 3465 1021 3519 esset.
1066 3459 1144 3520 Nam
1168 3477 1206 3520 ex
1235 3456 1285 3533 l3,
1313 3452 1367 3530 14,
1395 3454 1443 3532 15,
1472 3451 1521 3530 16,
1550 3453 1588 3518 17
1612 3451 1671 3516 libri

324 3543 411 3607 XIII.
427 3545 562 3608 Enolidis
585 3547 686 3610 videre
710 3554 767 3620 est,
792 3565 880 3627 quam
904 3546 978 3608 baec
1001 3564 1126 3627 corpora
1148 3555 1257 3610 natura
1281 3567 1336 3609 sua
1359 3545 1421 3608 sint
1444 3553 1518 3626 apta
1541 3545 1580 3608 ad
1602 3544 1672 3606 hanc

326 3633 550 3715 inscriptionem
574 3644 605 3698 et
627 3635 940 3715 circumscriptionem.
988 3634 1089 3707 Quare
1118 3637 1144 3698 si
1175 3637 1302 3718 quinque
1331 3655 1456 3716 corpora
1478 3633 1671 3696 mediantibus

326 3734 358 3784 et
390 3724 598 3788 claudentibus
632 3724 753 3787 orbibus
786 3726 955 3787 inserantur
987 3725 1045 3787 sibi
1078 3734 1198 3802 mutuo,
1233 3725 1408 3790 habebimus
1440 3743 1592 3787 numerum
1622 3737 1671 3782 ser

326 3811 451 3874 orbium.
1647 3859 1655 3882 ,

414 3900 501 3973 Quod
525 3901 551 3963 si
576 3901 677 3982 alique
701 3901 801 3964 mundi
827 3908 913 3964 aetas
936 3902 992 3964 hoc
1015 3911 1105 3982 pecto
1125 3903 1161 3963 de
1176 3903 1277 3965 mnndi
1292 3901 1486 3982 dispositione
1502 3897 1669 3981 disputavit,

327 3997 360 4052 ut
382 4009 437 4053 sex
466 3989 553 4053 orbes
583 3999 709 4071 poneret
736 3990 861 4052 mobiles
888 3991 969 4053 circa
992 3989 1095 4054 Solem
1126 3991 1324 4067 immobilem,
1359 3991 1411 4054 illa
1442 3991 1543 4072 ntique
1575 4005 1670 4050 veram

326 4079 539 4142 astronomiam
561 4079 697 4143 tradidit.
744 4079 857 4162 Atqui
881 4079 1059 4159 ejusmodi
1089 4100 1154 4142 sex
1177 4081 1282 4144 orbes
1306 4081 1419 4143 habet
1441 4078 1669 4159 Oopernicus,

325 4188 459 4251 eosque
483 4168 587 4232 binos
610 4168 645 4231 in
670 4168 847 4250 ejusmodi
872 4169 915 4230 ad
938 4169 1094 4232 invicem
1118 4171 1371 4250 proportione,
1405 4177 1441 4232 ut
1464 4169 1553 4230 baec
1576 4165 1669 4248 quin-

326 4277 393 4340 qne
422 4276 574 4340 corpora
603 4259 721 4321 omnia
751 4257 942 4339 aptissime
972 4259 1197 4321 interlocari
1227 4260 1391 4339 possint,
1424 4277 1513 4339 quae
1545 4273 1670 4320 summa

326 4347 399 4410 erit
421 4363 543 4410 eorum
571 4365 661 4428 quae
689 4356 898 4428 sequnntur.
945 4345 1046 4418 Quare
1070 4348 1219 4428 tantisper
1242 4349 1407 4411 audiendus
1432 4357 1494 4422 est,
1520 4348 1588 4409 dnm
1610 4343 1669 4424 quis

326 4445 379 4500 aut
402 4435 534 4517 aptiores
559 4436 598 4498 ad
620 4437 696 4499 haec
708 4437 969 4517 philosophemata
983 4437 1143 4517 protulerit
1155 4438 1345 4520 hypotheses,
1372 4429 1424 4500 ant
1446 4437 1588 4510 docuerit,
1611 4433 1667 4495 Ior-

278 4538 286 4558 ¹
326 4527 403 4589 tuito
426 4526 456 4588 iu
485 4544 622 4588 numeros
651 4533 740 4607 atque
767 4525 798 4588 in
829 4533 958 4588 mentem
991 4525 1117 4588 bominis
1149 4525 1278 4607 irrepere
1311 4546 1420 4608 posse,
1454 4525 1531 4607 quod
1563 4523 1668 4603 optima

326 4616 440 4679 ratione
466 4635 503 4678 err
526 4613 601 4695 ipsis
624 4622 748 4677 naturae
779 4615 933 4694 principiis
964 4614 1124 4677 deductum
1148 4624 1204 4678 est.
1250 4617 1329 4680 Nam
1360 4617 1429 4696 quid
1462 4611 1666 4683 admirabilius,

328 4705 397 4784 quid
420 4706 458 4768 ad
481 4703 719 4787 persuadendum
743 4704 996 4766 accommodatius
1016 4704 1073 4766 dici
1099 4712 1151 4766 unt
1174 4705 1243 4784 fingi
1267 4714 1383 4786 potest,
1416 4723 1504 4786 quam
1527 4702 1604 4786 quod
1624 4719 1664 4772 ea,

329 4811 404 4884 quae
420 4793 602 4884 Cuperuious
626 4811 662 4855 ex
678 4813 876 4873 φαινομηοις,
899 4811 936 4856 ex
960 4791 1125 4870 effectibus,
1152 4813 1189 4858 ex
1211 4795 1436 4880 posterioribus,
1460 4793 1545 4877 quasi
1567 4807 1666 4854 merus
