3718 5520
325 291 391 358 416
629 297 729 347 Literae
747 297 850 364 Keplerl
870 299 901 350 de
920 297 1069 350 Calendario
1086 299 1110 348 ln
1132 313 1228 350 annum
1245 297 1387 350 Mnxclx.

325 471 446 536 congruit,
470 471 521 522 siva
535 470 567 534 Q
586 471 661 534 ipsius
675 471 773 524 dissono
794 489 867 525 cursu
885 481 911 524 et
929 474 990 525 coeli
1003 475 1086 539 aliqua
1102 477 1199 526 ratione
1211 482 1315 533 mutato,
1337 477 1387 526 aire
1403 477 1518 526 univorsa
1529 473 1628 524 Tellure
1640 471 1683 522 ali·

325 543 383 606 quid
398 551 510 593 aoentro
523 559 567 594 suo
581 545 683 607 dimota,
707 550 735 594 ut
745 545 895 610 deprehendi
916 551 942 596 et
958 546 985 595 ln
1003 545 1059 596 alils
1080 547 1140 597 locis
1159 547 1281 611 accipio‘*
1297 575 1331 586 -
1349 543 1469 610 (Koplz
1488 546 1537 596 Hie
1549 545 1684 595 rectissime

326 613 410 676 Tyoho
429 615 590 746 resqonderlt.
613 621 726 686 ampliari
738 617 862 668 interdum
874 617 957 668 orhern
972 613 1024 678 Q,
1046 618 1092 669 sed
1104 633 1154 668 non
1173 619 1377 684 iudiosttempns
1388 618 1490 682 pcuodh
1526 616 1591 666 Mihi
1602 618 1685 680 itaque

325 700 375 734 non
393 685 477 750 liquet.

421 755 505 806 Facile
526 762 665 824 admittam,
687 760 767 814 Plinio
781 765 807 808 et
820 757 961 808 aliisvisum
971 773 1037 814 asae,
1060 759 1166 810 obelisco
1185 775 1235 823 nou
1255 761 1358 824 amplius
1372 759 1497 826 designari
1508 767 1623 824 tempora
1632 772 1684 808 car-

325 826 428 886 dinalm,
442 842 497 877 cunr
507 831 559 895 ipse
569 833 672 891 Plinius,
688 829 833 887 Columella.
848 829 963 879 Eudoxus
977 835 1002 879 ct
1016 829 1137 880 Chaldaei
1148 831 1295 895 perhibeant
1308 831 1451 888 credidisse,
1471 827 1502 890 Q
1517 830 1540 880 d.
1556 827 1597 878 18.
1609 827 1684 878 Mart.

325 898 435 948 Arietem
449 902 554 966 ingredi,
567 911 593 954 ct
604 907 630 954 in
643 913 734 956 octava
746 903 837 953 Arietis
850 907 920 964 parte
940 900 965 950 d.
982 899 1024 950 25.
1038 899 1114 952 liert
1129 903 1312 968 ceqninoctium
1326 903 1434 953 efficere.
1470 901 1502 951 ld
1515 901 1600 965 procul
1613 899 1685 950 dnhio

325 969 445 1020 obeliscus
466 987 516 1022 non
538 976 654 1033 ostendit,
672 979 709 1026 uti
727 987 822 1040 quoque
833 972 924 1022 falsum
936 987 990 1022 osae
1004 989 1053 1023 non
1066 974 1160 1032 dubito,
1179 975 1224 1024 sed
1236 987 1297 1025 sane
1317 974 1426 1024 nondum
1437 975 1591 1038 investigare
1607 974 1684 1036 pomi.

325 1054 448 1104 quaenam
471 1059 548 1094 causa
568 1049 672 1098 moverit
689 1055 793 1098 vetares.
813 1051 841 1093 ut
856 1040 888 1104 Q
902 1044 1040 1108 ingressum
1057 1046 1083 1094 in
1102 1044 1128 1107 Υ
1149 1045 1173 1094 d.
1193 1044 1231 1095 18.
1244 1043 1319 1094 Mart.
1344 1052 1370 1096 at
1388 1045 1413 1094 iu
1431 1051 1523 1094 octava
1543 1047 1598 1108 elus
1614 1050 1685 1108 purte

325 1113 506 1176 aequinoctium
524 1123 671 1176 statuerent,
695 1135 751 1170 oum
769 1115 927 1166 Ptolemaeus
947 1105 1117 1166 Aristarchum
1136 1115 1236 1166 secutus
1259 1116 1442 1180 aequinoctium
1466 1117 1492 1164 iu
1514 1117 1597 1179 prium
1615 1122 1685 1179 parte

326 1183 509 1247 Tconstituat
524 1193 549 1236 ot
561 1195 626 1238 toste
639 1190 742 1240 Manilio
765 1187 841 1251 aliqui
853 1188 879 1236 iu
891 1186 990 1236 decima
1002 1194 1073 1249 purte
1086 1187 1112 1236 id
1124 1187 1284 1252 signaverint.
1307 1213 1336 1223 -
1358 1184 1479 1251 (Kopl.:
1499 1185 1610 1236 caucam
1622 1185 1683 1236 Soa·
1729 1237 1735 1244 ,

324 1254 386 1318 ligas
398 1255 464 1306 hano
477 1258 561 1314 tradit,
574 1262 632 1323 quia
643 1273 747 1329 τροπαι
766 1261 833 1309 circa
845 1256 869 1306 a.
888 1271 904 1306 a
916 1256 1020 1306 solstitio
1040 1259 1105 1308 diem
1117 1259 1239 1322 incipiunt
1258 1259 1428 1308 animadverti.
1466 1256 1535 1307 Nam
1555 1257 1685 1307 solstitium

326 1331 364 1376 cst
380 1327 449 1390 quies
463 1328 553 1379 durans
567 1328 600 1378 14
613 1333 665 1382 dies
679 1339 737 1383 anto
750 1325 824 1386 retro,
847 1325 935 1396 τρόπη
955 1335 994 1376 ast
1005 1337 1086 1380 motus
1105 1333 1131 1380 et
1144 1329 1266 1380 sensibilis
1277 1337 1366 1380 motus.
1403 1329 1484 1394 Igitur
1496 1329 1530 1380 ad
1543 1328 1686 1394 analogiam

325 1397 483 1448 solstitiorum
502 1403 720 1453 accommodarunt
738 1410 765 1453 et
782 1395 962 1466 aequinoctia.)
