3542 5528
333 258 376 328 26
618 335 626 349 ,Υ
722 329 727 345 ‚
925 261 1087 316 Prooemium.
1297 253 1301 281 ¹

332 438 364 476 na
381 423 527 488 peritissimo
545 423 642 489 quidam
661 422 753 476 artifici
766 422 896 482 hacteuus,
913 423 957 482 rel*
969 437 1014 488 per
1031 423 1184 478 insomnium.
1203 422 1229 472 'ur
1246 423 1354 472 mentem
1372 419 1446 470 veuit
1475 416 1531 468 lam
1544 429 1601 466 vero
1613 414 1681 500 Kap-

332 496 396 545 ierus
414 501 497 544 noster
515 495 671 545 sclerdssimo
691 509 720 544 es
739 495 875 558 geometria
892 496 991 545 invento
1010 495 1102 544 orbium
1120 508 1165 544 seu
1182 491 1339 562 sphaeramm
1358 489 1499 540 coelestium
1515 493 1610 538 certum
1629 485 1682 534 liur-

332 574 432 630 tumquo
451 581 579 618 numerum
597 572 624 615 at
641 565 759 620 ordinem.
779 570 852 629 atque
870 565 935 630 quod
952 567 1084 616 maximum
1103 571 1148 626 est,
1168 571 1261 615 comam
1278 562 1484 628 magnitudinum,
1504 561 1571 609 sicut
1588 563 1615 608 et
1631 572 1682 606 mo-

331 645 416 696 tuum,
436 637 469 688 ad
486 652 513 688 se
530 645 615 688 mutuo
633 638 812 701 proportionem
830 639 920 695 tradit;
945 643 970 687 et
987 637 1060 701 paulo
1079 637 1152 687 altius
1170 641 1249 685 sumto
1268 635 1337 684 initio
1355 633 1476 688 ostendit,
1497 630 1566 697 qnod
1584 627 1684 680 &catos

331 707 400 760 Deus
414 707 470 772 Opt
483 707 550 760 Mas-
569 711 595 758 iu
613 707 698 758 muudi
716 708 848 769 creatione,
865 711 938 772 justa
955 709 1060 774 quinque
1078 707 1226 774 regularium
1245 720 1370 770 corporum
1388 703 1603 770 geometricorum,
1624 699 1684 752 aliar

332 781 442 830 omnibus
461 781 590 844 geometris
608 780 796 836 notissimorum,
814 781 1002 844 proportionem,
1021 780 1138 846 sphaeras
1155 779 1273 828 coelestes
1290 775 1391 830 mobiles
1408 775 1580 829 fabricaverit.
1599 778 1683 822 asten·

331 851 410 907 derit,
430 851 588 914 disposuerit,
621 850 775 900 adomaserit
797 856 823 900 et
841 851 995 902 ordinaverit,
1033 851 1113 916 Atque
1130 851 1196 900 hauc
1214 850 1363 899 seutmtiam
1382 849 1433 912 ipse
1451 861 1501 896 nou
1519 845 1622 910 logicis,
1640 857 1684 894 uec

331 923 425 982 loribus
438 927 482 972 aut
494 921 585 978 dubiis.'
601 922 639 972 vel
653 921 765 978 anilibus,
783 921 859 972 multo
872 924 952 973 mium
972 923 1057 974 alienis
1076 928 1149 987 atque
1169 921 1200 970 ad
1212 923 1361 986 propositum
1373 933 1444 968 suum
1455 916 1577 968 violenter
1589 915 1685 964 adacds

331 994 485 1056 conjecturis·
504 993 548 1044 ted
566 994 693 1060 genuini&
711 994 892 1058 propriissimis,
912 1001 963 1046 tarn
981 1009 1012 1046 es
1029 1011 1109 1044 rerum
1127 999 1228 1054 natura,
1248 1006 1322 1056 quam
1340 1003 1371 1040 es
1387 991 1526 1058 geometria
1545 987 1684 1052 depromtis.

330 1065 416 1129 quibus
436 1063 569 1115 contradici
588 1079 637 1114 nou
655 1070 744 1130 potest,
764 1065 898 1116 ratiociniis
918 1066 1054 1116 coufirmat.
1092 1064 1200 1126 Quorum
1217 1063 1368 1129 potissimum
1387 1067 1432 1118 ast,
1456 1061 1647 1126 elegantissima
1663 1065 1686 1107 et

330 1137 475 1186 satisdare
491 1135 629 1192 harmonia,
649 1141 674 1185 at
685 1150 830 1198 ,consonans
849 1141 983 1188 concentus
1003 1136 1092 1188 calculi
1111 1135 1266 1186 astronomici
1285 1149 1314 1184 es
1327 1131 1537 1184 observationibus
1554 1134 1611 1194 jam
1631 1135 1685 1179 aute

314 1206 426 1271 proditi,
446 1222 508 1256 cum-
519 1209 625 1272 quinque
643 1208 791 1272 regularium
810 1222 937 1276 corporum
955 1209 1116 1263 diastematis.
1146 1205 1251 1267 Quantis
1265 1207 1329 1256 euim
1345 1203 1479 1254 intervallis
1498 1203 1624 1268 sphaerae
1643 1202 1685 1251 cir·

330 1279 492 1342 ssffisstripttt
512 1279 573 1328 tubo
592 1293 636 1328 ⁸⁰11
654 1279 790 1333 hesabdro.
812 1281 934 1342 pyramidi
952 1295 997 1330 seu
1014 1279 1151 1336 tetrabdro,
1170 1277 1338 1332 dodecabdro.
1356 1275 1500 1333 icosaedro,
1520 1273 1687 1328 ccmedrm

329 1348 439 1412 sphaeris
456 1349 495 1398 his
513 1350 600 1408 iisdem
619 1350 758 1414 cerporibus
777 1351 898 1414 inscriptis
918 1351 1041 1416 sigillatim
1055 1352 1163 1408 distaut;
1182 1355 1255 1398 tauta
1273 1351 1348 1398 etiam
1366 1348 1500 1398 interstitia
1516 1348 1586 1396 inter
1602 1345 1686 1409 plane·

329 1422 405 1472 tarias
424 1421 542 1486 sphaeras
562 1436 591 1473 es
610 1421 693 1472 ordine
712 1422 857 1486 interposita
875 1435 929 1472 essa
949 1424 1127 1472 astronomicae
1139 1421 1321 1470 numerationes
1340 1419 1471 1484 (quantum
1485 1417 1586 1482 qnidam
1601 1417 1633 1466 ab
1646 1416 1687 1469 sir,

328 1492 416 1556 qulbus
434 1507 484 1542 non
502 1507 583 1557 pauca
602 1492 682 1542 adbuc
706 1493 811 1544 deiicere
834 1508 904 1542 nemu
929 1494 1137 1544 observationibus
1155 1493 1265 1542 intentus
1283 1492 1377 1548 nescit,
1402 1490 1451 1539 huc
1468 1504 1547 1554 usque
1566 1487 1688 1552 praestari

327 1564 407 1626 potuit
430 1569 474 1613 aut
498 1566 641 1628 praestitum
666 1561 714 1622 est)
735 1565 866 1622 clarissime
885 1564 1003 1616 indicant
1044 1566 1082 1616 Ab
1099 1565 1147 1616 hoc
1165 1565 1240 1630 igitur
1257 1568 1378 1626 tempore.
1404 1562 1446 1626 qui
1464 1559 1592 1611 coelorum
1611 1565 1689 1608 motus

327 1634 423 1704 plenius
440 1636 576 1699 inquirere,
602 1641 628 1684 ot
646 1649 710 1699 quae
730 1639 755 1685 in
775 1637 926 1686 astronomia
944 1638 1024 1688 adhuc
1042 1651 1134 1688 manca
1158 1641 1229 1694 sunt,
1256 1634 1355 1684 redcere
1368 1671 1371 1677 .
1382 1639 1407 1683 at
1424 1633 1599 1698 redintegrare
1618 1628 1688 1684 volet,

326 1705 402 1757 habet
417 1709 470 1769 jam
489 1705 506 1755 b
523 1705 595 1770 priori
616 1711 745 1772 patentem
760 1709 875 1770 januam,
894 1723 944 1771 qua
961 1707 1120 1774 ingrediatur,
1138 1708 1214 1758 habat
1231 1707 1393 1756 rectissimam
1411 1719 1532 1762 normam,
1553 1702 1591 1752 ad
1609 1716 1688 1767 qum·

327 1792 376 1828 ceu
392 1776 425 1828 atl
443 1777 548 1842 Lydium
565 1777 687 1843 lapidem,
716 1793 801 1829 omnes
819 1793 878 1832 suae
902 1780 1099 1841 observationes,
1126 1785 1252 1840 totumque
1278 1777 1400 1828 caleulum
1426 1776 1559 1826 examinet.
1602 1773 1688 1826 Merito

326 1849 402 1916 igitur
414 1853 498 1900 nostro
511 1849 594 1900 seculo
614 1849 644 1900 de
656 1851 704 1901 hoc
718 1845 915 1901 excellentissimi
929 1851 1101 1902 Mathematici
1113 1850 1215 1916 chleri
1234 1850 1428 1914 ingeniosissimo
1447 1850 1549 1897 iuvante
1570 1845 1687 1914 gratulor,

252 1923 260 1946 l
326 1917 387 1970 nihil
406 1919 535 1978 dubitans.
555 1923 614 1984 quin
632 1937 676 1986 per
694 1921 719 1972 id
737 1926 818 1972 totam
835 1923 1009 1972 astronomiam
1026 1921 1167 1986 propediem
1184 1925 1349 1970 restauratam
1367 1919 1441 1968 visuri
1460 1919 1545 1968 simus.

370 1987 371 1992 ’
398 1989 470 2053 Quod
488 1993 509 2042 si
528 2007 609 2056 quem.
629 1994 693 2042 sicut
709 1993 830 2044 hactenus
848 2007 897 2042 nou
916 2007 1016 2055 paucos,
1036 1989 1165 2057 coperuici
1176 1991 1347 2056 hypothesium
1361 1989 1620 2056 andasiiiegirims
1634 2003 1688 2038 ceu·

327 2061 447 2112 damnata
466 2069 491 2112 et
508 2069 606 2128 praeter
624 2065 746 2114 rationem
763 2063 894 2114 diffamata
906 2064 1043 2116 absurditas
1056 2063 1172 2123 erectim
1192 2071 1218 2114 et
1236 2063 1299 2130 quod
1311 2062 1435 2126 Keplerus
1452 2062 1500 2111 hoc
1518 2076 1566 2112 suo
1582 2061 1689 2116 iuuenta

326 2147 378 2182 uua
397 2149 453 2183 cum
473 2131 622 2198 coponius,
647 2135 773 2186 stellarum
795 2135 899 2184 fixarum
917 2137 942 2184 iu
962 2144 1081 2195 extreme,
1108 2144 1133 2188 et
1152 2134 1215 2186 Solis
1232 2135 1257 2182 iu
1276 2133 1359 2184 mundi
1378 2139 1464 2183 canuc
1481 2133 1688 2187 immobilitatem.

326 2210 400 2269 atque
426 2203 517 2256 Terrae
542 2211 612 2256 astra
634 2207 742 2256 madium
766 2206 908 2256 circularem
926 2207 1088 2258 mobilitatem
1108 2208 1209 2258 astruit:
1236 2206 1257 2254 is
1275 2202 1366 2270 quaeso
1385 2203 1451 2269 prius
1471 2218 1523 2254 rem
1544 2210 1688 2268 cognoscat
1758 2267 1759 2270 Ἴ

326 2281 353 2328 et
371 2278 509 2334 examinet,
535 2288 610 2340 quam
627 2277 740 2342 praecoci
758 2277 907 2341 praejudicio
926 2281 1075 2328 antemium
1091 2279 1172 2335 furate
1198 2278 1219 2325 is
1242 2276 1325 2341 legat,
1353 2291 1418 2340 quae
1437 2273 1594 2340 Ceperuious
1612 2275 1652 2324 lib.
1671 2273 1689 2324 l.

325 2361 380 2410 cap.
401 2345 432 2396 V.
456 2352 482 2397 et
506 2349 612 2413 quinqua
637 2349 808 2413 sequentibus,
834 2351 893 2398 item
916 2364 980 2412 quae
1007 2350 1130 2414 Keplerus
1152 2355 1236 2399 noster
1259 2362 1315 2412 cap.
1334 2347 1354 2398 1.
1378 2350 1417 2397 sui
1434 2345 1567 2396 Prodrcrni
1591 2347 1688 2396 scribit:

324 2433 371 2469 nee
388 2432 439 2467 uon
457 2431 520 2483 quae
540 2418 660 2470 Rhetieus
678 2425 796 2484 sequente
814 2421 955 2470 narratione
974 2420 1064 2478 habet,
1092 2423 1135 2471 ubi
1152 2419 1300 2485 principales
1319 2421 1427 2470 rationes
1446 2427 1598 2474 enumerat.
1618 2431 1690 2482 quare

326 2495 469 2540 aveterum
487 2496 680 2542 uuonomorum
697 2491 872 2556 hypothesibus
890 2491 1054 2543 recedendum
1072 2494 1153 2544 luerit.
1190 2488 1223 2540 Et
1247 2490 1352 2554 ridebit:
1380 2490 1555 2556 quaestionem
1580 2488 1613 2540 de
1640 2489 1690 2538 luco

327 2565 353 2610 et
370 2567 491 2624 perpetua
507 2563 590 2627 quieta
608 2561 700 2615 Terras
718 2577 874 2627 nequaquam
892 2561 1009 2626 liquidam
1027 2577 1090 2614 esse.
1128 2563 1225 2624 Quibus
1243 2559 1309 2611 istud
1328 2561 1445 2626 adiungo.

399 2631 503 2682 Uritatis
522 2646 583 2683 sarra
601 2633 789 2698 hypothesibus,
813 2648 877 2698 quae
904 2635 1095 2698 praescriptione
1120 2635 1201 2700 potius
1224 2647 1298 2696 quam
1313 2634 1412 2682 ratione
1431 2629 1517 2682 valent
1542 2629 1649 2690 (idcirco
1667 2637 1690 2680 et

325 2701 399 2767 vulgo
420 2716 463 2753 eas
480 2705 590 2767 proponi,
610 2712 639 2755 at
653 2711 753 2768 tyrones
771 2706 882 2768 primitus
899 2704 925 2756 iu
944 2707 990 2766 eir,
1006 2705 1074 2755 velut
1086 2707 1245 2758 communiter
1258 2705 1330 2777 uotis!
1351 2710 1377 2754 et
1394 2704 1425 2753 ob
1443 2703 1469 2752 id
1487 2703 1573 2766 ipsum
1593 2703 1690 2766 cognitu

293 2825 298 2836 ,
327 2774 493 2838 facilioribus,
517 2775 641 2826 informari
659 2777 737 2829 satius
755 2783 781 2828 et
799 2775 933 2827 consultius
952 2783 1003 2826 est:
1022 2778 1058 2826 ita
1077 2777 1176 2828 easdem
1194 2774 1220 2826 in
1240 2777 1327 2826 ceteris
1346 2773 1576 2838 disputationibus.
1595 2774 1643 2824 nisi
1659 2773 1689 2822 sd

327 2845 445 2898 interiora
463 2848 627 2898 astronomiae
644 2847 784 2912 paoetrulia
800 2847 986 2912 ingrediendum
1005 2849 1044 2902 sit.
1065 2849 1226 2898 communiter
1243 2847 1352 2905 retineri,
1372 2846 1478 2896 eandem
1497 2846 1529 2894 ob
1549 2859 1653 2898 causam
1664 2849 1691 2891 ut

327 2915 457 2982 plurimum
476 2913 586 2982 expedit)
605 2917 683 2970 Terra
699 2920 724 2968 iu
743 2917 823 2970 medio
842 2920 926 2982 quieta
943 2919 1073 2973 statuitur.
1092 2921 1217 2984 potissimo
1236 2923 1381 2982 argumente
1400 2931 1417 2967 a
1434 2917 1571 2982 gemmus
1591 2922 1618 2966 et
1635 2915 1688 2964 leri-

326 2989 386 3038 tatis
404 2991 534 3039 momentis
552 2989 679 3048 desumto.
706 2993 765 3054 quia
787 2991 873 3055 gravia
891 2990 923 3040 ad
941 2989 1026 3039 mundi
1049 2990 1156 3042 medium
1179 2989 1306 3046 deorsum,
1331 2989 1397 3038 laria
1418 2989 1451 3060 ab
1475 2985 1594 3050 ejusdem
1613 2986 1688 3036 medic

326 3073 422 3109 sussum
440 3059 497 3112 terri
516 3060 639 3112 deuotus.
675 3064 711 3112 At
729 3075 820 3125 quaeso
838 3061 903 3111 unde
922 3062 992 3110 nobis
1008 3061 1073 3112 haec
1091 3061 1179 3111 levium
1198 3061 1355 3126 graviumque
1382 3057 1559 3122 experientia?
1589 3065 1617 3108 et
1634 3071 1688 3122 quu-

325 3145 403 3196 uaque
428 3145 512 3183 aeuum
537 3134 628 3183 aedua
650 3131 717 3196 apud
739 3147 784 3181 nos
806 3145 833 3181 se
857 3131 982 3200 extendit,
1008 3138 1037 3181 ut
1061 3149 1091 3183 es
1120 3133 1156 3182 eis
1174 3133 1248 3182 totius
1267 3131 1352 3180 muudi
1370 3131 1481 3180 medium
1498 3135 1570 3180 certo
1591 3143 1689 3196 arguere

325 3199 465 3265 pessimus?
492 3203 532 3252 An
548 3216 601 3254 uon
620 3203 698 3252 omnis
716 3200 789 3252 redes
808 3207 834 3251 et
851 3202 1095 3266 totum-domicilium
1115 3205 1222 3252 omnium
1242 3217 1334 3264 eorum,
1352 3215 1416 3267 quae
1434 3201 1506 3251 uubis
1526 3203 1618 3267 gravia
1636 3207 1689 3250 runt

327 3277 370 3321 aut
388 3270 461 3328 lesia.
481 3270 566 3329 Terra.
586 3279 612 3322 et
630 3273 698 3322 circa
715 3271 817 3320 Terram
829 3285 880 3320 vaer
898 3271 954 3321 esti
983 3271 1033 3324 Sed
1045 3275 1103 3340 quid
1115 3267 1200 3331 Terra,
1218 3272 1277 3338 quld
1295 3288 1351 3323 eam
1369 3273 1481 3324 ambiens
1501 3286 1555 3332 aar,
1577 3277 1688 3338 respectu

325 3342 462 3392 immensae
480 3343 555 3394 totius
573 3343 658 3393 muudi
676 3339 821 3391 rastitatis?
847 3341 971 3392 Punctum
984 3351 1049 3401 suut,
1069 3347 1118 3394 sive
1132 3343 1249 3408 punctuli¹
1270 3349 1295 3394 et
1313 3345 1333 3393 si
1352 3343 1409 3409 quid
1428 3344 1510 3393 miuus
1530 3343 1584 3396 dici
1601 3349 1687 3409 posset

325 3413 448 3462 rationem
459 3413 560 3466 habent.
583 3412 663 3475 ¹Quod
681 3428 738 3463 cum
755 3413 795 3469 sit
816 3427 848 3462 au
867 3428 915 3462 uon
933 3413 1099 3479 philosophum
1120 3417 1242 3466 dicturum
1259 3421 1342 3479 putas,
1362 3414 1427 3480 qued
1444 3413 1546 3465 infirma
1560 3429 1688 3482 argumen-

325 3483 388 3532 tatio
407 3496 424 3532 a
440 3484 571 3547 particula,
591 3485 641 3533 sire
658 3483 705 3532 hoo
723 3482 840 3546 punctulo
860 3484 892 3533 ad
909 3489 988 3534 tetum
999 3487 1115 3537 muudum
1129 3485 1273 3536 astruatur?
1301 3486 1358 3536 Nou
1378 3500 1437 3552 ergo
1461 3501 1492 3536 es
1514 3487 1557 3556 iis,
1578 3501 1643 3552 quac
1661 3486 1690 3536 sd

325 3553 372 3604 hcc
389 3555 534 3616 punctulum
552 3559 681 3619 appetunt.
700 3553 748 3604 rel,
759 3555 790 3604 ab
810 3570 838 3604 eo
856 3556 994 3622 refugiunt,
1011 3558 1042 3608 de
1061 3558 1234 3623 spatiosissimi
1252 3558 1325 3620 hujus
1343 3557 1428 3607 muudi
1447 3563 1535 3608 centro
1558 3560 1622 3610 certi
1640 3569 1690 3608 ame

287 3623 303 3630 “
325 3637 460 3689 pessumus.
492 3625 585 3676 Locum
603 3624 702 3689 quidem
719 3639 791 3676 suum
808 3628 938 3690 proprium,
958 3628 998 3691 qui
1017 3627 1158 3692 philosopho
1176 3633 1242 3678 teste
1261 3635 1300 3677 sat
1317 3629 1437 3693 perieotio
1455 3629 1501 3686 rei,
1519 3627 1591 3690 haee
1610 3634 1691 3679 nesus

325 3695 412 3759 gravia
436 3701 462 3744 et
489 3697 553 3746 levia
576 3711 593 3744 a
613 3701 705 3745 natura
724 3696 769 3746 sibi
788 3697 904 3764 tributum
923 3705 1058 3761 appetunt.
1084 3714 1158 3762 quam
1181 3699 1353 3758 affectionem,
1381 3707 1409 3750 ut
1428 3699 1587 3763 Goperuicus
1606 3701 1647 3750 lih.
1668 3697 1689 3747 l.

325 3779 380 3828 cap.
401 3761 428 3812 tt
445 3767 539 3817 erudite
558 3767 670 3823 disserit,
690 3766 805 3816 credibile
823 3775 862 3818 est
879 3769 954 3818 etiam
973 3767 1037 3826 Soli.
1056 3769 1156 3827 Lunae,
1182 3771 1317 3834 ceterisque
1342 3772 1477 3822 amantium
1495 3772 1638 3837 fulgoribus
1654 3773 1687 3822 in·

326 3849 388 3891 ease.
407 3841 436 3884 ut
453 3839 506 3898 ejus
524 3837 637 3887 efficacia
654 3838 680 3886 iu
699 3851 738 3892 aa.
757 3852 807 3901 qua
826 3853 852 3888 se
871 3846 1067 3902 repraesentant.
1086 3841 1238 3892 rotunditate
1255 3849 1435 3906 permaneant:
1458 3843 1527 3907 quod
1544 3845 1567 3892 ai
1586 3845 1608 3893 is
1626 3844 1689 3892 locut

326 3905 416 3956 alicubi
434 3907 505 3958 timul
524 3909 556 3958 sit
575 3909 660 3958 mundi
678 3915 798 3966 cernuum,
816 3910 843 3959 id
859 3924 909 3959 non
924 3911 971 3959 uisi
984 3925 1027 3974 par
1040 3912 1155 3962 meldens
1167 3915 1297 3978 contingit.
1326 3913 1420 3964 Verum
1433 3912 1570 3976 coperoiei
1583 3915 1689 3966 rationes

326 3980 506 4096 mtrcppmicaa
523 3993 574 4028 neu
593 3979 762 4042 apertionis,
788 3993 866 4046 eaque
891 3981 1069 4039 minutissima,
1094 3981 1126 4032 ad
1143 3988 1237 4032 totum:
1261 3984 1306 4034 sed
1324 3991 1425 4043 souma,
1444 3999 1463 4036 a
1479 3990 1537 4035 toto
1556 3986 1689 4051 adparatu

326 4061 385 4110 proc
418 4055 471 4097 unt

396 4116 446 4167 Sed
464 4124 490 4170 et
508 4133 539 4192 ps
556 4120 607 4183 ipso
627 4118 798 4182 hypothesium
817 4123 963 4172 usitatarum
976 4129 1002 4172 et
1015 4121 1143 4187 Gopernici
1154 4126 1271 4188 processu
1282 4126 1356 4177 lacile
1370 4129 1525 4193 quaemus,
1546 4135 1623 4180 utrae
1640 4128 1689 4192 plus

328 4188 385 4238 lidai
408 4197 556 4239 mereauurr.
593 4191 691 4239 Etenim
710 4191 838 4256 Gopemlci
865 4192 1011 4256 hypotheses
1039 4195 1146 4244 omnium
1173 4195 1266 4246 orbium
1288 4203 1315 4247 et
1339 4197 1503 4261 sphaerarum
1530 4201 1646 4252 ordinem
1667 4206 1691 4248 et

325 4260 520 4324 magnitudinem
538 4261 573 4311 sic
591 4268 733 4324 numerant,
759 4264 906 4327 disponunt,
931 4271 1083 4314 connectunt
1106 4273 1132 4315 et
1154 4268 1302 4324 medentur,
1329 4274 1357 4318 ut
1374 4269 1436 4322 nihil
1454 4271 1595 4335 quicquam
1612 4273 1639 4321 iu
1657 4271 1690 4322 eir

325 4331 415 4381 mutari
435 4337 480 4380 aut
497 4333 637 4395 transponi,
656 4334 709 4383 sine
727 4336 801 4384 totius
819 4335 926 4383 universi
947 4334 1103 4391 contusione.
1127 4337 1218 4399 possit;
1242 4340 1300 4402 quin
1320 4341 1396 4392 eiiam
1415 4343 1495 4392 omnis
1516 4341 1645 4392 debentia
1661 4343 1689 4390 ds

325 4403 373 4450 situ
392 4407 418 4452 et
436 4403 499 4451 aeris
517 4401 601 4466 procul
620 4402 719 4454 esclusa
736 4411 829 4456 manet.
866 4405 976 4454 acorna
1003 4407 1028 4453 in
1053 4406 1229 4468 hypothesibus
1252 4411 1351 4460 udtads
1381 4427 1500 4464 uumerus
1526 4413 1689 4477 sphaerarum

325 4475 433 4523 incertus
452 4477 497 4522 est
533 4473 581 4522 alii
599 4476 663 4522 euim
681 4489 780 4534 norem,
800 4477 841 4526 alii
861 4473 908 4531 10,
928 4476 969 4524 alii
989 4474 1020 4522 11
1041 4476 1158 4538 sphaeras
1176 4487 1316 4538 numerant,
1336 4497 1383 4532 neo
1402 4483 1486 4534 adhuc
1504 4486 1629 4536 conuenit
1645 4499 1687 4534 nu·

324 4552 412 4594 merua.
451 4541 516 4592 Ordo
535 4544 625 4592 ibidem
643 4551 682 4594 ast
699 4546 799 4596 dubius:
819 4547 924 4610 delinita
942 4545 1068 4598 &tanda
1088 4555 1186 4610 praeter
1205 4545 1237 4609 Θ
1259 4555 1285 4600 et
1303 4546 1340 4615 J).
1360 4553 1431 4604 nulla
1448 4553 1513 4612 dari.
1534 4557 1631 4607 nedum
1649 4556 1687 4606 tle·

325 4615 456 4664 monstrari
473 4619 562 4677 potest.
599 4613 638 4664 De
657 4615 769 4674 Venere.
789 4617 911 4670 Mercurio
930 4621 956 4665 et
974 4615 1031 4666 Sole
1050 4618 1079 4666 lia
1097 4617 1204 4668 nondum
1224 4624 1363 4686 composita
1380 4632 1433 4684 est,
1458 4641 1507 4678 uec
1519 4634 1689 4692 componatur

325 4697 440 4748 unquam.
470 4684 679 4749 Regicmontanus
697 4687 738 4737 lib.
752 4685 776 4736 9.
790 4703 845 4752 cap.
861 4684 885 4734 l.
905 4687 1029 4751 Epitcmes
1047 4689 1072 4736 in
1086 4689 1184 4753 armrg.
1195 4689 1261 4740 Ptol.
1281 4694 1421 4751 confitetur.
1441 4697 1510 4761 quot
1528 4705 1589 4750 uter
1607 4714 1687 4755 acrum

325 4753 410 4806 Venus
427 4755 466 4807 rel
484 4754 619 4806 Merendae
642 4771 715 4823 supra
740 4758 844 4809 alterurn
870 4759 989 4826 situatur,
1016 4759 1083 4812 nulla
1109 4761 1254 4813 certitudine
1277 4763 1428 4828 deprehendi
1452 4771 1540 4834 possit
1582 4771 1616 4820 Er
1633 4771 1688 4821 lieet
