3542 5528
269 215 314 300 ro
517 239 520 246 ’
866 207 1030 288 moesiam

269 393 409 474 generale
433 399 519 454 esset
542 391 704 474 decretum,
727 394 867 476 princeps
891 395 1023 457 officinm
1046 412 1144 456 meum
1167 393 1302 458 neutrale
1322 411 1389 456 esse
1405 402 1556 458 exemtuur
1572 393 1631 456 de-

270 484 409 557 clararet,
434 501 471 543 ne
487 481 540 544 illo
556 481 676 544 decreto
691 484 809 546 veniam
823 483 853 545 in
865 485 1051 564 periculum,
1077 484 1102 546 si
1117 503 1218 546 morer
1232 484 1262 545 in
1277 483 1439 564 provincia.
1484 484 1631 564 Respon-

267 591 333 634 sum
356 579 403 634 est
427 571 475 634 his
498 570 614 633 verbis:
641 571 849 646 „lhanrchh
865 575 974 657 uibllen
996 573 1067 636 a'uss
1091 573 1218 636 sondern
1237 565 1361 653 'gnadeu
1384 573 1545 656 veruilligt
1568 574 1631 636 ha-

218 713 223 726 .
268 662 345 736 ben,
384 661 456 724 dass
480 659 660 740 Supplicant
683 661 845 742 Ungeacht
869 663 923 725 der
946 663 1068 743 general
1099 663 1312 743 ausschaliun'g
1340 671 1398 724 eto.
1424 663 1500 725 noch
1525 665 1634 744 lenger

269 749 359 812 allhie
383 750 554 813 verbleiben
579 758 695 830 mitge.
724 751 809 814 Doch
834 752 891 814 soll
916 771 948 838 er
971 752 1034 814 sich
1051 753 1254 815 allenthalben
1273 752 1631 830 gebiirlicherBeschai-

268 839 392 902 denheit
421 839 608 920 gebrauchen
643 840 701 901 u'nd
735 840 797 902 sich
832 842 898 903 also
930 841 1166 908 Voverneislich
1198 841 1370 916 verbalten,
1404 841 1500 904 damit
1523 844 1562 904 lr.
1588 841 1630 904 D.

268 928 391 992 solliche
415 928 494 1009 'good
518 928 609 990 wider
632 929 816 992 aufzuheben
841 931 885 994 nit
910 929 1086 993 verursacht
1104 931 1233 994 werde.“
1271 931 1388 994 Dicitur
1405 931 1546 1012 princeps
1571 932 1630 993 de-

205 1043 209 1054 ’
270 1018 376 1081 lectari
399 1017 474 1081 nieis
498 1017 728 1094 inventionibus,
754 1027 785 1081 et
808 1021 966 1082 Manechio
990 1020 1110 1100 quidam
1134 1019 1322 1102 consiliarius
1342 1020 1420 1082 solet
1435 1021 1473 1082 ad
1487 1039 1534 1082 me
1549 1020 1631 1083 scri-

268 1109 349 1180 bere,
373 1108 452 1169 nudo
477 1107 629 1168 faventem
652 1105 749 1169 habeo
774 1109 884 1172 aulam.
933 1107 1012 1180 Quid
1037 1107 1156 1172 autem?
1179 1107 1368 1172 Manebone?
1399 1110 1445 1174 At
1468 1129 1505 1174 ex
1528 1110 1630 1172 omni-

267 1197 324 1259 bns
347 1196 443 1260 tribus
465 1195 629 1277 provinciis
648 1197 757 1259 exacti
786 1198 916 1261 ministri
944 1197 1066 1279 publici.
1114 1197 1228 1262 Latent
1258 1197 1327 1261 hinc
1360 1199 1427 1260 inde
1455 1200 1565 1279 privati
1597 1199 1630 1261 in

154 1370 158 1378 Ι
267 1286 396 1350 arcibus.
424 1285 488 1348 ·At
512 1286 537 1349 si
562 1285 627 1366 quis
651 1285 708 1348 civi
731 1287 875 1368 principis
898 1287 1030 1372 peoienti
1053 1287 1169 1367 petenti
1191 1287 1319 1368 porrigit
1341 1295 1572 1356 sacramentnm.
1597 1297 1629 1348 et

269 1377 333 1457 ipse
357 1375 488 1457 pellitur.
536 1371 660 1438 Civibus
686 1375 1015 1456 imperaratoria.
1040 1377 1297 1456 parochiaurbis,
1323 1379 1630 1458 aquapetantbap-

266 1467 399 1540 tismnm,
424 1457 650 1528 benedictiones
674 1465 879 1546 conjugiorum
906 1466 983 1546 „und
1008 1466 1118 1526 andere
1144 1464 1334 1546 dergleichen
1350 1466 1495 1530 heilsame
1511 1465 1629 1530 Sacra-

267 1562 366 1617 mcnte
389 1554 448 1615 und
465 1547 943 1636 Gottesdienstbesuechungen⁸¹.
979 1545 1031 1616 lbo
1056 1554 1167 1634 igitur?
1204 1555 1249 1618 At
1272 1575 1348 1619 uxor
1369 1556 1515 1618 adhaeret
1537 1557 1630 1618 bonis

269 1643 332 1710 suis
357 1650 388 1706 et
412 1643 476 1723 spei
500 1643 643 1704 bonorum
663 1639 835 1722 patriorum.
871 1645 1021 1708 'Videntur
1045 1643 1143 1706 omnia
1166 1645 1340 1720 deserenda,
1366 1653 1455 1726 atque
1480 1647 1548 1726 ipsa
1570 1646 1631 1707 ad-

270 1753 305 1795 eo
329 1732 469 1825 privigna
487 1751 556 1794 mea
579 1728 600 1796 8
624 1751 776 1806 annomm
800 1733 890 1813 patilo
904 1744 975 1814 post
988 1733 1115 1815 papatui
1129 1733 1284 1810 initianda,
1309 1735 1335 1796 si
1351 1744 1478 1798 matrem
1494 1735 1630 1798 amittat.

267 1823 343 1886 Tum
368 1820 433 1901 quis
458 1821 525 1894 scit,
551 1821 600 1901 qui
624 1829 724 1884 status
748 1817 960 1903 vossit'xpost
979 1824 1054 1886 haec
1078 1831 1271 1904 excepturus·
1305 1825 1454 1887 Maturuit
1476 1825 1633 1887 vindemia

267 1912 329 1975 irae
353 1910 411 1974 Dei
436 1911 527 1972 etiarn
552 1911 633 1991 apud
655 1929 720 1972 vos.
768 1910 1002 1974 Tumultuantnr
1024 1912 1133 1976 omnia.
1182 1913 1300 1994 ltaque,
1325 1915 1403 1993 quod
1427 1915 1631 1996 jampridem

268 2019 344 2082 ago,
378 2019 467 2079 agere
491 2018 627 2081 pergam.
675 1999 780 2079 Neque
803 1999 1056 2080 Wirienrbcrgico
1081 2001 1274 2080 supplicabo,
1308 2003 1481 2084 prinsquam
1505 2004 1630 2084 penitus
1689 2043 1694 2053 ·

269 2090 420 2165 extrudar,
446 2107 541 2168 neque
565 2087 591 2150 si
615 2107 677 2168 qna·
697 2086 877 2151 Stuccardia
899 2091 970 2152 mihi
995 2091 1130 2169 imminet
1153 2090 1281 2166 vocatio,
1306 2093 1466 2172 impediam
1491 2101 1545 2155 aut
1568 2093 1629 2154 inr-

268 2179 402 2260 peditam
427 2176 549 2262 optabo.
595 2177 676 2240 Nam
700 2177 725 2238 si
749 2178 820 2240 talis
844 2199 938 2242 causa
959 2180 1106 2262 horologii
1131 2181 1254 2264 vocatio
1269 2182 1395 2256 venerit,
1421 2201 1540 2262 semper
1554 2181 1630 2245 mihi

270 2268 328 2330 erit
351 2262 509 2347 integrum,
536 2265 703 2328 deliberare
727 2267 763 2328 de
788 2269 997 2349 amplectenda
1021 2281 1073 2332 aut
1097 2269 1276 2332 declinanda
1299 2271 1361 2334 illa.
1408 2269 1476 2335 Nisi
1497 2271 1579 2334 alind
1594 2280 1631 2334 tu

269 2354 460 2436 etCollegae
484 2363 515 2417 et
529 2355 567 2417 D.
584 2355 789 2422 Haserelle'rus
816 2359 991 2433 consulatis,
1017 2369 1139 2440 quorum
1163 2359 1291 2422 omnium
1314 2359 1439 2422 consilia
1463 2362 1522 2423 etsi
1539 2361 1632 2424 foeda

266 2445 324 2508 hac
347 2464 437 2507 mann
459 2451 491 2506 et
505 2437 623 2524 pictura
638 2444 757 2521 literae,
781 2466 818 2509 ex
838 2449 935 2510 animo
950 2457 1050 2512 tamen
1067 2457 1098 2510 et
1113 2466 1178 2510 cum
1194 2447 1297 2511 debita
1310 2449 1482 2513 reverentia
1497 2458 1629 2530 expeto:

267 2535 442 2618 praestitos
475 2553 521 2595 me
554 2534 602 2596 hio
636 2537 725 2614 agere
755 2536 1018 2614 mathematicum,
1052 2539 1169 2618 qualern
1193 2538 1293 2621 Tycho
1325 2539 1455 2612 (ratione
1486 2539 1546 2601 loci
1570 2558 1630 2602 non

268 2623 460 2698 eruditionis)
481 2622 511 2684 in
525 2623 634 2698 Dania‚
661 2623 829 2688 solitarium
853 2647 897 2690 sc.
922 2645 977 2690 nec
1001 2627 1058 2689 nisi
1074 2627 1195 2706 scriptis
1210 2629 1282 2690 olim
1297 2629 1476 2710 loquentem,
1502 2647 1631 2692 ansero

268 2713 372 2775 veneri
395 2712 568 2775 occasiones
593 2713 732 2794 loquendi
762 2715 798 2776 de
832 2717 979 2779 cathedra*
1005 2716 1034 2777 in
1064 2717 1164 2797 aliqua
1192 2717 1269 2779 forte
1302 2717 1483 2780 academia?
1507 2753 1509 2756 ·
1529 2717 1632 2790 Quam

269 2803 475 2884 quaestionem
511 2803 578 2866 loco
613 2802 822 2866 valedictionis
851 2813 886 2874 et
911 2805 1062 2869 otiiciosae
1095 2805 1287 2868 salutationis
1316 2805 1451 2888 omnibus
1481 2825 1630 2888 propono.

269 2891 399 2968 Valete,
422 2909 476 2972 pro
500 2893 586 2954 nobis
610 2901 704 2955 orate.
751 2889 782 2956 9.
807 2895 930 2958 Decem.
978 2899 1057 2959 sin.
1083 2891 1135 2960 98.
1432 2893 1439 2906 '

547 2975 604 3045 Ex.
629 2982 664 3044 T.
711 2981 817 3046 Notus·
1113 3061 1117 3070 Ι
1226 2972 1285 3045 Μ.
1309 2977 1444 3066 Kepier.

706 3101 711 3112 ·
764 3091 769 3102 ·
1047 3073 1209 3136 Procerum
1234 3071 1356 3154 Styriae
1379 3067 1631 3137 Mathematicus.

339 3209 510 3312 Koplerus,
530 3252 559 3296 Ui
576 3245 792 3310 ffiifstffleilllm
810 3249 949 3310 scripserat,
970 3247 1117 3303 Galila‘eu
1135 3249 1295 3301 Prodromnm
1310 3247 1385 3302 'sunm
1401 3229 1534 3301 Patariam
1552 3237 1632 3310 misit,

269 3322 309 3387 qui
328 3321 423 3385 gratias
442 3320 494 3385 egit
513 3333 556 3383 pro
574 3317 732 3368 munerabis
751 3317 845 3368 verbis:
1094 3341 1096 3348 ,
1137 3347 1141 3358 .
1308 3343 1311 3350 ,

338 3425 440 3476 Librum
458 3431 543 3480 tuum,
562 3423 702 3477 docu'ssime
719 3411 769 3484 vir,
791 3438 806 3474 a
824 3421 852 3473 P.
873 3424 1023 3491 Ambergero
1042 3426 1132 3478 adme
1150 3429 1250 3478 missum
1269 3424 1372 3492 accepi,
1391 3441 1441 3476 nou
1459 3425 1560 3491 quidem
1579 3425 1632 3478 die·

268 3499 323 3554 bue,
342 3497 387 3548 sed
403 3499 489 3560 paucis
505 3495 598 3546 abhinc
615 3495 695 3552 horisr
716 3506 819 3559 cumque
838 3495 903 3546 idem
915 3495 1007 3546 Paulus
1026 3499 1058 3548 de
1076 3514 1120 3548 suo
1137 3501 1218 3550 reditu
1236 3500 1261 3549 iu
1272 3500 1431 3549 Germaniam
1442 3503 1541 3548 mecum
1554 3499 1634 3549 rerba

269 3571 378 3626 laceret,
398 3570 489 3634 ingrati
508 3567 616 3630 proiecto
635 3566 710 3615 animi
729 3566 837 3616 intusum
856 3581 909 3618 esse
928 3569 1077 3626 existimari,
1103 3572 1150 3620 nisi
1168 3572 1236 3621 hisce
1255 3573 1331 3621 literis
1348 3571 1393 3620 tibi
1412 3571 1442 3620 de
1460 3583 1564 3621 munere
1584 3584 1632 3621 ac-

272 3648 343 3706 cepto
362 3640 456 3706 gratias
476 3653 584 3704 agerem.
622 3639 677 3702 Ago
694 3638 769 3702 igitur
787 3644 812 3688 et
830 3653 913 3688 rursus
931 3655 1005 3704 quam
1023 3643 1144 3692 maximas
1163 3657 1219 3708 ago.
1239 3643 1303 3708 quod
1321 3657 1360 3692 me
1379 3640 1424 3691 tali
1443 3648 1591 3706 argumento
1605 3643 1633 3692 in
1684 3637 1692 3662 ²

271 3719 342 3763 tuam
360 3712 494 3761 amicitiam
513 3721 649 3758 convocare
666 3709 699 3756 sis
718 3709 841 3772 dignatus.
879 3709 916 3760 Ex
934 3711 993 3761 libro
1012 3713 1048 3762 nil
1067 3713 1148 3763 adhuc
1166 3714 1231 3774 iidi,
1250 3715 1297 3762 nisi
1314 3714 1509 3778 praelationem,
1530 3725 1561 3762 cx
1580 3725 1632 3777 qua

271 3781 357 3834 tamen
375 3780 617 3847 quantulumcrinque
635 3787 704 3829 tuam
721 3783 819 3845 percepi
837 3783 1015 3842 intentionem.
1036 3791 1062 3835 et
1079 3786 1187 3849 prolecto
1206 3800 1358 3849 summopere
1377 3784 1503 3850 gratulor.
1529 3790 1633 3839 tantum

272 3870 312 3905 me
335 3857 360 3902 in
383 3843 527 3916 indaganda
548 3851 652 3900 veritate
677 3853 769 3900 socium
787 3853 879 3904 habere
897 3856 1009 3920 adeoque
1026 3858 1102 3920 ipsius
1119 3859 1230 3908 veritatis
1250 3859 1364 3907 amicum.
1401 3855 1543 3906 Miserablls
1563 3857 1633 3906 enim

274 3925 406 3988 escenso
425 3937 492 3973 raros
512 3937 565 3971 esso
584 3923 694 3972 veritatis
713 3924 849 3985 studiosos,
870 3933 896 3976 et
914 3928 955 3992 qui
973 3943 1023 3978 non
1041 3943 1181 3992 perversam
1199 3929 1384 3993 philosophandi
1402 3928 1526 3978 rationem
1544 3942 1631 3991 prose·
1677 3935 1682 3944 ·

273 4001 395 4062 quantur:
415 4000 443 4043 at
460 3995 518 4057 quia
536 4009 584 4043 non
603 3992 747 4056 deplorandi
765 3999 843 4062 nostri
860 4000 936 4050 seculi
953 4001 1064 4051 miserias
1082 4000 1122 4050 hic
1138 4001 1206 4050 locus
1219 4007 1266 4057 est.
1285 4001 1329 4050 sed
1342 4007 1424 4050 tecum
1437 3999 1632 4063 congratulandi

258 4068 305 4118 ·de
322 4065 489 4130 pulcherrimis
506 4065 532 4113 in
550 4066 660 4114 veritatis
678 4066 887 4128 confirmationem
905 4072 1029 4122 inventis:
1056 4071 1111 4120 ideo
1134 4071 1181 4121 hoc
1203 4077 1302 4122 tantum
1326 4071 1417 4121 addam
1440 4075 1466 4120 et
1484 4070 1629 4133 pollicebor‚

273 4152 314 4188 me
332 4149 410 4200 aequo
429 4136 511 4186 animo
529 4135 616 4194 librum
635 4143 704 4188 tunm
722 4138 885 4202 perlectumm
904 4157 966 4204 esse,
985 4157 1040 4193 cum
1059 4149 1140 4193 certus
1158 4143 1212 4200 sim,
1230 4157 1270 4192 me
1288 4142 1451 4206 pulcherrima
1468 4143 1561 4205 inipso
1575 4156 1632 4191 esse

274 4214 433 4273 reperturum.
470 4205 500 4256 Id
519 4214 603 4258 autem
621 4223 650 4258 eo
667 4208 782 4260 libentius
800 4209 901 4269 faciam,
920 4215 984 4278 quod
1001 4216 1027 4264 in
1041 4213 1170 4278 Copemici
1183 4216 1331 4265 sententiam
1343 4213 1425 4263 multis
1444 4211 1536 4262 abhinc
1556 4214 1632 4262 annis

275 4281 396 4340 renerius,
422 4291 453 4328 ac
471 4291 500 4326 ex
519 4279 564 4328 tali
581 4281 701 4344 positione
719 4283 848 4342 multorum
868 4285 943 4334 etiam
961 4287 1111 4336 naturalium
1121 4285 1265 4341 werinum
1284 4299 1376 4340 causae
1394 4287 1445 4333 sint
1463 4298 1480 4333 a
1497 4297 1537 4334 nro
1558 4285 1630 4334 adin·

275 4355 378 4409 ventac,
408 4348 562 4414 quae·dnbio
580 4351 663 4414 procul
681 4367 724 4415 per
742 4369 894 4405 communem
913 4355 1060 4424 hypothesin
1078 4357 1261 4423 inexplicabiles
1278 4363 1343 4408 sunt
1381 4355 1475 4406 Multas
1495 4356 1632 4418 conscripsi

254 4487 255 4493 ¹
276 4429 303 4472 at
320 4422 427 4472 rationes
446 4425 681 4486 etargnmenturum
699 4425 724 4474 in
744 4428 891 4476 eontrarium
910 4429 1055 4486 eversiones,
1074 4443 1136 4493 quas
1153 4435 1237 4480 tamen
1254 4431 1279 4478 in
1292 4428 1371 4479 lucem
1384 4428 1508 4491 hucusque
1521 4427 1632 4490 prolerre

275 4507 326 4544 uon
343 4508 397 4543 sum
416 4506 508 4548 ansus,
531 4493 630 4543 inmune
648 4496 722 4559 ipsius
742 4495 868 4561 Copernici
886 4502 1052 4564 praeceptoris
1069 4501 1147 4552 nostri
1165 4502 1323 4565 perterritus:
1353 4499 1393 4564 qui
1417 4497 1475 4548 licet
1498 4498 1544 4547 sibi
1562 4497 1633 4562 apud

276 4565 371 4630 aliquos
383 4563 544 4620 immortalem
556 4564 648 4616 lamam
660 4570 791 4630 paraverit.
811 4571 876 4634 apud
893 4571 1001 4620 infinitos
1018 4577 1102 4622 tamen
1122 4569 1217 4634 (tantus
1230 4572 1295 4622 enim
1308 4577 1346 4622 eat
1357 4571 1487 4620 stultorum
1498 4566 1632 4631 numerus)

276 4636 392 4686 ridendus
410 4641 437 4685 st
454 4634 619 4698 explodendas
636 4639 733 4702 prodiit.
770 4641 893 4691 Auderem
919 4642 1029 4704 profecto
1053 4657 1122 4694 meas
1148 4644 1310 4709 cogitationes
1335 4655 1463 4707 promere,
1492 4642 1513 4689 si
1538 4640 1632 4704 plnres,

187 4726 191 4734 ·
280 4707 358 4772 qualis
376 4713 404 4757 tu
420 4721 454 4768 es,
475 4713 602 4770 extarent;
622 4717 653 4776 at¹
666 4725 721 4759 cum
738 4727 788 4761 non
806 4713 868 4769 sint,
886 4713 1024 4774 huiusmodi
1042 4716 1142 4781 negotio
1160 4713 1330 4778 supersedebo.
1347 4763 1350 4772 ,
1366 4713 1492 4776 Temporis
1511 4713 1634 4776 auguralia

281 4784 306 4836 ti
322 4778 402 4841 illidio
420 4777 507 4840 ‚librum
524 4779 708 4847 maurogenna
726 4797 806 4838 vexor.
826 4798 906 4847 quare·
920 4783 976 4838 huic
995 4784 1068 4836 finem
1086 4785 1266 4850 imponenr=tui
1285 4799 1325 4835 me
1344 4784 1540 4837 amendssimum
1553 4790 1632 4864 atque
