3586 5518
716 289 797 354 ⁰²n¹¹l
815 289 835 340 1·
1387 291 1449 356 113
1530 313 1535 324 ·

116 450 261 530 respondeo
283 449 426 530 primum,
450 447 589 530 antiquas
606 445 790 530 hypotheses
803 447 1029 527 praecipuorum
1049 448 1164 528 aliquot
1185 449 1317 530 capitum
1337 451 1469 532 unllam,
1527 509 1530 516 ,

116 541 191 619 plene
212 538 359 602 rationem
383 539 518 600 reddere.
567 535 743 616 Cujusmodi
767 545 823 609 est,
850 538 927 617 quod
951 536 1091 618 ignorant
1113 539 1238 608 numeri,
1262 539 1451 619 quantitatis,

117 628 296 709 temporisque
324 626 619 708 retrogradationum
647 645 774 688 causas:
809 633 841 686 et
869 643 960 706 quare
989 626 1059 688 illae
1087 626 1125 688 ad
1149 627 1293 690 amussim
1315 627 1361 690 ita
1384 649 1451 691 cum

117 717 170 778 loco
193 725 221 779 et
241 725 323 780 motu
348 716 432 779 Solis
460 715 558 778 medio
586 714 817 790 consentaneo
865 713 980 786 Quibus
1012 715 1148 778 omnibus
1181 715 1211 777 in
1243 717 1351 793 rebus,
1385 737 1452 782 cnm

116 807 180 885 apud
201 805 399 887 Copemicum
422 806 494 868 ordo
517 803 733 886 pulcherrimus
757 812 918 884 appareat,
944 823 1065 866 causam
1089 805 1182 868 etiam
1204 805 1303 868 inesse
1327 825 1451 870 neeesse

116 903 162 958 est.
189 895 301 958 Deinde
326 915 431 958 earum
446 895 538 958 etiam
552 893 771 977 hypothesium,
796 912 872 974 quae
896 901 1086 956 constantem
1109 895 1354 975 apparentiarum
1377 917 1452 958 cau-

116 1005 168 1046 sam
189 985 323 1060 reddunt,
349 993 471 1048 etcum
494 985 560 1046 visu
584 983 783 1058 consentiunt,
807 982 881 1050 nihil
903 991 997 1063 negat
1012 981 1204 1064 Copemious,
1228 985 1329 1065 potius
1353 985 1454 1048 omnia

117 1071 192 1134 sumit
211 1081 242 1136 et
264 1074 411 1154 explicet.
444 1073 524 1136 Nam
548 1074 626 1154 qnod
648 1073 744 1136 multa
765 1071 796 1133 in
820 1071 1035 1156 hypothesibus
1059 1073 1179 1135 usitatis
1202 1073 1379 1136 immutasse
1402 1075 1451 1135 vi-

116 1163 194 1236 detur,
216 1161 245 1224 id
269 1183 379 1226 revera
402 1182 459 1225 nou
484 1164 528 1226 ita
551 1181 583 1224 se
608 1162 710 1224 habet.
748 1161 828 1224 Fieri
850 1181 977 1243 namque
999 1170 1111 1242 potest,
1136 1170 1171 1223 nt
1192 1163 1270 1224 idem
1295 1163 1453 1243 contingat

116 1251 211 1312 duobus
225 1253 326 1332 specie
342 1253 548 1315 differentibus
561 1250 811 1331 praesuppositis,
834 1259 998 1331 propterea
1012 1252 1090 1331 quod
1111 1251 1164 1313 illa
1186 1252 1244 1313 dno
1268 1253 1323 1314 sub
1347 1253 1453 1315 eodem

116 1359 206 1420 genere
233 1351 319 1418 suut,
349 1343 434 1422 cujus
462 1341 563 1422 gratia
585 1339 704 1421 generis
731 1340 827 1420 primo
855 1339 886 1403 id
914 1340 1074 1422 contingit,
1104 1341 1140 1402 de
1165 1359 1222 1420 quo
1246 1340 1353 1420 agitur.
1401 1340 1453 1405 Sic

116 1429 290 1493 Ptolemaeus
314 1432 471 1494 stellarum
494 1438 578 1494 ortus
602 1439 634 1492 et
656 1429 755 1490 obitus
779 1430 1010 1505 demonstravit,
1042 1447 1099 1491 uon
1124 1430 1179 1492 hoc
1203 1429 1301 1494 medio
1324 1432 1453 1494 termino

117 1517 230 1597 proximo
256 1528 288 1581 et
312 1529 488 1601 coaequato,
514 1520 583 1600 quia
606 1520 700 1580 Terra
723 1518 817 1581 sitin
840 1517 937 1581 medio
960 1519 1130 1583 immobilis.
1172 1520 1277 1600 Neque
1302 1519 1452 1600 Copemi-

116 1627 155 1668 ous
174 1607 252 1671 idem
275 1609 332 1672 hoc
355 1609 452 1672 medio
477 1611 673 1682 demonstrat,
699 1607 769 1690 quia
784 1609 877 1670 Terra
893 1609 1023 1670 emedio
1043 1608 1160 1671 distans
1184 1609 1330 1673 volvatur.
1354 1610 1451 1674 Utri-

116 1715 159 1776 qne
180 1698 258 1760 enim
281 1699 399 1761 suffecit
421 1698 520 1761 dicere
544 1699 637 1779 (quod
661 1705 693 1759 et
722 1705 845 1778 uterque
873 1696 963 1773 dixit)
996 1699 1063 1760 ideo
1091 1699 1165 1760 baec
1193 1699 1238 1759 ita
1268 1699 1350 1772 lieri,
1385 1699 1454 1780 quia

116 1786 178 1847 inter
198 1787 317 1850 coelum
340 1797 373 1850 et
395 1788 518 1850 Terram
542 1788 712 1849 intercedat
734 1786 834 1867 aliqua
860 1795 992 1849 motuum
1020 1787 1188 1868 separatio,
1218 1796 1250 1850 et
1278 1788 1347 1870 quie
1370 1788 1453 1852 nulla

116 1875 177 1937 iuter
197 1876 275 1938 liras
298 1878 447 1940 sentiatur
470 1876 599 1940 Telluris
623 1897 643 1938 a
665 1875 762 1938 medio
786 1874 940 1938 distantia
977 1875 1073 1956 Igitur
1096 1877 1289 1940 Ptolemaeus
1313 1897 1372 1940 non
1395 1878 1451 1940 de-

116 1965 281 2028 monstravit
304 1967 381 2030 falso
398 1975 430 2029 et
443 1965 645 2034 accidentario
661 1965 767 2040 medio,
793 1964 818 2026 si
842 1983 918 2046 quae
942 1965 1160 2030 demonstravit
1182 1988 1352 2046 φαιιομιια.
1385 1967 1453 2030 Ηοο

116 2063 217 2118 tentum
230 2055 262 2117 in
276 2057 375 2137 legem
389 2055 449 2120 κατ’
465 2055 538 2119 αὐτο
552 2055 700 2137 peccavit,
725 2055 803 2137 quod
818 2053 1011 2132 existimavit,
1036 2057 1111 2120 baec
1126 2057 1169 2118 ita
1182 2065 1307 2138 propter
1321 2057 1454 2138 speciem

116 2143 228 2222 evenire,
254 2163 330 2225 quae
343 2153 468 2226 propter
486 2164 580 2226 genus
599 2144 748 2208 eveniunt.
782 2143 868 2207 Unde
884 2153 1021 2225 apparet,
1041 2165 1079 2208 ex
1098 2164 1142 2220 eo,
1168 2147 1245 2226 quod
1259 2145 1454 2210 Ptolemaeus

116 2251 144 2293 er
163 2234 240 2296 lalsa
262 2236 364 2298 mnndi
387 2235 583 2315 dispositione
607 2253 679 2296 vera
702 2243 803 2297 tamen
834 2241 866 2296 et
893 2235 976 2296 coelo
1007 2235 1177 2316 nostrisque
1205 2237 1454 2300 oculis'cousoua

115 2321 329 2398 demonstrarit,
344 2343 383 2386 ex
397 2325 587 2406 eo‚,inquam,
601 2324 713 2387 nullam
727 2342 794 2385 esse
810 2341 942 2399 cansam,
958 2323 1052 2387 simile
1068 2325 1137 2406 quid
1151 2325 1243 2388 etiem
1258 2326 1294 2388 de
1304 2324 1452 2407 Copemi-

116 2411 185 2474 ranis
207 2412 424 2496 hypothesibus
448 2413 630 2494 suspicandi.
678 2412 757 2485 Quin
780 2411 881 2493 potius
903 2423 1015 2490 manet,
1040 2415 1118 2495 quod
1140 2413 1224 2478 initio
1249 2414 1361 2478 dictum
1385 2423 1451 2478 est:

115 2519 161 2561 non
182 2521 271 2581 posse
287 2503 367 2566 salsa
382 2522 449 2566 esse
465 2502 624 2583 Ooperuici
637 2501 793 2583 principia,
818 2521 855 2563 ex
880 2501 986 2582 quibus
1009 2510 1072 2566 tam
1096 2512 1237 2566 constans
1260 2503 1455 2584 plurimorum

115 2611 283 2668 φαινομηωι
306 2591 403 2667 ratio,
433 2592 538 2672 ignota
560 2592 730 2667 veteribus,
760 2590 921 2666 reddatur,
951 2600 1098 2672 quatenus
1122 2611 1160 2655 ex
1182 2592 1242 2656 illis
1266 2593 1411 2656 redditur.-
1425 2591 1453 2668 ι)

117 2677 192 2741 tim
211 2681 266 2743 huc
291 2679 482 2745 felicissimus
505 2681 554 2743 ille
570 2681 671 2763 Tycho
686 2680 796 2755 Brahe,
821 2689 1010 2744 astronomus
1029 2682 1108 2744 omui
1123 2681 1324 2745 celebratione
1347 2682 1451 2762 major,

116 2767 156 2846 qui
179 2771 310 2850 quemvis
334 2767 514 2833 omninode
538 2772 604 2834 loco
628 2771 739 2832 Terrae
763 2791 783 2832 e
806 2769 972 2852 Copernico
1000 2770 1193 2846 dissentiret,
1227 2778 1328 2834 tamen
1357 2791 1395 2833 ex
1418 2790 1452 2832 eo

117 2857 225 2921 retinuit
246 2859 285 2936 id,
312 2861 398 2940 cujus
421 2859 520 2940 gratia
538 2879 636 2922 rerum
650 2859 796 2922 hactenus
810 2859 1027 2940 incognitarum
1042 2880 1148 2922 causas
1163 2860 1326 2922 habemus:
1350 2859 1453 2922 Solem

117 2965 208 3026 nempe
230 2967 299 3011 esse
314 2958 450 3012 centrum
464 2949 592 3030 quinque
607 2949 814 3029 planetarum..
838 2950 919 3012 Nam
943 2957 974 3010 et
995 2950 1052 3011 hoc
1075 2948 1232 3031 angustius
1256 2957 1303 3011 est
1325 2948 1453 3011 medium

119 3035 149 3095 ed
169 3037 415 3101 demonstrandas
438 3038 669 3119 repedationes:
700 3061 735 3100 so
758 3037 844 3100 Sol
835 3058 866 3101 ru
890 3051 993 3100 centro
1016 3037 1187 3102 immobilis
1231 3036 1351 3101 Sufficit
1374 3037 1452 3099 enim
1573 3053 1578 3068 ¹

119 3127 240 3201 generale
263 3116 356 3190 illud:
381 3126 466 3191 Sol'
458 3147 489 3189 ιιι
513 3137 615 3190 centro
638 3127 827 3208 planetarum
851 3128 986 3209 quinque
1037 3125 1099 3190 Gur
1122 3138 1222 3190 entem
1246 3127 1376 3209 speciem
1398 3145 1453 3208 pro

119 3231 211 3291 genere
233 3227 368 3280 sumeret
382 3215 576 3298 Copemious,
601 3225 633 3278 et
647 3215 781 3280 Solem
774 3236 895 3297 insuper
917 3217 947 3278 iu
971 3225 1073 3280 centro
1091 3216 1202 3293 mundi,
1227 3216 1398 3280 Terram
1374 3237 1454 3279 orrea

121 3321 175 3365 eum
194 3305 333 3368 mobilem
357 3307 480 3381 faceret,
506 3306 583 3369 aliae
607 3325 717 3368 censae
741 3307 868 3369 fuerunt.
906 3306 987 3370 Nam
1010 3315 1043 3370 ut
1067 3327 1104 3369 ex
1123 3306 1307 3370 astronomia
1321 3307 1361 3368 ad
1378 3306 1456 3389 phy-

121 3392 196 3455 sicam
223 3395 286 3458 sire
315 3395 576 3476 cosmographiam
605 3395 776 3471 deveniam,
807 3397 864 3459 hae
890 3395 1049 3477 Ooperuioi
1072 3397 1257 3478 hypotheses
1280 3415 1339 3458 non
1363 3397 1458 3460 solum

122 3479 143 3539 iu
163 3491 291 3546 naturam
315 3504 414 3548 rerum
436 3504 495 3548 uon
518 3493 659 3565 peccant,
692 3486 746 3548 sed
774 3476 857 3548 illam
885 3485 979 3548 multo
1003 3485 1100 3588 magis
1123 3489 1241 3566 juvant.
1288 3488 1384 3549 Amat
1406 3485 1460 3547 illa
1492 3477 1498 3552 l
1589 3530 1594 3538 -

91 3578 96 3634 l
124 3569 336 3651 simplicitatem,
361 3583 446 3636 amat
459 3575 614 3637 unitatem.
646 3575 837 3656 Nunquam
830 3595 858 3636 m
882 3575 951 3656 ipsa
965 3575 1121 3656 quicquam
1135 3575 1263 3638 otiosum
1278 3585 1330 3638 eut
1351 3593 1458 3655 super-

125 3657 196 3724 fluum
216 3663 338 3726 extitit:
363 3670 397 3726 at
420 3663 541 3745 saepius
564 3683 624 3726 una
646 3683 695 3726 res
718 3663 821 3726 multis
846 3664 884 3726 ab
907 3663 960 3727 ille
980 3665 1148 3728 destinatur
1162 3664 1328 3728 effectibus.
1363 3663 1459 3745 Atqui

124 3764 198 3822 penes
218 3752 350 3816 usitatas
373 3753 558 3835 hypotheses
581 3752 695 3815 orbium
718 3752 923 3834 fingendorum
946 3753 1012 3815 linis
1027 3755 1126 3817 nullus
1140 3763 1207 3816 est:
1231 3773 1325 3834 penes
1341 3752 1458 3835 Cuper-

124 3834 203 3902 ιῑιιιιι
224 3841 344 3921 plurimi
367 3851 468 3905 motus
491 3860 530 3904 ex
552 3842 743 3922 paucissimis
767 3850 929 3923 sequuntur
957 3843 1095 3917 orbibus,
1128 3851 1161 3906 ιιι
1193 3842 1313 3905 interim
1340 3851 1459 3906 taceam

125 3930 346 4024 ¹penetrationem
361 3931 479 3995 orbium
493 3931 623 3994 Veneris
639 3940 671 3994 et
684 3931 841 4008 Mercurii,
860 3939 892 3993 et
915 3931 983 4007 alia,
1009 3889 1114 4013 quibds
1134 3933 1257 4013 antiqua
1275 3932 1460 3996 astronomia

124 4011 146 4074 in
168 4023 249 4082 unta
282 4021 399 4084 orbium
431 4020 636 4102 fingendorum
668 4021 809 4085 libertate
839 4021 1000 4084 etiamnum
1032 4022 1161 4086 laborat.
1208 4024 1318 4103 Atque
1344 4022 1386 4085 sic
1415 4021 1460 4084 vir

124 4101 169 4166 iste
188 4127 243 4172 non
266 4117 388 4174 tantum
402 4119 541 4173 naturam
555 4128 683 4174 onerosa
705 4109 759 4172 ille
780 4118 813 4172 et
835 4110 932 4174 inutili
950 4109 1157 4190 suppellectile
1180 4119 1228 4173 tut
1250 4111 1461 4175 immensorum

125 4194 220 4260 orbium
247 4197 408 4262 liberavit:
443 4199 533 4262 sed
524 4219 647 4280 msuper
674 4199 765 4262 etiam
792 4199 1002 4262 inexhaustum
1030 4199 1115 4262 nobis
1143 4201 1319 4264 thesaurum
1342 4199 1461 4281 aperuit

125 4280 357 4354 divinissimorum
377 4288 599 4353 ratiociniorum
622 4288 659 4351 de
686 4288 780 4351 tutius
805 4289 915 4352 mundi
928 4289 1116 4370 omniumque
1139 4309 1295 4370 corporum
1317 4291 1459 4371 pulcher·-

126 4370 187 4436 n'ma
205 4379 382 4458 aptitudine.
428 4379 534 4460 Neque
557 4377 660 4440 dubito
690 4377 853 4453 affirmare,
884 4378 1020 4460 quicquid
1050 4379 1251 4458 aposteriori
1274 4377 1458 4459 Gopernieus

126 4461 230 4566 collegit
250 4475 282 4531 et
302 4467 372 4530 visu
396 4465 633 4541 demonstravit,
666 4426 867 4530 mediantibus
890 4465 1080 4548 geometricis
1103 4468 1281 4545 axiomatis,
1315 4468 1346 4530 id
1373 4480 1459 4528 omne

126 4551 190 4613 rel
182 4573 243 4634 rpso
255 4557 425 4620 Aristotele
440 4563 530 4632 teste,
555 4555 581 4618 si
601 4553 719 4618 viveret
741 4557 835 4638 (quod
849 4557 1020 4638 frequenter
1033 4565 1120 4636 optat
1134 4557 1305 4631 Rheticns),
1329 4576 1349 4617 a
1366 4545 1459 4634 priori

127 4639 200 4704 nullis
220 4646 398 4727 ambagibus
421 4643 622 4708 demonstrari
644 4663 745 4725 posse.
790 4645 905 4708 Vemm
928 4647 964 4708 de
992 4644 1039 4708 his
1067 4645 1203 4708 omnibus
1232 4645 1326 4708 fusius
1349 4649 1382 4702 et
1402 4655 1459 4738 pro

128 4725 254 4807 limate
276 4735 394 4818 pridem
418 4733 617 4816 egitRbetiei
631 4733 774 4810 narratio,
799 4741 832 4798 et
845 4733 1057 4816 Copemicus
1048 4753 1135 4815 rpse:
1159 4743 1191 4796 et
1213 4733 1239 4796 si
1261 4730 1331 4833 quid
1354 4725 1458 4807 copio-

127 4813 178 4882 rina
182 4823 335 4904 explicari
356 4831 473 4908 potest,
496 4824 574 4890 alius
595 4823 628 4888 id
650 4824 708 4888 loci
731 4831 763 4887 et
784 4824 928 4906 temporis
951 4823 1018 4898 erit,
1034 4827 1061 4898 ⁸)
1085 4842 1161 4886 nnnc
1180 4819 1320 4900 attigisse
1335 4815 1459 4878 suffieit:

184 4924 378 4983 monor-1.
1231 4923 1248 4977 8
