3698 5516
329 240 394 308 aso
876 208 1144 308 susanam·

329 404 399 466 fidei
422 409 599 477 auctorest,
620 402 878 485 auththagoras
894 402 931 465 de
954 403 1059 466 ordine
1084 404 1281 486 sphaerarum
1305 404 1351 465 ita
1374 402 1499 476 censuit,
1524 408 1559 463 ut
1581 401 1690 464 Ptole-

329 511 441 564 maeus,
464 492 553 573 idque
577 489 643 554 200
667 491 752 554 aunis
776 499 846 554 ante
870 492 901 554 id
924 499 1053 572 tempus,
1078 494 1156 574 quod
1180 491 1285 554 harum
1303 491 1513 574 hypothesium
1529 490 1610 552 ortui
1635 490 1690 552 de-

329 581 432 660 signat
445 579 552 642 Ursus.
598 580 641 642 Et
664 580 694 641 id
718 588 777 652 est,
800 581 880 660 qnod
893 581 975 644 Ptol.
990 582 1112 661 Almag.
1129 582 1181 644 lib.
1197 581 1253 643 IX.
1275 600 1343 662 cap.
1364 581 1392 643 1.
1416 579 1523 654 innuit,
1548 597 1617 643 cum
1636 578 1690 654 ait,

328 669 457 742 orbesQ
481 675 513 730 et
535 671 557 746 o
580 668 623 730 ab
647 669 929 749 antiquioribus
954 670 1072 751 quidem
1090 671 1294 752 (Pythagora)
1319 670 1374 731 sub
1390 667 1500 742 Solari,
1526 689 1546 729 a
1561 667 1689 747 quibus-

327 758 396 820 dam
409 775 481 819 vero
496 757 713 837 posterioribus
729 757 909 834 (Heraclito,
925 759 1063 828 Platone,
1078 757 1214 835 Eudoxo,
1235 758 1420 831 Aristotele)
1443 754 1692 836 suprasolarem

326 846 513 908 collocatos:
547 853 579 908 et
606 847 732 927 denique
759 854 895 908 veterum
927 847 1110 910 seutentiam
1138 857 1172 909 ut
1202 847 1299 927 magis
1326 846 1514 926 probabilem
1542 845 1690 924 sequitur,

326 953 442 1014 negans
473 935 549 997 certi
577 935 646 1015 quid
676 955 714 997 ex
738 935 924 998 astronomia
952 936 1001 998 hic
1023 935 1128 998 haberi
1155 955 1256 1016 posse.
1304 933 1400 1009 Quid,
1435 933 1513 1016 quod
1536 931 1692 995 Patricius

327 1023 482 1086 Zoroastri
500 1024 624 1096 Persae,
648 1023 697 1103 qui
720 1023 824 1086 multis
848 1025 958 1087 seculis
981 1025 1186 1107 Pythagoram
1209 1025 1385 1097 antecessit,
1410 1024 1537 1084 eandem
1561 1029 1690 1084 senteu-

325 1112 400 1174 tiam
433 1111 560 1186 tribuat,
586 1131 623 1173 ex
650 1112 698 1174 his
722 1113 789 1191 ejus
815 1112 929 1175 verbis:
962 1109 994 1186 ἔξ
1016 1113 1108 1184 αὖτις
1130 1109 1272 1190 magonae
1294 1113 1399 1186 (aliter
1422 1108 1455 1184 ἐξ
1475 1111 1691 1188 &capannore

325 1195 433 1274 ζωτας)
457 1196 586 1278 ἕβδομοι
606 1195 670 1280 ἥλιε
693 1203 922 1278 μισεμβολησας
948 1224 1015 1281 nup.
1064 1201 1098 1263 Si
1121 1201 1176 1264 Sol
1203 1202 1233 1263 iu
1258 1201 1354 1262 medio
1378 1201 1569 1280 planetarum
1593 1199 1689 1272 (Ter-

326 1309 392 1351 ram
415 1307 521 1368 nempe
545 1289 624 1350 idem
647 1289 810 1352 Zoroaster
833 1290 862 1351 in
887 1309 922 1352 eo
945 1290 1059 1365 medio,
1085 1291 1163 1370 qnod
1187 1299 1322 1352 centrum
1346 1297 1403 1364 est,
1429 1289 1589 1364 collocat),
1617 1305 1690 1366 ergo

328 1377 406 1450 Ωιι
429 1379 452 1456 Q
474 1377 555 1440 intra
577 1375 679 1440 Solem
704 1385 799 1441 emnt.
848 1375 982 1459 Cumque
1005 1379 1196 1460 Pythagoras
1220 1399 1239 1440 a
1262 1378 1397 1439 Zabraco
1417 1377 1556 1458 Assyrio,
1582 1375 1690 1455 gentili

327 1466 482 1527 Zoroastri
512 1466 659 1538 (Patricio
687 1468 851 1541 referente,
886 1475 958 1547 puto
988 1487 1025 1529 err
1051 1467 1174 1540 Proolo)
1208 1468 1285 1528 hanc
1314 1465 1496 1527 sententiam
1529 1464 1689 1527 hauserit:

325 1553 458 1623 ordinem
487 1555 564 1616 hunc
594 1555 727 1617 indidem
755 1555 893 1617 hausisse
928 1555 1090 1618 verisimile
1126 1563 1185 1616 est.
1241 1553 1387 1625 Quamvis
1424 1554 1474 1634 qui
1507 1562 1580 1633 post
1613 1553 1688 1614 dicti

326 1650 396 1704 suut
418 1643 636 1726 Pythagoraei,
665 1645 743 1705 huuc
767 1641 912 1724 magistri
932 1645 977 1706 sui
1001 1644 1135 1706 ordinem
1158 1645 1364 1705 deseruerunt.
1413 1642 1461 1706 Illi
1484 1659 1629 1722 namque,
1654 1650 1689 1703 ut

324 1733 414 1810 paulo
438 1740 510 1811 post
531 1732 715 1810 probabitur,
740 1735 867 1794 eandem
890 1739 1051 1795 tenuerunt
1074 1733 1111 1794 de
1134 1732 1236 1794 mundi
1261 1733 1357 1794 forma
1379 1731 1564 1811 opinionem,
1599 1731 1688 1810 longe

324 1827 395 1882 ante
418 1820 627 1896 Aristotelem,
653 1841 741 1901 qnam
763 1829 835 1902 post
856 1821 1055 1884 Aristotelem
1079 1821 1164 1883 annis
1184 1819 1228 1884 50
1250 1821 1305 1882 sub
1328 1821 1505 1882 Ptolemaeo
1528 1819 1688 1880 Philadel-

324 1907 382 1988 pho
415 1909 612 1971 Aristarchus
642 1908 778 1984 Samius,
814 1919 846 1972 st
878 1919 982 1972 nostra
1012 1917 1114 1971 aetate
1139 1909 1337 1989 Gopemicus,
1373 1909 1438 1990 qui,
1472 1917 1507 1970 ut
1539 1907 1616 1968 haec
1650 1927 1689 1968 ex

325 1995 493 2059 Aristotele
518 2005 550 2058 et
573 1998 736 2060 Plutarcho
761 1999 798 2060 de
821 1999 1042 2080 Pythagoraeis
1066 2005 1098 2059 et
1121 2017 1158 2060 ex
1172 1997 1354 2060 Archimede
1380 1997 1416 2058 de
1431 1996 1613 2059 Aristarcho
1635 1995 1687 2056 iu-

324 2084 461 2162 telligere
485 2103 652 2164 possemus,
678 2087 899 2149 inventionibus
923 2087 986 2148 suis
1010 2087 1120 2148 effecit.
1168 2084 1236 2157 Quo
1260 2087 1325 2148 loco
1349 2085 1427 2148 alter
1449 2085 1521 2148 Ursi
1546 2103 1630 2146 error
1652 2103 1686 2145 se

322 2173 434 2254 prodit,
460 2173 509 2252 qui
529 2172 802 2253 Ooperoicanamm
817 2175 1026 2258 hypothesium
1050 2175 1195 2256 originem
1209 2176 1337 2256 primam
1354 2175 1392 2236 ad
1409 2174 1620 2236 Aristarchum
1630 2184 1686 2234 re-

324 2261 394 2335 fert,
419 2279 493 2340 quae
517 2263 610 2324 multo
630 2271 679 2324 est
702 2262 860 2344 antiquior.

412 2349 459 2411 Ac
483 2351 520 2411 de
542 2350 680 2413 Philolao
705 2351 824 2431 quidem
847 2351 1063 2434 Pythagorico,
1089 2351 1138 2432 qni
1161 2350 1277 2412 medius
1300 2349 1358 2411 fuit
1381 2347 1580 2412 Aristotelem
1606 2349 1685 2410 inter

323 2443 356 2500 et
377 2435 583 2517 Pythagoram
614 2439 786 2519 primusque
808 2439 1012 2522 Pythagorica
1034 2439 1190 2521 vulgarit,
1223 2457 1291 2500 cum
1319 2445 1412 2500 autea
1439 2438 1497 2500 nisi
1521 2458 1541 2499 a
1563 2437 1683 2518 Pytha-

323 2524 433 2606 goricis
457 2525 530 2606 ipsis
549 2527 765 2606 ignorarentur,
791 2529 828 2590 de
852 2547 887 2590 eo
910 2529 1003 2607 igitur
1026 2547 1086 2590 non
1108 2535 1225 2590 tantum
1249 2527 1374 2590 obscure
1396 2525 1538 2588 Laertius
1563 2526 1686 2598 asserit,

324 2615 457 2677 sensisse
481 2615 604 2677 Terram
624 2617 715 2695 juxta
736 2617 864 2696 primum
889 2616 1030 2679 circulum
1055 2616 1206 2694 (intellige
1230 2615 1286 2677 sub
1309 2615 1449 2688 zodiaco)
1473 2615 1604 2683 moveri,
1629 2615 1686 2676 sed

322 2703 416 2765 m'ulto
440 2701 606 2766 clarissime
621 2703 810 2782 Plutarchus,
837 2707 921 2785 cujus
943 2702 1038 2766 rerba
1061 2723 1126 2766 cum
1141 2702 1326 2783 Gopernicns
1350 2705 1416 2782 ipse
1439 2704 1469 2764 in
1494 2702 1685 2782 praefatione

323 2791 422 2871 operis
447 2791 492 2853 sui
515 2794 659 2872 posuerit,
684 2793 789 2855 mirum
809 2795 969 2857 admodum
994 2801 1052 2866 est,
1077 2813 1114 2853 ea
1136 2811 1196 2853 non
1211 2792 1322 2871 legisse
1337 2793 1460 2864 Ursum,
1484 2793 1535 2872 qui
1554 2791 1685 2854 lectione

323 2878 481 2959 Gopemici
505 2882 597 2943 toties
622 2891 653 2944 et
676 2889 835 2962 tantopere
859 2883 1018 2961 gloriatur,
1048 2899 1171 2962 eamque
1195 2879 1337 2942 omissam
1361 2880 1430 2942 aliis
1453 2880 1602 2942 immerito
1628 2899 1686 2940 ex-

321 2969 455 3049 probrat
501 2970 626 3032 Terram
650 2970 714 3032 vult
736 2971 891 3033 Philolaus
915 2971 993 3050 apud
1018 2971 1212 3032 Plutarchum
1241 2969 1270 3030 in
1295 2969 1437 3030 circulum
1462 2969 1575 3030 moveri
1604 2969 1688 3030 circa

322 3057 421 3136 iguem
436 3059 587 3138 (intellige
603 3059 721 3131 Solem)
745 3059 800 3121 sub
815 3059 938 3121 zodiaco
954 3059 983 3120 in
998 3076 1109 3120 morem
1134 3057 1215 3120 Solis
1230 3066 1261 3118 et
1276 3059 1388 3129 Lunae,
1413 3057 1598 3119 Aristoteles
1613 3075 1686 3118 vero

322 3145 374 3206 lib.
399 3147 440 3206 ΙΙ.
469 3147 506 3207 de
530 3149 613 3210 coslo
642 3167 708 3228 cap.
737 3145 787 3210 13.
817 3149 853 3209 de
877 3147 1097 3229 Pythagoraeis
1125 3147 1155 3209 io
1185 3165 1293 3225 genere
1323 3146 1384 3207 sic:
1421 3146 1461 3220 „ii
1486 3147 1536 3225 qui
1560 3145 1685 3206 Italiam

323 3232 465 3308 incolunt,
491 3233 540 3314 qui
562 3235 654 3296 iidem
674 3235 878 3316 Pythagoraei
903 3244 1056 3310 vocantur,
1081 3235 1109 3296 in
1134 3234 1231 3297 medio
1256 3233 1354 3314 ignem
1378 3253 1444 3296 essa
1470 3234 1593 3295 dicunt“
1621 3233 1686 3304 (hic

198 3325 201 3334 '
322 3319 424 3382 Solem
446 3321 591 3402 intellige,
616 3344 684 3386 uam
709 3333 740 3386 et
763 3326 875 3388 Thales
898 3324 1033 3397 Jonicae,
1058 3332 1090 3386 et
1105 3323 1296 3404 Pythagoras
1320 3323 1448 3385 Italicae
1472 3321 1686 3402 philosophiae

322 3405 471 3488 principes
500 3412 680 3473 occultanda
707 3414 797 3493 vulgo
831 3432 954 3476 suasere
986 3411 1194 3492 philosophiae
1219 3411 1394 3493 mysteria),
1430 3412 1575 3486 ,Terram
1599 3427 1683 3483 vero,

322 3515 398 3577 qnae
423 3497 463 3559 sit
485 3517 574 3561 unum
597 3509 745 3563 astrorum
770 3503 991 3582 (planetarum)
1014 3510 1097 3562 motu
1120 3519 1183 3575 suo,
1209 3518 1266 3580 quo
1285 3499 1396 3561 circum
1412 3499 1543 3561 medinm
1558 3501 1684 3572 feratur,

321 3593 427 3647 noctes
451 3595 483 3647 et
506 3586 570 3650 dies
594 3589 745 3652 efficere.“
792 3591 849 3653 Hic
872 3590 1058 3654 Aristoteles
1086 3607 1144 3650 uon
1168 3589 1243 3650 bene
1273 3588 1408 3668 percepit
1431 3607 1532 3649 corum
1557 3595 1685 3650 senteu-

321 3673 410 3748 tiam,
445 3683 497 3737 sut
523 3686 606 3738 certe
637 3678 773 3740 deiectus
802 3689 867 3754 est,
897 3697 984 3760 quern
1017 3677 1060 3740 sic
1088 3677 1233 3740 restituo:
1267 3677 1391 3738 Terram
1414 3687 1497 3738 motu
1521 3697 1590 3753 suo,
1625 3695 1684 3756 quo
1718 3682 1723 3689 ’

322 3761 433 3825 circum
455 3763 585 3826 medium
609 3762 736 3842 feratur,
761 3787 883 3842 annum,
910 3785 967 3846 qno
991 3785 1062 3828 vero
1086 3768 1167 3829 eirca
1190 3781 1276 3827 suum
1300 3783 1401 3840 axem,
1432 3773 1538 3827 noctes
1562 3773 1595 3827 et
1619 3763 1684 3826 dies

321 3849 450 3914 efficere.
497 3852 616 3932 Pergit:
654 3865 834 3934 „praeterea
866 3857 958 3918 aliam
985 3855 1109 3916 Terram
1141 3854 1325 3916 contrariam
1354 3853 1556 3928 fabricantur,
1592 3871 1683 3934 quam

319 3937 467 4022 ἀπιχθωι
489 3945 630 4004 vocant.“
677 3945 744 4006 Hac
766 3964 840 4007 voce
864 3947 982 4008 Lunam
1005 3945 1184 4024 significant,
1208 3949 1372 4022 propterea
1394 3942 1473 4021 quod
1497 3961 1565 4003 cum
1586 3943 1684 4002 Terra

322 4027 427 4090 eodem
458 4031 530 4092 orbe
559 4031 800 4096 circumvehatur
836 4041 867 4096 et
898 4039 1023 4114 propter
1055 4033 1166 4094 multas
1195 4031 1260 4110 ejus
1288 4049 1355 4091 cum
1383 4030 1478 4091 Terra
1508 4047 1683 4092 communes

321 4115 505 4191 affectiones,
529 4119 566 4182 de
591 4122 697 4201 quihus
720 4128 874 4184 testantur
897 4120 998 4203 optici.
1044 4120 1229 4183 Aristoteles
1244 4135 1325 4193 uero,
1350 4117 1400 4198 qai
1424 4118 1479 4179 hoc
1498 4137 1558 4180 uon
1577 4120 1682 4198 capie-

320 4203 384 4279 bat,
408 4203 626 4272 absurditatem
650 4211 818 4273 sententiae
843 4211 993 4274 ominatus
1017 4209 1146 4290 subjicit,
1172 4208 1273 4288 „quod
1297 4225 1355 4268 non
1376 4216 1525 4287 quaerant
1548 4207 1683 4269 rationes

320 4299 352 4354 et
374 4307 497 4370 causas,
531 4295 569 4358 ad
593 4317 728 4380 eaquae
757 4307 905 4379 apparent
932 4298 1086 4361 reddenda
1114 4305 1146 4360 et
1173 4295 1349 4370 efficienda,
1381 4296 1436 4357 sed
1467 4297 1507 4358 nd
1528 4313 1681 4378 praecon-

320 4389 427 4462 ceptae
452 4401 524 4448 suas
548 4387 874 4466 quasdam·opiniones
899 4395 930 4449 st
952 4385 1199 4449 ratiocinationes
1222 4385 1290 4462 ipsa
1309 4384 1519 4464 phaenomena
1532 4384 1684 4446 violenter

232 4543 233 4546 Ἴ
322 4461 547 4535 accommodent
571 4482 602 4537 et
626 4473 785 4538 conciliare
809 4474 988 4538 conentur.“
1033 4474 1111 4536 Esse
1127 4481 1226 4536 autem
1241 4472 1340 4551 iguem
1355 4471 1577 4554 Pythagoraels
1592 4472 1682 4547 idem,

321 4559 401 4640 quod
425 4555 543 4637 Solem,
571 4581 611 4624 ex
635 4564 819 4642 argumentis
843 4583 946 4626 eorum
970 4571 1111 4642 apparet,
1144 4581 1220 4642 qnae
1245 4560 1288 4622 sic
1311 4561 1451 4639 proponit
1474 4560 1681 4623 Aristoteles:

322 4648 438 4723 „rideri
462 4669 533 4712 vero
557 4653 655 4730 possit
678 4652 780 4714 moltis
804 4652 897 4714 etiam
920 4652 1003 4725 aliis,
1032 4670 1091 4712 non
1122 4650 1253 4712 dandum
1276 4645 1387 4710 Terrae
1419 4650 1515 4711 locum
1539 4649 1683 4725 medium,

321 4735 348 4798 si
371 4738 615 4818 probabilitatem
643 4740 778 4824 aliquam
805 4759 865 4803 oon
889 4761 927 4802 ex
950 4739 1181 4823 apparentibus,
1215 4731 1275 4799 se'd
1289 4756 1335 4804 ex
1357 4737 1525 4802 rationibus
1554 4745 1682 4822 captare
