3628 5518
730 291 896 358 omrem.
1434 297 1495 364 179

134 443 273 523 Keplera,
303 455 456 528 quntum
479 449 558 512 iuter
578 469 612 512 se
636 450 804 514 dissideant
826 458 925 522 motus
949 460 982 516 et
1009 472 1151 534 corpora,
1179 454 1235 516 boc
1259 463 1308 520 est
1330 455 1495 520 distantiae

133 533 266 614 euinque
290 546 481 600 exstructae.
528 537 628 610 Quare
651 541 761 602 nudum
785 542 868 604 boati
892 542 972 604 latus
995 542 1120 622 objicis,
1148 543 1207 606 imo
1235 551 1267 606 te
1291 544 1388 626 ipsum
1412 546 1494 622 ieris,

133 639 183 682 neo
205 639 282 702 opus
307 625 413 688 alieno
431 628 570 707 jugulere
593 629 704 708 gladio.
1008 683 1013 692 .

212 710 272 773 His
296 713 396 795 igitur
417 725 453 779 ut
474 716 688 802 respondeam,
715 717 843 799 primum
865 718 982 780 inverte
1005 719 1171 794 rationem,
1201 725 1234 781 et
1255 720 1406 799 ipsorum,
1436 721 1495 784 imo

131 799 255 863 oruninm
280 805 407 884 appello
427 805 574 885 judicium
598 814 629 868 et
652 807 886 882 eonscientiam3
915 815 1013 870 utrum
1041 815 1252 886 argumentum
1278 817 1388 888 putent
1413 810 1494 874 veri-

130 889 253 952 similius
278 909 374 970 esse,
408 913 478 956 num
502 895 629 956 alterurn
657 896 694 957 de
723 896 915 974 corporibus,
948 915 987 958 an
1016 895 1071 958 boc
1095 897 1132 957 de
1155 906 1248 960 motu.
1294 897 1400 977 Neque
1423 899 1495 960 mibi
1604 935 1614 948 κ

128 978 282 1060 probabile
307 990 371 1058 est,
397 1001 576 1064 quemquam
599 985 690 1046 aliter
713 985 869 1058 dicturum,
895 1001 984 1065 quam
1008 984 1084 1046 hano
1107 992 1240 1050 motuum
1264 987 1302 1050 ad
1327 987 1493 1048 orbesat-

128 1069 405 1134 oommodationem
439 1073 599 1134 admodum
632 1073 808 1135 concinnam
845 1092 913 1134 esse
953 1081 1044 1154 atque
1086 1073 1261 1136 admirabile
1292 1073 1348 1135 Dei
1380 1073 1494 1156 opificis

126 1179 310 1238 perpeppqpu.
349 1159 480 1222 Proinde
504 1162 531 1223 si
553 1162 692 1224 alterutri
712 1170 887 1242 argumento
907 1162 982 1224 fides
1003 1162 1143 1224 habenda
1161 1164 1213 1236 sit,
1236 1162 1304 1224 huie
1327 1181 1400 1242 prae
1424 1183 1494 1226 cor·

126 1247 244 1326 poribus
277 1249 523 1329 astipulatnros,
547 1259 693 1332 tanquam
720 1252 764 1313 rei
792 1251 889 1330 magis
913 1251 1064 1314 evidenti:
1099 1250 1235 1331 quamvis
1259 1251 1374 1314 numeri
1397 1253 1494 1316 adium

125 1337 314 1415 aliquantum
340 1359 362 1398 a
386 1336 601 1418 Ooperuicanis
626 1340 808 1419 discrepent.
847 1337 936 1410 Quod
959 1340 986 1400 si
1009 1339 1126 1402 obtinui
1148 1340 1271 1402 lectoris
1295 1340 1493 1416 confessione,

126 1434 190 1485 utar
215 1443 274 1505 pro
304 1428 536 1489 confirmatione
564 1447 720 1510 corporum
745 1439 776 1490 et
800 1429 993 1490 excusatione
1018 1427 1187 1490 discordiae
1219 1429 1319 1504 illius,
1354 1438 1387 1492 ut
1418 1449 1494 1510 quae

126 1515 222 1576 multis
246 1516 396 1595 partibus
420 1516 514 1578 minor
538 1525 603 1589 est,
628 1537 717 1598 quam
740 1519 815 1578 leaeo
839 1515 868 1578 in
893 1525 975 1578 motu
999 1516 1197 1578 dissonantia.
1244 1517 1325 1590 Nam
1349 1519 1376 1580 si
1399 1519 1495 1581 lector
1587 1589 1589 1593 ,

124 1602 167 1663 hic
189 1613 323 1683 propter
351 1606 585 1668 concinnitatem
607 1606 722 1668 inventi
746 1625 885 1686 magnum
909 1625 1040 1668 errorem
1064 1605 1193 1668 libenter
1214 1606 1395 1678 dissimulat,
1418 1626 1493 1687 par-

123 1709 187 1753 rum
210 1691 277 1755 illic
302 1713 440 1758 errorem
464 1695 553 1776 longe
577 1695 696 1758 facilius
719 1695 872 1757 tolerabit.
921 1693 1091 1756 Diversitas
1119 1694 1198 1756 enim
1225 1693 1279 1755 illa
1305 1712 1398 1775 penes
1423 1715 1492 1758 eor·

124 1799 193 1858 pora
216 1783 376 1846 calculum
399 1784 631 1848 astronomicum
654 1784 727 1847 nibil
751 1783 912 1846 admodum
940 1781 1063 1846 turbat:
1095 1783 1157 1844 ista
1180 1800 1252 1845 vero
1275 1803 1368 1865 penes
1392 1792 1493 1848 motus

124 1871 207 1950 paulo
232 1871 310 1951 quid
335 1875 434 1953 majus
457 1872 557 1936 inient
604 1874 707 1954 Atque
731 1873 787 1935 boo
809 1871 936 1952 primum
959 1879 1027 1946 est;
1050 1872 1142 1953 plaga
1164 1891 1271 1953 nempe
1296 1875 1440 1953 reposita.

118 2001 120 2006 ,
207 1959 337 2023 Deinde
364 1981 430 2023 oum
455 1980 582 2041 corpora
605 1962 786 2024 dissentiant
810 1982 829 2022 a
858 1959 1051 2035 meritust),
1084 1969 1118 2024 ut
1145 1981 1216 2024 vere
1243 1961 1316 2023 mibi
1344 1962 1492 2042 objicitur,

125 2048 208 2110 lateri
232 2050 347 2130 ntique
370 2069 480 2131 cogor,
507 2048 677 2113 'alterutros
705 2051 734 2111 in
767 2068 867 2112 errore
891 2049 1016 2112 versari.
1065 2051 1270 2114 Veruntamen
1295 2069 1426 2112 emonem
1449 2050 1495 2112 ita

125 2137 329 2202 demonstrari
353 2159 445 2218 posse
468 2139 625 2213 existimo,
650 2147 684 2202 ut
707 2148 844 2201 nentrum
867 2139 1020 2202 inventum
1044 2140 1155 2220 (neque
1180 2139 1217 2202 de
1240 2148 1374 2201 motuum
1398 2158 1493 2220 neque

124 2227 158 2285 de
179 2225 300 2289 orbium
325 2229 538 2308 proportione)
566 2229 686 2310 penitus
710 2227 877 2308 relinquere
900 2247 1024 2290 necesse
1049 2228 1099 2290 sit.
1114 2230 1140 2301 ⁰)
1186 2227 1295 2292 Utrum
1320 2238 1420 2290 autem
1443 2229 1492 2290 in·
1581 2229 1588 2240 ’

124 2323 279 2378 ventorum
304 2317 338 2378 in
363 2317 454 2397 culpa
477 2317 528 2387 sit,
552 2318 816 2398 exsuperioribus
840 2317 928 2378 facile
951 2324 999 2379 est
1017 2317 1175 2397 conjicere.
1214 2317 1348 2378 Primum
1372 2317 1492 2380 distan-

126 2404 182 2463 tiae
205 2405 363 2468 motoriae
389 2405 508 2484 longius
533 2425 551 2466 a
575 2403 789 2486 Copemieanis
813 2407 970 2480 recedunt,
1001 2424 1090 2486 quam
1112 2406 1263 2486 figurales.
1309 2405 1443 2478 Deinde,
1465 2406 1493 2468 si

125 2491 267 2556 motorias
283 2510 354 2556 oum
370 2492 588 2574 Coperuicauis
604 2497 752 2568 conferas,
768 2495 904 2574 singulas
921 2511 987 2555 cum
1005 2495 1140 2580 singulis,
1158 2486 1352 2575 delectusque
1372 2495 1492 2556 adscri-

125 2583 184 2655 bas,
207 2582 333 2646 videbis
358 2583 490 2664 aliquam
513 2584 685 2646 defectuum
708 2603 774 2645 cum
797 2583 872 2662 ipsis
896 2581 1026 2654 numeris
1051 2592 1141 2665 atque
1165 2583 1241 2645 adeo
1266 2602 1332 2645 curn
1356 2581 1491 2663 corpori-

125 2671 175 2732 bus
199 2672 434 2753 cognationem,
459 2682 671 2753 praeterquam
694 2674 723 2736 iu
747 2672 908 2735 Mercurio.
954 2673 1056 2734 Ecce:

432 2857 439 2874 .
480 2811 606 2894 (lopern.
634 2810 785 2886 Motpriae
830 2813 1027 2876 Differentiae

389 2899 412 2970 5
462 2901 493 2978 Ἃ
539 2899 603 2966 572
693 2899 759 2966 574
849 2897 892 2982 -1-
939 2900 959 2964 2
1050 2899 1152 2964 Cubue

386 2990 418 3066 ll
468 2998 493 3062 0¹
538 2987 604 3055 290
693 2988 760 3054 274
850 3025 892 3038 —-
919 2987 959 3054 16
1049 2989 1247 3052 Tetraedron.

386 3087 412 3151 ο·
464 3081 490 3156 ὃ
537 3077 602 3144 658
693 3077 758 3145 694
848 3075 891 3160 -l—
917 3075 960 3142 36
1049 3079 1278 3140 Dodeoaedron.

387 3171 413 3246 ὃ
463 3167 487 3242 Ω
535 3165 600 3232 719
691 3165 759 3232 762
849 3169 891 3248 -l-
915 3165 959 3232 43
1049 3167 1244 3231 Icoeaedron.

387 3257 413 3332 Ω
465 3259 486 3336 ll
534 3255 600 3322 500
691 3255 756 3323 563
847 3256 891 3338 -l-
915 3253 957 3320 63
1049 3251 1234 3321 Oo'tatdrou.

461 3347 509 3408 vel
532 3343 598 3410 559
845 3343 888 3425 -Ι-
933 3343 954 3410 4

206 3468 284 3532 Plus
309 3469 432 3532 scilieet
452 3469 483 3532 in
508 3478 647 3552 quatuor,
671 3469 768 3532 minus
791 3470 822 3530 in
845 3469 958 3550 quinto.
997 3469 1076 3532 Nam
1092 3487 1133 3532 ex
1153 3476 1292 3550 quatuor,
1315 3471 1387 3534 bina
1408 3492 1491 3538 sem·

125 3573 173 3634 per
194 3575 328 3638 corpora
353 3566 425 3620 suut
448 3559 568 3634 similia,
593 3559 727 3639 quintum
750 3559 919 3622 solitarium
943 3567 1000 3622 eat
1034 3558 1152 3622 Deinde
1169 3559 1361 3634 Mercurium,
1387 3570 1421 3624 ut
1441 3571 1492 3625 est

126 3647 232 3724 varius,
257 3649 290 3709 in
316 3647 454 3710 ordinem
476 3648 579 3728 redige
603 3657 635 3709 et
657 3648 768 3727 cogita,
793 3648 903 3710 debere
927 3647 1040 3729 aliquid
1064 3648 1156 3710 altius
1180 3648 1280 3710 media
1303 3649 1384 3712 urbis
1408 3651 1490 3730 spis-

125 3735 253 3798 situdine
277 3753 334 3815 pro
359 3737 459 3798 media
482 3737 629 3799 distantia
652 3737 785 3810 censeri,
811 3745 931 3799 tantum
953 3753 1076 3816 nempe,
1106 3745 1236 3817 quantus
1260 3747 1308 3799 est
1331 3739 1412 3801 erbis
1436 3758 1490 3802 oo-

124 3825 217 3886 taedri
232 3823 277 3900 11),
302 3826 399 3906 (qnod
422 3842 514 3905 supra
537 3825 680 3888 audivisti
703 3826 804 3888 media
821 3825 1019 3905 spissitudine
1034 3827 1164 3906 amplius
1179 3829 1262 3900 esse)
1286 3836 1319 3889 et
1341 3828 1491 3892 obtinebit

125 3929 174 3990 pro
195 3913 303 3976 media
326 3915 475 3976 distantia
497 3911 582 3990 559,
612 3934 670 3977 non
699 3911 774 3978 500.
821 3913 889 3977 Erit
910 3915 1003 3995 igitur
1030 3915 1078 3976 hic
1107 3915 1179 3976 ordo
1208 3915 1272 3995 eJ'ns
1303 3936 1491 3980 numerorum

127 4005 162 4076 ὁ,
185 4005 228 4080 q:
256 3998 341 4077 559,
365 3998 429 4066 563
453 4000 511 4082 Η-
535 3998 582 4078 4).
630 4003 709 4066 Eece
732 4004 763 4065 in
786 3999 822 4082 li,
846 4003 892 4078 ll,
916 4011 949 4066 et
973 4002 1014 4078 Q,
1038 4005 1060 4081 b
1083 4003 1269 4066 differentias
1294 4006 1423 4070 minores
1445 4025 1489 4070 so.

126 4086 201 4167 24,
226 4092 262 4154 in
281 4099 318 4168 0⁸,
343 4093 380 4169 ὅ,
407 4094 432 4168 ὅ
453 4092 478 4166 Ω
496 4093 638 4172 majores,
663 4111 706 4154 so.
724 4087 777 4166 36,
796 4089 850 4168 43,
875 4093 954 4154 siout
976 4093 1140 4170 interjecta
1162 4110 1288 4170 corpora
1311 4092 1374 4156 illio
1397 4095 1490 4158 cubus

126 4189 154 4240 et
175 4181 361 4256 oetaedmn,
387 4181 435 4244 bio
459 4182 667 4245 dodsoatdrou
692 4190 724 4245 et
747 4182 922 4244 ioosatdrou
947 4189 1018 4244 sunt
1040 4180 1161 4244 similia.
1207 4181 1250 4244 Et
1273 4183 1489 4258 animadverte,

127 4271 199 4347 quod
225 4269 299 4343 illie,
323 4269 374 4332 ubi
398 4289 509 4352 magna
532 4270 703 4334 differentia
726 4277 775 4333 est
794 4269 1005 4349 inscriptomm
1025 4278 1057 4332 et
1071 4269 1372 4350 circumscriptorum,
1395 4287 1491 4351 pat-ra

126 4367 170 4420 est
203 4359 377 4423 differentia
409 4359 640 4422 distantiarum:
673 4359 807 4422 vicissim
829 4360 881 4422 ubi
911 4360 1125 4438 propemodum
1157 4359 1300 4441 aequales
1333 4360 1489 4442 adscripti,

127 4464 232 4528 magm
255 4449 420 4512 intervallo
443 4449 594 4511 dissident
616 4448 789 4512 distantiae·
805 4447 953 4510 motoriae
977 4469 996 4510 a
1019 4447 1246 4527 Ooperuioauis.

211 4535 290 4602 Cum
313 4539 408 4618 igitur
431 4538 461 4598 iu
486 4538 605 4600 deiectu
629 4539 686 4600 boo
709 4537 752 4600 sit
774 4537 922 4617 quaedam
946 4537 1131 4617 aequalitas,
1160 4545 1192 4600 er
1215 4555 1286 4600 vere
1309 4534 1382 4596 nibil
1403 4531 1487 4594 ordi·
1593 4559 1600 4576 ι

129 4634 225 4690 uatum
241 4627 370 4691 fortuito
385 4626 516 4700 accidat,
541 4627 609 4688 ideo
624 4626 825 4706 cogitandum,
850 4644 988 4688 numeros
1012 4627 1103 4688 hosce
1125 4625 1166 4688 ad
1189 4625 1347 4688 siccitatem
1371 4619 1488 4698 quidem

131 4713 268 4792 alludere,
293 4717 429 4779 nondum
453 4723 554 4777 tamen
577 4735 644 4777 eam
668 4716 787 4794 penitus
812 4721 979 4776 assecutos.
1017 4715 1134 4792 Nempe
1158 4713 1187 4774 iu
1211 4713 1277 4791 ipso
1300 4709 1487 4770 theoremate

131 4803 220 4870 adhue
242 4806 345 4870 limari
370 4805 444 4890 quid
465 4812 570 4887 potest
583 4809 629 4878 ·):
663 4813 716 4866 aut
748 4803 904 4864 theorema
936 4801 1055 4883 quidem
1087 4809 1169 4863 recte
1202 4797 1312 4950 h¹a²b2t,
1345 4793 1400 4854 sed
1424 4793 1487 4873 ejus
