3628 5518
739 231 916 300 equom.
1444 239 1509 306 183

142 389 189 470 qni
208 387 334 469 penitus
361 389 447 453 idem
477 379 658 455 statuerunt.
705 394 822 475 Nempe
839 394 1038 457 Ptolemaeus
1061 395 1091 456 n
1118 402 1256 459 aarum
1284 399 1444 478 apanis
1470 409 1508 462 et

142 477 166 540 B
188 487 327 540 osntrurn
348 479 423 541 uiae
446 479 640 560 planetarios
665 481 747 544 feeit.
795 482 981 563 Oopemious
1003 501 1076 545 uero
1104 481 1233 546 oiron
1260 493 1411 561 aunuum,
1441 501 1509 550 sse-

143 565 219 628 dium
241 566 324 628 inter
347 567 378 628 D
406 577 441 631 et
462 569 508 644 Β,
543 579 712 633 eoeentrum
746 572 878 634 ecoentn'
908 572 957 634 vel
988 574 1276 656 eoeeutrepioyolum
1305 575 1506 639 olronmtluult.

141 653 178 716 Ei
200 673 273 734 ergo
297 655 343 729 fit,
367 665 403 720 ut
426 657 476 720 via
499 659 639 743 planetae
664 661 705 722 sit
719 681 808 744 qnam
824 661 959 742 proxime
973 659 1098 737 EFGH,
1124 663 1178 723 sed
1202 669 1301 729 motus
1326 664 1506 745 aequalitas,

142 742 219 808 sicut
241 743 340 823 ipsius
364 744 446 807 orbis
475 747 644 810 intermedii
673 747 752 811 inter
773 747 889 812 EFGH
919 758 950 811 et
974 749 1082 812 IKLM
1110 749 1191 812 eirea
1216 749 1259 826 G,
1293 751 1337 813 ita
1363 754 1507 834 planetae

141 833 221 896 cirea
243 833 288 910 D,
314 833 479 912 reguletur.
500 830 544 910 ⁸²)
782 829 785 838 ’

230 921 367 988 Causam
388 923 496 1000 habes,
522 945 574 988 our
588 925 746 1010 aequastis
765 934 900 990 centrum
923 932 1011 1005 parte
1035 925 1128 991 tertia
1152 927 1389 995 eceeutrioitatit
1412 929 1506 1007 totius

141 1033 158 1073 a
181 1020 290 1074 eentm
316 1012 478 1075 ecoeutriei
502 1013 604 1078 distet.
621 1014 649 1090 l)
685 1015 802 1095 Nempe
825 1015 952 1077 mundus
975 1021 1058 1076 totus
1079 1013 1183 1086 animd
1201 1016 1307 1098 plenus
1327 1025 1406 1093 sete,
1426 1037 1506 1100 quas

139 1101 256 1180 rapiat,
281 1099 424 1182 quicquid
448 1102 626 1183 adipiseitur
649 1103 806 1166 stellarum
830 1104 894 1166 sive
918 1111 1116 1178 cometarum,
1142 1106 1230 1184 idque
1254 1126 1292 1168 ea
1314 1105 1503 1184 pernicitate,

138 1209 231 1270 qnam
254 1189 384 1270 requirit
406 1190 464 1254 loci
488 1197 507 1252 a
530 1189 602 1254 Sole
626 1192 774 1255 distantia
798 1192 892 1254 stibi
917 1190 1062 1254 fortitudo
1086 1193 1217 1266 virtutis.
1233 1197 1260 1266 ⁶)
1298 1194 1415 1258 Deinde
1439 1205 1505 1260 esto

80 1295 83 1300 ·
138 1279 169 1340 in
193 1279 334 1360 quolibet
355 1279 481 1359 planeta
502 1281 663 1360 peculiaris
691 1280 810 1357 anima,
841 1280 927 1361 eujus
955 1281 1079 1362 remigio
1108 1283 1200 1344 stella
1227 1283 1375 1346 ascendat
1396 1283 1427 1346 in
1450 1303 1505 1348 suo

138 1368 278 1431 ambitu:
304 1377 335 1430 et
359 1366 481 1430 orbibus
504 1371 630 1431 remotis
653 1369 758 1434 eadem
781 1376 952 1452 sequenter.

228 1459 335 1537 Atque
359 1457 435 1519 haee
459 1457 496 1518 de
520 1467 686 1538 aequante,
721 1458 771 1521 ubi
798 1458 929 1538 legerint
958 1457 1069 1538 aliqui„
1098 1458 1160 1520 scio
1188 1458 1329 1538 gestient.
1376 1459 1456 1522 Nam
1478 1461 1504 1522 si

137 1545 289 1608 mirantur
304 1545 469 1608 astronomi
484 1542 977 1609 Ptolemaenrnindemonstratam
999 1545 1145 1610 annuisse
1166 1547 1245 1609 baso
1269 1549 1395 1610 eaodem
1417 1567 1505 1611 men·

137 1653 243 1698 suram
266 1635 363 1696 centri
387 1635 556 1717 sequentis,
581 1637 794 1716 multomagis
814 1637 880 1717 jam
903 1635 1089 1697 mirabuntur
1108 1636 1237 1718 quidam,
1262 1636 1356 1699 luisse
1380 1655 1504 1700 oausam

136 1723 229 1803 hujus
253 1721 316 1800 rei,
351 1743 446 1804 neque
472 1731 573 1788 tamen
597 1726 634 1787 de
658 1745 696 1786 ea
719 1724 894 1786 Ptolemaeo
923 1723 1112 1800 suboluisse,
1129 1741 1210 1787 'eum
1237 1725 1335 1806 ipsam
1364 1726 1504 1800 remita,

137 1813 184 1876 nti
207 1812 321 1886 habet,
356 1821 507 1888 sumeret,
540 1822 572 1875 et
604 1813 690 1895 quasi
719 1813 819 1876 divino
848 1820 921 1875 nutu
949 1833 1058 1874 caecos
1088 1814 1125 1875 ad
1154 1814 1251 1876 locum
1275 1813 1409 1877 debitum
1432 1833 1503 1896 per·

137 1902 268 1964 veniret.

229 1987 293 2052 Sed
325 1995 426 2051 tamen
456 2009 508 2052 eos
539 1989 709 2052 admonitos
743 1988 851 2066 velim,
886 1987 958 2051 nibil
992 2009 1060 2052 esse
1092 2007 1129 2051 er
1158 1990 1237 2052 omni
1259 1997 1348 2072 parte
1371 1990 1502 2054 beatum.

135 2081 219 2142 Nam
242 2080 273 2140 in
298 2077 420 2140 Venere
445 2087 476 2141 et
498 2079 648 2140 Mercurio
676 2079 738 2142 ista
769 2078 899 2142 tarditas
930 2086 962 2139 et
989 2079 1136 2143 velocitas
1164 2097 1222 2140 non
1251 2081 1289 2148 ad
1319 2077 1505 2158 planetarea

137 2167 213 2231 Sole
243 2165 479 2244 digressionem,
514 2167 569 2228 sed
601 2167 639 2228 ed
671 2168 767 2230 solnm
791 2167 903 2230 Terrae
934 2175 1046 2230 motum
1074 2163 1368 2242 accommodamus)
1413 2169 1456 2231 Et
1479 2167 1504 2230 si

136 2255 207 2340 quis
235 2255 305 2318 huie
331 2255 377 2326 rei
408 2263 571 2344 praetexat
603 2255 754 2318 obversam
786 2264 886 2318 motus
916 2255 1119 2318 eonditionem
1151 2275 1170 2322 a
1197 2265 1278 2323 motu
1308 2256 1503 2338 superiorum,

137 2365 229 2430 qnam
255 2345 383 2428 denique
408 2345 437 2405 in
462 2345 573 2406 Terrae
598 2363 696 2408 annuo
719 2353 801 2408 motu
825 2363 948 2408 oausam
972 2345 1101 2408 afferet?
1149 2345 1178 2408 ls
1202 2344 1279 2409 enim
1304 2365 1399 2427 neque
1423 2345 1503 2428 apud

136 2435 349 2499 Ptolemaeum
373 2453 479 2513 neque·
500 2433 580 2514 apud
605 2431 804 2514 Uopernioum
834 2441 982 2515 aequante
1010 2433 1191 2516 indiguit‘)
1238 2431 1340 2505 Quare
1369 2441 1401 2497 et
1427 2435 1504 2496 baeu

136 2523 257 2588 ineerta
280 2523 319 2585 lis
343 2523 399 2584 sub
424 2533 596 2585 astronomo
615 2522 718 2602 jndice
741 2523 884 2603 pendeat.

459 2751 504 2814 ΙΝ
528 2749 667 2816 CAPUT
690 2749 931 2815 VICESIMUM
954 2748 1187 2816 SECUNDUM

670 2869 784 2926 uorsa
803 2870 979 2928 suoroms.

219 2979 253 3052 a)
277 2983 306 3038 Si
329 2998 402 3054 quae
424 2999 511 3038 eausa
530 2983 622 3048 effioit,
648 2990 680 3038 ut
700 2983 838 3046 Saturnus
861 2985 937 3038 altus
961 2983 998 3038 sit
1021 2983 1126 3038 tardior
1146 2983 1216 3037 Jove
1230 2981 1369 3038 humiliori
1391 2989 1422 3037 et
1444 2981 1502 3038 Soli

136 3063 272 3128 viciniori,
295 3065 393 3117 eadem
407 3062 519 3127 efficiat,
542 3070 573 3118 nt
586 3063 721 3118 Saturnus
736 3065 809 3118 altus
825 3069 855 3118 et
869 3077 1013 3136 apogaeum
1033 3064 1071 3118 eit
1084 3063 1190 3118 tardior
1204 3080 1233 3116 se
1248 3062 1309 3133 ipso
1323 3063 1458 3135 perigaeo
1473 3070 1504 3118 et

135 3144 246 3200 humili.
286 3143 381 3198 Causa
395 3143 537 3214 utriusque
551 3142 592 3197 rei
607 3149 651 3198 est
664 3144 807 3215 elongatio
822 3145 954 3220 planetae
970 3161 988 3198 a
1001 3143 1066 3198 Sole
1079 3143 1226 3201 rectilinea
1244 3143 1332 3212 major
1345 3144 1391 3197 vel
1404 3143 1501 3206 minor,

136 3225 205 3296 quia
217 3226 306 3296 longe
319 3222 428 3277 distans
443 3239 461 3277 a
474 3217 538 3278 Sole
552 3230 682 3279 uersatur
696 3223 724 3276 in
737 3224 840 3280 virtute
855 3223 945 3278 Solari
960 3223 1085 3279 tenuiore
1099 3229 1130 3278 et
1142 3222 1331 3278 imbeoilliore.
1345 3261 1348 3268 -
1426 3217 1433 3230 '

218 3301 251 3370 b)
277 3305 366 3366 Quam
381 3302 626 3374 aequipollentiam
640 3303 836 3375 hypothesium
850 3303 928 3357 doeni
942 3303 971 3358 la
986 3304 1134 3358 Commeat
1150 3303 1248 3357 Martis
1262 3309 1336 3372 part.
1352 3303 1374 3357 1.
1457 3347 1460 3359 .

219 3381 247 3450 o)
271 3385 333 3440 Hos
356 3399 422 3438 vero
436 3383 463 3438 in
479 3383 703 3440 annotationibus
718 3383 930 3438 emendavimus.
965 3385 1025 3440 Non
1040 3385 1126 3453 dupla
1145 3389 1209 3438 erat
1223 3382 1396 3454 periodorum
1416 3381 1502 3437 etsie

136 3466 306 3520 tarditatem
329 3463 471 3534 proportio
486 3465 522 3517 ad
536 3463 739 3536 proportionem
762 3463 874 3524 orbium,
900 3465 948 3518 sed
962 3463 1150 3544 sesquialtera
1163 3464 1271 3518 saltem.
1308 3465 1349 3516 At
1362 3461 1390 3515 in
1403 3463 1500 3540 plane·

137 3553 186 3600 tae
206 3545 291 3600 anina
306 3541 424 3598 motibus
448 3561 485 3598 ex
498 3543 563 3598 Sole
587 3544 797 3614 apparentibus,
822 3542 934 3614 aphelio
956 3549 987 3597 et
1008 3541 1152 3615 peribelio,
1178 3549 1281 3615 regnat
1303 3541 1447 3612 propertio
1460 3541 1500 3596 sli-

136 3626 306 3681 stantiarnm
328 3621 452 3692 praeoise
470 3624 557 3694 dupla
577 3623 604 3677 in
618 3623 737 3678 motibus
757 3622 825 3693 ipsis
839 3623 951 3686 diurnis,
974 3631 1007 3678 nt
1020 3626 1084 3677 sunt
1107 3638 1187 3677 arens
1202 3621 1422 3685 eooentrlsorum,
1438 3636 1501 3694 pro·

136 3707 230 3776 portio
253 3703 394 3776 ipsissima
416 3702 609 3760 distantiarum
623 3701 731 3773 simpla,
755 3703 816 3757 vide
831 3703 979 3758 Commeat
994 3703 1093 3758 Martis
1108 3707 1181 3773 part.
1197 3703 1236 3756 lll
1255 3709 1286 3756 et
1302 3699 1349 3755 Ν.
1381 3701 1502 3757 causam

136 3785 311 3841 diversitatis
326 3782 557 3838 evidentissimam
570 3784 658 3838 habet
671 3783 719 3838 lib.
734 3785 781 3840 tv.
795 3783 871 3854 Epit.
886 3787 999 3840 ssuon.
1223 3853 1227 3858 .

218 3863 251 3933 d)
271 3866 333 3920 Eoo
346 3865 380 3916 de
395 3863 546 3932 Coperuioo
561 3880 654 3918 vertum
668 3871 719 3928 est,
736 3863 778 3918 eui
794 3864 947 3918 Coentrum
961 3869 1005 3918 est
1019 3861 1174 3933 aequantia,
1191 3879 1240 3915 sen
1254 3860 1347 3932 potius
1361 3860 1497 3922 amemtri·

138 3945 296 4008 eoeenmiel
318 3943 342 3996 Β
358 3949 481 4002 oestrum
501 3943 564 3998 viae
579 3945 720 4015 planetae,
743 3949 772 3998 et
794 3943 881 4014 ipsius
896 3943 944 3998 au
964 3959 1030 4014 pars
1044 3945 1131 3998 tertia
1144 3942 1198 3999 BG.
1236 3947 1277 4006 At
1299 3941 1327 3995 in
1338 3941 1502 4004 Ptolemaeo

138 4027 213 4084 ratio
233 4031 281 4080 est
304 4022 373 4078 alia.
414 4023 459 4078 Illi
480 4023 592 4083 enirnD
616 4029 661 4078 est
683 4029 806 4090 eentmm
829 4023 985 4095 aequantia,
1005 4025 1029 4080 B
1053 4022 1208 4088 eooautrioi,
1230 4036 1316 4094 quare
1339 4019 1426 4092 ipsius
1448 4023 1502 4078 AD

139 4107 263 4162 seminia
282 4111 329 4158 est
350 4103 414 4158 BD.
1311 4103 1318 4117 ¹

217 4181 248 4252 e)
270 4185 393 4240 Rursum
407 4198 457 4254 pro
471 4180 563 4252 anima
577 4181 705 4256 intellige
720 4181 792 4237 Solis
807 4183 927 4252 speeiem
940 4181 1163 4248 materiatam,
1185 4193 1332 4240 extensam
1353 4187 1386 4236 ut
1399 4181 1500 4246 lumen,

138 4275 168 4322 et
189 4265 311 4322 babebis
335 4259 381 4316 hie
400 4260 530 4316 brevibus
544 4261 635 4316 verbis
658 4277 790 4316 summam
813 4279 892 4317 meae
912 4262 1047 4334 physioae
1061 4263 1199 4330 eoelestis,
1224 4261 1355 4320 traditam
1379 4261 1407 4316 in
1422 4261 1500 4316 Conr-

138 4354 220 4402 ment
236 4346 339 4402 Martis
354 4347 431 4413 part.
448 4341 494 4396 lll.
509 4345 539 4396 et
551 4341 598 4396 IV.
614 4349 644 4396 et
657 4342 807 4412 repetitam
821 4341 868 4396 lib.
885 4343 933 4397 lV.
949 4341 1023 4414 Epit.
1039 4347 1152 4399 Astron.

217 4423 246 4494 ι’)
268 4425 349 4481 Nihss
369 4438 439 4495 opus
458 4421 636 4491 exceptione:
657 4437 724 4476 vero
743 4423 834 4476 serius
856 4429 900 4477 est
921 4421 1006 4477 etiam
1020 4423 1054 4476 de
1068 4423 1177 4478 Venere
1199 4428 1228 4477 et
1242 4419 1387 4478 Merousio.
1429 4419 1499 4473 llam

140 4507 208 4578 quod
229 4505 404 4577 Copernious
427 4500 536 4571 aliquas
557 4503 653 4557 borum
676 4503 852 4574 planetarum
876 4503 1093 4574 inaequalitates
1117 4503 1221 4575 alligat
1242 4505 1277 4558 ad
1299 4507 1402 4556 motum
1425 4497 1499 4551 orbis

142 4587 229 4652 sunni,
253 4589 282 4642 id
305 4589 341 4641 de
360 4599 457 4637 errore
479 4587 532 4635 est.

214 4663 258 4740 gl
274 4665 364 4738 Apud
377 4661 568 4717 Ptolemaeum
582 4660 689 4732 quidem
702 4665 733 4715 et
747 4661 935 4732 Gopsruitum.
973 4665 1013 4718 Δι
1026 4679 1081 4734 ego
1095 4663 1123 4717 in
1137 4663 1287 4718 Commeat.
1301 4653 1401 4714 maru·
1414 4667 1497 4722 prae·

140 4749 276 4820 cipuorom
292 4743 361 4804 libri
375 4741 556 4798 membromm
579 4741 631 4796 boo
649 4755 733 4796 uuum
754 4741 808 4796 lsai
831 4743 953 4798 attolat
966 4739 1265 4816 angularenlapidem
1278 4735 1307 4788 iu
1321 4732 1498 4794 mndameato
