3674 5528
727 211 762 262 «ιο
779 211 851 262 osu·
870 210 1031 278 memu-
1150 182 1154 190 '
1494 205 1559 275 ero

190 369 344 437 discimus
379 371 473 436 edam
502 369 645 436 iuferiora
676 371 838 434 intervalla
871 370 1011 435 similiter
1040 367 1183 434 dividere.
1231 364 1324 436 Quia
1339 369 1417 432 enim
1449 377 1560 434 natura

189 460 305 540 probat
329 458 524 524 intervallum
550 459 736 539 „paschali“,
762 459 811 535 ia,
843 460 906 535 sol,
940 460 987 535 fa,
1017 458 1067 520 ubi
1087 465 1135 520 est
1157 465 1247 519 tonus
1270 455 1382 532 minor,
1415 458 1557 537 probabit

193 549 303 624 edam,
334 558 372 612 ut
396 549 434 612 ab
457 548 617 611 intervallo
641 569 688 624 re,
715 548 760 624 fa,
793 545 954 624 „victimae
977 545 1103 628 pascb.“
1129 545 1301 610 auferamus
1323 545 1429 610 itidem
1453 555 1558 610 tonum

193 637 341 700 minorem
365 635 541 713 „vidistin“,
565 644 636 700 tunc
660 636 739 699 euim
762 643 867 698 manet
889 636 1025 716 superius
1045 633 1234 698 semitonium
1260 635 1393 707 „vidist“
1419 636 1554 716 ejusdem

195 725 379 806 quantitatis
412 745 480 789 cum
510 725 647 806 superius
671 725 836 788 constituto
860 725 949 788 inter·
962 725 997 799 d,
1032 724 1089 786 dis.
1138 721 1201 785 Sed
1225 725 1317 802 qnare
1347 741 1408 786 non
1430 723 1555 788 inferius

197 814 385 877 collocamus
414 811 604 877 semitonium
635 808 720 897 “lm
754 814 891 895 superius
924 815 1070 878 minorem
1098 818 1201 874 tonnm
1228 803 1312 892 Ἡ
1357 810 1554 892 Respondeo:
1568 861 1572 869 .,

169 943 173 950 -
197 902 227 966 id
251 903 375 984 quidem
399 903 559 980 etiam'lit,
583 903 637 966 sed
660 922 718 964 uon
743 921 876 982 semper;
901 910 932 964 et
955 902 1049 964 habet
1071 919 1194 962 eausam
1218 901 1395 975 naturalem,
1420 907 1455 962 ut
1477 901 1556 964 inter

198 991 323 1074 maduo,
349 989 400 1073 qui
423 1009 515 1072 saepe
538 991 702 1068 calcantur,
727 991 790 1055 sint
812 991 1037 1053 consonantiae.
1085 987 1213 1060 Quando
1229 1007 1300 1071 ergo
1320 989 1349 1052 in
1364 987 1458 1070 ἀγωῃ]
1471 991 1555 1054 vocis

197 1099 230 1142 re
253 1079 434 1162 respicimus
457 1079 495 1141 ad
520 1079 553 1152 d,
578 1088 613 1144 ui
635 1099 671 1142 ea
690 1080 803 1144 chorda
826 1080 947 1160 saepius
971 1078 1116 1160 pulsetur,
1140 1085 1211 1138 tunc
1233 1097 1290 1140 uon
1306 1077 1397 1140 debet
1419 1097 1479 1140 vox
1501 1097 1556 1159 per

196 1167 310 1250 Mis,
335 1168 365 1242 b,
390 1187 418 1243 c,
442 1168 537 1244 dire,
570 1168 641 1250 quia
673 1169 748 1232 det
770 1169 818 1250 gis
841 1187 900 1232 nou
925 1175 1102 1230 consonant.
1149 1165 1278 1238 Quando
1308 1173 1410 1230 autem
1431 1186 1491 1229 vox
1515 1169 1554 1230 ad

199 1257 228 1332 b,
253 1276 279 1331 c,
306 1257 325 1318 d
349 1275 409 1318 uon
433 1265 483 1318 est
506 1276 679 1332 ascensura,
703 1256 936 1338 nihilprohibet,
961 1277 980 1318 a
1003 1255 1070 1336 giu
1094 1253 1142 1335 gis
1164 1255 1339 1329 ascendere,
1359 1255 1488 1335 indeque
1502 1275 1553 1318 re·

197 1344 286 1408 uerti.
330 1344 484 1426 Denique,
516 1347 542 1407 si
566 1365 774 1426 comparemus
797 1345 970 1408 harmonias
998 1342 1194 1406 secundariae
1225 1337 1279 1426 ⁸1„
1317 1336 1370 1425 ⁵1„
1411 1337 1465 1424 ⁸l„
1503 1338 1553 1427 7„

197 1452 255 1496 non
279 1453 347 1496 cnm
369 1433 521 1516 primariis
551 1428 603 1518 ¹l„
633 1429 687 1518 ²l„
712 1435 766 1498 sed
788 1455 855 1496 enm
879 1433 963 1515 ipsis,
989 1440 1023 1494 nt
1049 1425 1084 1510 Ἰ,
1114 1437 1147 1492 et
1174 1425 1226 1514 ll„
1252 1431 1300 1493 vel
1330 1425 1397 1517 ²7„
1418 1439 1450 1494 ct
1469 1427 1553 1516 ²⁶l„,

198 1522 304 1586 existit
326 1521 517 1598 intervallum
540 1523 619 1586 iuter
642 1524 662 1587 h
685 1525 753 1586 etb
777 1525 881 1584 durum
905 1529 936 1585 et
950 1522 1049 1595 molle,
1075 1539 1118 1583 so.
1139 1513 1228 1603 “lm
1254 1539 1343 1601 quam
1357 1523 1439 1586 soleo
1456 1524 1553 1586 diesin

199 1611 368 1694 appellare,
404 1620 510 1692 estque
534 1611 705 1675 differentia
727 1611 877 1674 semitonii
908 1620 1021 1673 atouo
1045 1610 1168 1671 minore.
1214 1608 1257 1672 lit
1285 1609 1355 1688 quia
1376 1630 1433 1673 usu
1456 1612 1550 1688 venit,

197 1708 230 1764 ut
257 1701 351 1764 etiam
378 1700 409 1764 in
432 1708 503 1764 tono
526 1701 639 1780 majore
672 1701 890 1764 constituamus
919 1697 1110 1761 semitonium
1132 1697 1314 1772 imitatione,
1349 1701 1428 1780 qnod
1459 1700 1553 1780 igitur

196 1787 389 1870 relinquitur,
429 1791 537 1866 λειμμα
566 1789 633 1852 dieo
670 1789 718 1852 vel
751 1789 847 1851 diesin
879 1788 1036 1867 maj0rem,
1076 1786 1145 1866 quia
1181 1792 1305 1867 superat
1342 1781 1426 1868 ’‘iw
1474 1785 1551 1853 Gla-

198 1877 243 1940 vis
276 1876 453 1939 necessaria
485 1878 615 1958 organis,
647 1877 676 1940 iu
701 1876 807 1960 quibus
826 1877 954 1939 alternis
979 1881 1086 1937 cantus
1109 1875 1199 1937 durus
1231 1881 1264 1936 et
1295 1877 1395 1940 mollis
1418 1879 1552 1942 exerceri

196 1967 297 2041 debet,
322 1964 460 2046 quamvis
483 1983 538 2046 per
561 1973 718 2047 utramque
743 1966 828 2029 simul
853 1963 1042 2027 ascendendo
1066 1963 1116 2026 vel
1131 1961 1341 2027 descendendo
1365 1973 1473 2028 cantus
1492 1985 1551 2030 non
1661 2035 1665 2040 ,

198 2054 393 2128 traducatur3
417 2072 511 2116 causa
529 2063 621 2136 ¹patet
643 2074 683 2116 ex
706 2054 830 2137 origiue.
875 2051 1101 2116 Portinnculam
1115 2071 1196 2128 vero,
1222 2070 1280 2131 qna
1300 2051 1442 2116 differunt
1463 2062 1553 2118 tonus

195 2143 291 2222 major
314 2150 347 2204 et
369 2141 466 2205 minor
493 2135 528 2225 Ἰ,
556 2150 587 2204 et
616 2137 689 2226 'lm
718 2142 766 2205 vel
795 2135 864 2226 ⁸⁰l„
891 2149 924 2203 et
951 2134 1038 2223 Ἣ,
1067 2157 1111 2204 sc.
1139 2134 1228 2220 Ἣ,
1261 2139 1378 2219 placuit
1399 2143 1472 2206 mibi
1495 2163 1552 2224 ap-

193 2231 309 2310 pellare
336 2231 505 2306 „comma“.
552 2231 661 2305 Vides,
684 2230 798 2312 opinor,
828 2230 905 2292 haee
929 2225 1090 2292 intervalla
1113 2230 1142 2292 in
1166 2230 1247 2292 nullo
1272 2229 1392 2293 minimo
1416 2250 1552 2294 eommu-

193 2320 313 2380 nicare:
338 2317 448 2382 nulline
472 2319 551 2382 onim
584 2320 803 2384 ue·oommatis
826 2319 945 2400 quidem
977 2317 1226 2396 multiplicatione
1250 2317 1343 2380 ullum
1365 2338 1403 2380 ex
1426 2321 1551 2400 majori-

193 2406 249 2470 bus
275 2407 442 2473 intervallis
466 2408 607 2487 prodibit.

263 2531 338 2582 Haec
356 2529 492 2595 qulernsc
512 2531 606 2596 reliqua
624 2531 720 2582 desum.
758 2529 879 2586 Derim,
909 2543 964 2580 oum
983 2544 1030 2593 quo
1049 2529 1101 2594 epit
1125 2529 1164 2580 his
1181 2529 1319 2595 Keplerus,
1346 2532 1410 2582 baec
1427 2537 1551 2584 notamus.

191 2601 291 2656 Nomen
303 2601 329 2652 Η
337 2601 430 2666 egnlo
438 2603 488 2650 nti
496 2617 528 2652 us
541 2603 654 2666 nuspiam
667 2603 856 2666 occurritquam
869 2593 1047 2662 inffllanschio:
1060 2601 1084 2650 in
1095 2597 1155 2650 Mas.
1170 2600 1352 2652 Viennensibus
1364 2603 1401 2652 bis
1415 2601 1550 2668 deprehen·

192 2673 275 2723 dimus
285 2673 395 2735 ejusdem
408 2671 492 2722 literas
502 2687 564 2737 quas
576 2687 651 2738 supra
662 2673 838 2736 proposuimus.
853 2670 945 2721 alteras
959 2673 1110 2734 mbscriptas
1124 2671 1327 2736 „Christophorus
1338 2673 1441 2738 Hapnl
1449 2675 1550 2736 onus“,

194 2743 302 2794 alteras:
325 2741 477 2806 „Christopb
497 2743 693 2806 Heydcnus“.
730 2741 865 2792 Joecherus
889 2739 956 2802 (Gal.
976 2737 1097 2803 Lexieon)
1123 2742 1183 2791 dicit
1202 2743 1369 2808 ,astrologum
1395 2751 1421 2794 et
1440 2745 1550 2796 eabbali-

192 2821 258 2863 stam
277 2813 387 2878 anglum
404 2812 571 2864 &datianum
590 2814 747 2877 Haydon“.
767 2827 840 2878 quem
865 2813 970 2862 eundem
999 2827 1053 2862 esse
1081 2826 1224 2868 censemus.
1250 2815 1290 2880 qui
1315 2815 1393 2864 literis
1416 2815 1551 2879 Keplsrum

190 2885 263 2942 amis.
283 2899 341 2936 enm
358 2889 423 2934 teste
440 2883 562 2936 Joeebero
582 2884 689 2936 ediderit
701 2899 774 2942 anae
794 2881 862 2934 16⁰3
882 2883 970 2933 librum
988 2883 1143 2946 inscriptum:
1164 2898 1181 2933 a
1192 2884 1296 2934 deieace
1308 2885 1336 2934 oi
1350 2885 1453 2948 jndicial
1466 2887 1551 2937 Asmu-

191 2955 285 3020 logie.“
324 2954 427 3018 Kepleri
444 2955 519 3006 rerba
538 2954 574 3020 (p.
596 2951 660 3016 ³70)
678 2955 819 3022 significare
837 2955 964 3012 ridentur,
990 2953 1138 3016 Heydonnm
1157 2968 1212 3004 oum
1231 2969 1290 3020 rege
1308 2955 1404 3005 Jacobo
1430 2956 1553 3009 derebus

193 3025 351 3091 astrologicis
370 3041 384 3075 e
403 3027 458 3076 'sse

265 3095 339 3156 Quae
366 3041 436 3146 scidit
460 3096 584 3161 Keplerns
610 3096 763 3162 astrologicis
787 3096 926 3154 musicalia,
953 3095 991 3144 bis
1018 3093 1107 3144 similia
1126 3095 1295 3159 deprehendes
1313 3097 1338 3145 in
1363 3097 1495 3150 Prodromo
1514 3097 1550 3163 (p.

191 3163 245 3216 rus
265 3181 302 3231 sq.
322 3174 348 3218 et
367 3163 431 3228 ier)
450 3173 476 3219 et
494 3169 519 3217 in
538 3167 598 3216 libro
617 3167 648 3217 de
666 3167 739 3218 Nora
756 3165 836 3217 Stella
854 3163 903 3227 (lit.
923 3167 955 3216 sd
973 3164 1165 3230 Brenggornm).
1202 3163 1299 3216 Similia
1316 3173 1410 3218 tractat
1428 3169 1552 3234 Keplerus

189 3240 218 3288 ia
236 3239 316 3288 literis
334 3239 366 3288 sd
383 3237 399 3290 J
404 3239 493 3289 oscb.
512 3238 706 3296 Tenelium,
725 3239 812 3302 quibus
830 3239 967 3301 praemissa
985 3237 1166 3302 quadamtenus
1184 3236 1335 3302 supplentur.

264 3309 281 3358 J
286 3309 455 3360 oachimus
474 3310 637 3360 Tanaitas
656 3309 791 3372 Lipsiensis
812 3305 949 3370 (Professor
967 3315 1037 3358 snat.
1057 3313 1083 3357 et
1101 3307 1224 3374 cbirnrg..
1244 3315 1315 3358 mort.
1328 3305 1406 3369 tuoe,
1426 3316 1469 3361 aet
1482 3307 1547 3373 52),

190 3380 261 3429 varia
280 3395 336 3430 cnm
354 3379 462 3444 Keplero
482 3381 534 3445 egit
552 3395 595 3444 per
613 3380 697 3428 literas
717 3394 783 3429 anno
799 3375 874 3434 1808,
894 3381 1003 3429 maxima
1022 3394 1052 3429 ex
1070 3385 1142 3443 parte
1161 3381 1192 3429 de
1210 3379 1271 3430 libro
1283 3379 1384 3445 Kepleri
1402 3382 1433 3431 de
1447 3380 1553 3434 Cometa

192 3453 254 3500 anni
287 3447 370 3509 1607,
402 3467 473 3516 qnam
493 3449 594 3515 Lipsiae
623 3450 810 3514 imprimendum
840 3452 947 3508 curarit,
974 3449 1126 3500 concedente
1150 3451 1234 3500 ordina
1259 3449 1335 3500 theol.
1364 3458 1389 3501 et
1416 3451 1551 3516 philosoph.

188 3521 323 3572 Nausicaa
348 3523 458 3586 Keplero
485 3521 573 3571 libmrn
600 3521 666 3571 buno
692 3522 801 3585 proxime
829 3521 969 3572 absolutum
994 3521 1080 3571 addit:
1111 3521 1165 3570 misi
1192 3521 1224 3571 ad
1249 3528 1274 3570 te
1300 3521 1553 3573 monochordum

190 3591 387 3650 Reinhardi‚
415 3594 456 3658 qui
474 3593 590 3644 dirsantb
611 3594 637 3643 in
655 3593 755 3642 musicis
774 3605 791 3642 a
807 3598 891 3642 nostro
910 3591 1060 3642 Caluisio.
1098 3591 1237 3642 Pleniorem
1255 3592 1291 3642 bis
1310 3593 1426 3643 nundinis
1444 3595 1551 3644 instruc·

189 3665 287 3714 donem
312 3664 346 3714 ad
363 3679 403 3714 me
421 3665 503 3722 misit,
530 3677 604 3729 quam
624 3664 706 3713 obiter
723 3665 763 3712 vix
780 3663 889 3728 perlegis
909 3663 1038 3713 occasione
1059 3661 1107 3712 bac
1126 3663 1211 3712 oblata
1229 3663 1262 3714 ad
1280 3669 1305 3713 te
1323 3665 1407 3720 mitto,
1432 3665 1553 3728 indicium

193 3739 264 3784 tuum
281 3742 371 3800 petens
390 3731 435 3786 dte.
455 3733 552 3799 (Comp.
572 3733 685 3784 Henscb.
704 3749 728 3799 p.
749 3731 823 3794 lue.)
1448 3731 1455 3743 '

154 3889 162 3895 ⁴
264 3831 428 3896 Koprates
455 3832 594 3898 amenus:
622 3821 690 3886 Non
715 3822 870 3884 fortuitum
896 3821 950 3884 tibi
975 3840 1081 3883 nomen
1104 3829 1152 3885 est
1176 3842 1195 3883 a
1218 3820 1346 3899 Gratiis,
1373 3824 1552 3888 suavissime

191 3911 324 3988 Tanclri,
360 3913 550 3992 usqueadeo
575 3930 699 3974 suavem
729 3917 761 3972 et
785 3909 901 3973 Gratiis
929 3911 1050 3992 plenam
1073 3913 1113 3974 ad
1137 3913 1329 3974 collationem
1357 3931 1403 3974 me
1427 3913 1552 3988 invitas,

159 4039 162 4044 -
191 3999 382 4064 transmissis
401 3999 569 4065 Reinhardi
591 3999 846 4080 speculationibus
870 3999 1060 4062 harmonicis.
1106 4000 1153 4063 De
1176 4000 1215 4062 iis
1244 4001 1315 4079 qnid
1337 4001 1486 4075 videatur,
1520 4003 1551 4066 in

191 4107 361 4170 progressu
385 4089 527 4170 aperiam,
552 4087 730 4171 principium
753 4107 824 4150 vero
849 4089 958 4152 faciam
981 4089 1019 4150 ab
1043 4107 1180 4166 excursu,
1205 4089 1346 4170 adquam
1369 4091 1553 4156 auctoriate

194 4198 269 4241 snae
293 4177 444 4258 epistolae
466 4177 612 4258 principio
635 4184 755 4257 portam
778 4176 850 4239 mihi
873 4177 1001 4258 apernit.

281 4267 424 4348 Apparet
447 4267 566 4347 quidem
596 4284 634 4329 er
656 4264 710 4328 illo
734 4265 839 4330 statim
870 4265 1016 4345 principio
1040 4263 1172 4328 auctoris
1201 4265 1257 4328 hac
1281 4266 1310 4328 in
1334 4285 1366 4328 re
1395 4266 1554 4347 multiplex

192 4355 322 4419 eruditio
356 4363 390 4417 et
418 4364 574 4418 auctorum
605 4364 741 4418 veterum
769 4353 911 4434 cognitio.
958 4352 1114 4416 Ciceronis
1148 4354 1266 4434 quidem
1298 4355 1382 4416 locos
1415 4355 1444 4416 in
1478 4361 1552 4436 typo

193 4444 327 4526 scriptos
351 4443 437 4519 novi,
466 4461 589 4524 quornm
616 4443 767 4524 posterior
789 4461 806 4504 e
826 4443 948 4504 Timaeo
972 4441 1110 4504 Platonis
1138 4443 1295 4506 desumtus
1318 4449 1374 4504 est.
1422 4439 1551 4512 Quinam
1642 4499 1649 4512 ,

189 4551 259 4596 vero
285 4552 324 4596 ex
350 4532 505 4594 veteribus
528 4532 658 4594 bominis
682 4538 830 4594 staturam
860 4529 1063 4612 composuerit
1086 4549 1124 4592 ex
1147 4531 1227 4593 notis
1257 4549 1395 4593 sonorum
1420 4527 1551 4606 duplici-

189 4623 254 4698 bus,
278 4639 343 4686 non
367 4620 488 4683 memini
511 4639 558 4682 me
582 4620 708 4700 legisse3
741 4619 836 4682 vincit
858 4621 903 4682 sic
927 4619 1056 4682 lectione
1079 4617 1281 4681 Reinhardns.
1329 4615 1469 4678 Occurrit
1491 4615 1551 4676 ali-

189 4713 260 4796 quid
285 4729 327 4774 ex
352 4708 493 4780 Platone,
520 4708 577 4788 qui,
610 4727 731 4770 mensus
756 4709 917 4771 intervalla
940 4707 1082 4781 umbilici,
1112 4706 1352 4787 praecordiorum
1376 4712 1408 4765 et
1431 4704 1550 4784 bootis,
