3542 5528
365 1033 369 1046 Ι
450 827 1285 988 successuuuuvouo‘

742 1083 779 1158 S.
834 1086 899 1158 P.'
931 1085 977 1162 Ι).

778 1263 937 1274 ...η-...μ-

256 1378 413 1498 collecta
430 1433 556 1514 Kepleri
571 1453 663 1517 opera
676 1453 731 1498 nos
747 1436 880 1499 edituros
894 1455 962 1500 esse
976 1435 1189 1516 promittentes
1208 1433 1284 1496 haec
1306 1428 1535 1514 praemisimus:

258 1540 382 1605 Gentes
405 1540 597 1604 humanitate
621 1543 758 1605 excultae
782 1542 862 1605 viros
886 1543 1025 1624 egregios
1048 1559 1107 1632 uon
1126 1537 1332 1604 ¹monumentis
1355 1543 1475 1598 tautum
1498 1553 1536 1596 ex

171 1667 242 1711 aere
264 1655 318 1711 aut
341 1629 445 1727 lapide
469 1645 626 1728 exigendis
649 1641 839 1711 decorandos
858 1656 982 1730 putant;
1013 1648 1068 1710 sed
1101 1647 1140 1708 ab
1162 1645 1266 1708 inieris
1291 1649 1437 1706 revocant
1459 1659 1533 1722 pro·

169 1755 318 1836 ponendis
340 1753 395 1826 iis,
429 1771 505 1834 quae
529 1760 689 1833 gesserunt
711 1761 743 1816 et
766 1753 956 1834 evigilarunt,
985 1754 1174 1833 virorumque
1196 1753 1235 1813 de
1259 1749 1392 1813 colendis
1417 1767 1532 1828 augen-

171 1859 278 1942 disque
297 1859 396 1922 literis
420 1859 496 1922 bene
521 1857 693 1922 meritorum
715 1860 889 1924 memoriam
917 1861 1055 1923 recolunt
1086 1857 1171 1923 libris
1204 1875 1305 1920 eorum
1328 1843 1532 1936 divulgandis.
1584 1893 1594 1908 κ

171 1965 264 2047 Apud
287 1963 397 2029 Gallos
421 1966 542 2046 quidem
566 1973 598 2028 et
620 1966 737 2047 Auglos
753 1968 908 2048 Italusque
927 1967 974 2029 La
988 1967 1093 2041 Placii,
1118 1963 1261 2040 Neutoni,
1286 1961 1419 2026 Galileai
1443 1980 1535 2042 opera

170 2073 329 2154 magnifico
353 2079 512 2153 apparatu,
536 2071 749 2153 adjuvantibus
773 2072 956 2154 principibus
980 2080 1013 2135 et
1035 2070 1207 2147 academiis,
1238 2069 1345 2133 iterum
1367 2067 1534 2149 iterumque

169 2177 254 2259 typis
277 2195 423 2259 expressa
446 2187 526 2242 saut.
574 2179 675 2260 Atque
704 2177 868 2254 Germani,
901 2187 1012 2262 quanto
1045 2179 1145 2243 studio
1180 2185 1300 2240 nostros
1332 2175 1533 2240 recentiorum
1640 2255 1645 2264 '

168 2283 327 2350 literamm
350 2285 533 2359 conditores,
558 2292 671 2365 quanto
694 2285 806 2348 bonore
829 2285 911 2348 viros
934 2287 971 2348 de
995 2285 1164 2348 excolenda
1193 2291 1283 2365 geute
1312 2281 1437 2345 meritos
1459 2297 1533 2361 pro-

171 2396 347 2472 sequantur,
373 2390 509 2453 collectis
525 2387 659 2468 Goetbii,
676 2387 827 2467 Schilleri,
843 2391 996 2472 Lessiugii
1016 2391 1200 2472 aliorumque
1215 2388 1355 2470 operibus
1369 2391 1533 2450 testantur.

264 2496 319 2558 Ille
343 2513 416 2558 vero
435 2497 611 2560 recentioris
635 2497 836 2560 astronomiae
859 2505 965 2562 auctor
989 2503 1020 2560 et
1043 2497 1188 2567 conditor,
1209 2495 1294 2577 cujus
1313 2509 1419 2556 nomen
1438 2491 1468 2553 in
1482 2507 1534 2553 ore

177 2607 230 2665 est
251 2601 397 2678 omnium,
429 2603 595 2686 quicunque
618 2621 776 2684 corporum
798 2604 974 2667 coelestium
996 2611 1111 2679 motus,
1143 2611 1184 2674 et,
1214 2621 1289 2684 quas
1317 2597 1366 2662 hic
1389 2596 1533 2679 sequitur,

174 2707 277 2788 legum
300 2708 492 2790 aliquatenus
516 2710 602 2790 gnari
625 2715 703 2786 suut,
728 2708 794 2791 pari
814 2709 913 2774 studio
933 2709 1094 2773 ethonore
1113 2709 1253 2789 indignus
1271 2705 1439 2770 habeatur?
1461 2701 1532 2765 Mo-

175 2822 318 2877 numento
341 2815 461 2878 scilicet
483 2813 671 2878 Ratisbouae
695 2817 777 2879 lacto
801 2817 878 2880 satis
909 2817 1077 2880 consultum
1104 2815 1210 2879 honori
1232 2809 1424 2894 Kepleri,
1450 2806 1530 2872 Ger·
1593 2839 1596 2844 ·

176 2921 312 2983 uranicae
336 2920 438 3001 gentis
461 2921 613 3002 dignitati,
638 2921 787 2986 desiderio
811 2915 922 2998 eorum,
948 2922 997 3003 qui
1020 2920 1126 2984 literas
1149 2921 1256 2983 volunt
1278 2917 1345 2982 coli.

265 3027 310 3089 At
331 3026 458 3107 Kepleri
481 3045 587 3108 opera,
617 3035 682 3092 arte
716 3036 748 3091 et
771 3026 931 3109 multiplici
954 3027 1108 3104 doctrina,
1129 3022 1293 3089 meditandi
1317 3029 1349 3086 et
1372 3035 1532 3100 argumen-

175 3131 261 3194 tandi
283 3132 465 3203 subtilitate,
489 3133 630 3196 dictionis
654 3133 765 3215 partim
787 3135 907 3215 politico
932 3133 1039 3198 ardore
1062 3130 1273 3196 incalescentis
1296 3126 1458 3209 elegantia,
1487 3124 1534 3186 fe-

177 3237 258 3300 stivo
281 3238 382 3319 lepore
408 3239 586 3320 facetiisque
610 3241 750 3321 insignia,
776 3241 886 3304 libellis
908 3241 988 3316 istis,
1013 3241 1062 3322 qui
1082 3247 1185 3304 nostro
1205 3257 1280 3300 aevo
1300 3237 1454 3300 literarum
1472 3231 1536 3294 eci·

175 3343 249 3407 licet
270 3345 442 3409 amantibus
465 3347 718 3424 commendantur,
742 3347 942 3428 praeferenda
965 3365 1037 3410 saue
1061 3353 1187 3410 suntet
1210 3344 1308 3425 magis
1331 3340 1437 3422 digua,
1461 3355 1537 3420 quae

179 3449 378 3514 bibliothecas
402 3461 517 3528 eruent,
544 3461 576 3515 et
599 3455 670 3517 viris
695 3453 813 3517 illarum
835 3473 934 3517 rerum
957 3452 1100 3517 studiosis
1123 3453 1259 3534 aptiore,
1286 3468 1373 3533 quam
1398 3465 1457 3528 qua
1479 3444 1536 3506 du·
1620 3469 1633 3480 -
1668 3457 1671 3464 ·

180 3557 276 3622 cautis
299 3557 517 3640 quinquaginta
541 3560 628 3624 annis
651 3559 760 3623 abhinc
782 3559 909 3642 primum
934 3559 964 3622 iu
988 3561 1084 3624 lucem
1107 3557 1298 3641 prodierunt,
1329 3555 1426 3618 torma
1448 3567 1536 3614 mau-

179 3663 296 3727 deutur.
342 3664 472 3728 Praeter
494 3666 607 3747 primas
632 3666 780 3730 editiones
804 3689 823 3730 a
845 3667 977 3747 Keplero
1008 3667 1074 3748 ipso
1103 3665 1260 3728 institutae
1283 3679 1344 3725 uon
1366 3660 1454 3724 modo
1478 3673 1536 3718 uon

179 3769 299 3832 collecti
321 3772 387 3852 ejus
410 3771 479 3835 libri
503 3791 555 3836 seu
579 3751 697 3849 omnes,
723 3792 775 3836 seu
798 3773 946 3854 potiores.
970 3774 1038 3847 sed,
1063 3771 1168 3852 paucis
1191 3768 1344 3850 exceptis,
1368 3785 1406 3828 ue
1430 3761 1537 3844 singuli

179 3877 298 3958 quidem
321 3875 418 3942 denuo
442 3885 513 3941 suut
536 3879 616 3960 typis
640 3879 793 3959 exscripti.
827 3879 913 3944 Unde
934 3881 1055 3956 facturn,
1080 3886 1114 3942 ut
1131 3877 1182 3941 vix
1203 3876 1265 3938 ulla
1284 3875 1325 3938 sit
1342 3871 1536 3942 bibliotheca,

179 3983 210 4045 iu
234 4003 292 4064 qua
316 4002 421 4047 omnes
445 3985 509 4065 ejus
532 3983 601 4047 libri
623 3985 821 4066 reperiantur.
899 4067 900 4072 ἵ

155 4093 161 4100 ’
268 4090 398 4152 Multum
425 4109 499 4152 saue
529 4109 637 4171 operae
665 4091 836 4174 laborisque
865 4091 1096 4154 consumendum
1125 4088 1244 4152 eratin
1268 4082 1445 4168 colligendis
1468 4079 1536 4143 istis
1605 4127 1609 4134 .

179 4213 299 4279 quoquo
321 4215 427 4259 versus
451 4195 585 4278 disjectis
609 4197 759 4280 operibus,
783 4216 839 4260 uec
862 4196 920 4261 nisi
939 4198 1099 4260 maltorum
1119 4213 1263 4259 auuomm
1283 4193 1386 4258 labore
1406 4198 1438 4253 et
1451 4205 1535 4250 sum·
1598 4197 1603 4204 ·

176 4302 260 4366 tibus
283 4321 332 4366 res
356 4302 396 4365 ad
418 4311 569 4378 eventum,
593 4322 679 4385 quem
700 4305 917 4387 exoptavimus,
943 4304 1074 4367 adducta
1093 4311 1150 4367 est.
1180 4303 1315 4366 Insumto
1336 4305 1436 4362 autem
1450 4297 1536 4355 tauto

177 4409 282 4473 labore
305 4409 337 4472 id
360 4409 490 4491 egimus,
514 4417 563 4487 ut,
593 4401 729 4474 allectis
756 4411 804 4474 his
833 4412 972 4493 operibus
1003 4417 1035 4473 et
1058 4409 1086 4472 iu
1112 4410 1237 4471 formam
1261 4407 1348 4488 hujus
1371 4397 1464 4465 seculi
1485 4395 1536 4457 iu-

177 4513 266 4595 genio
299 4515 399 4596 magis
431 4534 592 4596 congruam
625 4517 772 4594 redactis,
798 4517 865 4580 Viri
895 4523 1020 4599 propter
1046 4515 1153 4600 judicii
1185 4513 1385 4582 subtilitatem
1413 4512 1538 4567 aeterna

177 4622 322 4684 memoria
345 4621 430 4702 digni
453 4639 559 4685 nomen
584 4623 614 4685 iu
637 4623 799 4688 illustriore
823 4631 1013 4686 monumento
1036 4641 1223 4704 poneremus.

266 4727 318 4790 Ad
341 4727 373 4789 id
398 4726 585 4792 efficiendum
609 4738 740 4811 quantae
762 4711 957 4794 difficultates
981 4737 1013 4793 et
1035 4729 1248 4811 impedimenta
1270 4717 1383 4784 bomini
1405 4713 1536 4796 privato,

178 4832 348 4916 splendidis
366 4833 488 4898 auxiliis
502 4834 658 4913 destlcmo,
683 4838 853 4918 superadde
872 4837 996 4912 luerint,
1020 4855 1107 4900 nemo
1126 4851 1183 4895 uon
1202 4827 1364 4908 intelliget.
1377 4863 1383 4872 -
1397 4818 1536 4884 Vicimus
