<?xml version="1.0" encoding="UTF-8"?>
<!DOCTYPE html PUBLIC "-//W3C//DTD XHTML 1.0 Transitional//EN"
    "http://www.w3.org/TR/xhtml1/DTD/xhtml1-transitional.dtd">
<html xmlns="http://www.w3.org/1999/xhtml" xml:lang="en" lang="en">
 <head>
  <title>
</title>
<meta http-equiv="Content-Type" content="text/html;charset=utf-8" />
  <meta name='ocr-system' content='tesseract 3.04.00' />
  <meta name='ocr-capabilities' content='ocr_page ocr_carea ocr_par ocr_line ocrx_word'/>
</head>
<body>
  <div class='ocr_page' id='page_1' title='image "./joanniskepleria22frisgoog_0197.png"; bbox 0 0 3586 5518; ppageno 0'>
   <div class='ocr_carea' id='block_1_1' title="bbox 313 188 1157 306">
    <p class='ocr_par' dir='ltr' id='par_1_1' title="bbox 313 188 1157 306">
     <span class='ocr_line' id='line_1_1' title="bbox 313 188 1157 306; baseline -0.012 -6"><span class='ocrx_word' id='word_1_1' title='bbox 313 235 377 302; x_wconf 82' lang='grc'><strong>170</strong></span> <span class='ocrx_word' id='word_1_2' title='bbox 629 188 632 196; x_wconf 12' lang='lat' dir='ltr'><strong>i</strong></span> <span class='ocrx_word' id='word_1_3' title='bbox 826 239 937 304; x_wconf 63' lang='lat' dir='ltr'><strong>naon</strong></span> <span class='ocrx_word' id='word_1_4' title='bbox 957 237 1157 306; x_wconf 58' lang='lat' dir='ltr'><strong>meamne</strong></span> 
     </span>
    </p>
   </div>
   <div class='ocr_carea' id='block_1_2' title="bbox 307 389 1713 1990">
    <p class='ocr_par' dir='ltr' id='par_1_2' title="bbox 309 389 1672 556">
     <span class='ocr_line' id='line_1_2' title="bbox 309 389 1672 477; baseline 0.001 -17"><span class='ocrx_word' id='word_1_5' title='bbox 309 404 539 477; x_wconf 61' lang='lat' dir='ltr'><strong>&amp;compensem</strong></span> <span class='ocrx_word' id='word_1_6' title='bbox 574 389 714 460; x_wconf 80' lang='lat' dir='ltr'><strong>correcta</strong></span> <span class='ocrx_word' id='word_1_7' title='bbox 746 397 834 460; x_wconf 90' lang='lat' dir='ltr'><strong>modo</strong></span> <span class='ocrx_word' id='word_1_8' title='bbox 868 397 1029 470; x_wconf 77' lang='lat' dir='ltr'>distantia,</span> <span class='ocrx_word' id='word_1_9' title='bbox 1062 398 1236 462; x_wconf 73' lang='lat' dir='ltr'><strong>existiment</strong></span> <span class='ocrx_word' id='word_1_10' title='bbox 1268 399 1432 462; x_wconf 72' lang='lat' dir='ltr'><strong>astronomi</strong></span> <span class='ocrx_word' id='word_1_11' title='bbox 1466 399 1524 462; x_wconf 90' lang='lat' dir='ltr'><strong>sibi</strong></span> <span class='ocrx_word' id='word_1_12' title='bbox 1554 399 1672 462; x_wconf 81' lang='lat' dir='ltr'><strong>abunde</strong></span> 
     </span>
     <span class='ocr_line' id='line_1_3' title="bbox 312 487 1346 556; baseline -0.002 -6"><span class='ocrx_word' id='word_1_13' title='bbox 312 487 515 551; x_wconf 85' lang='lat' dir='ltr'><strong>satisfactum.</strong></span> <span class='ocrx_word' id='word_1_14' title='bbox 1344 551 1346 556; x_wconf 72' lang='grc'><em>,</em></span> 
     </span>
    </p>

    <p class='ocr_par' dir='ltr' id='par_1_3' title="bbox 313 573 1672 747">
     <span class='ocr_line' id='line_1_4' title="bbox 400 573 1672 655; baseline -0.002 -17"><span class='ocrx_word' id='word_1_15' title='bbox 400 577 433 638; x_wconf 92' lang='lat' dir='ltr'><strong>In</strong></span> <span class='ocrx_word' id='word_1_16' title='bbox 449 575 526 638; x_wconf 86' lang='lat' dir='ltr'><strong>Jove</strong></span> <span class='ocrx_word' id='word_1_17' title='bbox 550 573 624 636; x_wconf 90' lang='lat' dir='ltr'><strong>nihil</strong></span> <span class='ocrx_word' id='word_1_18' title='bbox 643 573 711 653; x_wconf 92' lang='lat' dir='ltr'><strong>jure</strong></span> <span class='ocrx_word' id='word_1_19' title='bbox 736 573 901 636; x_wconf 85' lang='lat' dir='ltr'><strong>desiderari</strong></span> <span class='ocrx_word' id='word_1_20' title='bbox 925 583 1037 654; x_wconf 89' lang='lat' dir='ltr'><strong>potest.</strong></span> <span class='ocrx_word' id='word_1_21' title='bbox 1085 575 1164 638; x_wconf 89' lang='lat' dir='ltr'><strong>Nam</strong></span> <span class='ocrx_word' id='word_1_22' title='bbox 1188 576 1328 655; x_wconf 85' lang='lat' dir='ltr'><strong>exiguam</strong></span> <span class='ocrx_word' id='word_1_23' title='bbox 1343 575 1438 638; x_wconf 88' lang='lat' dir='ltr'><strong>habet</strong></span> <span class='ocrx_word' id='word_1_24' title='bbox 1459 577 1672 651; x_wconf 82' lang='lat' dir='ltr'><strong>differentiam,</strong></span> 
     </span>
     <span class='ocr_line' id='line_1_5' title="bbox 313 663 881 747; baseline -0.007 -19"><span class='ocrx_word' id='word_1_25' title='bbox 313 673 404 747; x_wconf 89' lang='lat' dir='ltr'><strong>atque</strong></span> <span class='ocrx_word' id='word_1_26' title='bbox 427 664 570 727; x_wconf 85' lang='lat' dir='ltr'><strong>minorem</strong></span> <span class='ocrx_word' id='word_1_27' title='bbox 594 669 734 725; x_wconf 80' lang='lat' dir='ltr'>sextante</span> <span class='ocrx_word' id='word_1_28' title='bbox 759 663 881 742; x_wconf 82' lang='lat' dir='ltr'><strong>gratim.</strong></span> 
     </span>
    </p>

    <p class='ocr_par' dir='ltr' id='par_1_4' title="bbox 308 751 1673 1106">
     <span class='ocr_line' id='line_1_6' title="bbox 398 751 1672 838; baseline 0.002 -24"><span class='ocrx_word' id='word_1_29' title='bbox 398 751 486 826; x_wconf 86' lang='lat' dir='ltr'><strong>Quod</strong></span> <span class='ocrx_word' id='word_1_30' title='bbox 519 759 618 814; x_wconf 89' lang='lat' dir='ltr'><strong>autern</strong></span> <span class='ocrx_word' id='word_1_31' title='bbox 652 751 743 813; x_wconf 89' lang='lat' dir='ltr'><strong>etiarn</strong></span> <span class='ocrx_word' id='word_1_32' title='bbox 772 751 801 814; x_wconf 91' lang='lat' dir='ltr'><strong>in</strong></span> <span class='ocrx_word' id='word_1_33' title='bbox 825 752 929 838; x_wconf 80' lang='lat' dir='ltr'><strong>Marte</strong></span> <span class='ocrx_word' id='word_1_34' title='bbox 960 751 1095 814; x_wconf 78' lang='lat' dir='ltr'><strong>semissis</strong></span> <span class='ocrx_word' id='word_1_35' title='bbox 1123 753 1234 832; x_wconf 81' lang='lat' dir='ltr'><strong>gradm</strong></span> <span class='ocrx_word' id='word_1_36' title='bbox 1266 752 1418 826; x_wconf 77' lang='lat' dir='ltr'><strong>abundat,</strong></span> <span class='ocrx_word' id='word_1_37' title='bbox 1450 751 1522 815; x_wconf 88' lang='lat' dir='ltr'><strong>nihil</strong></span> <span class='ocrx_word' id='word_1_38' title='bbox 1555 753 1672 830; x_wconf 90' lang='lat' dir='ltr'><strong>mirum,</strong></span> 
     </span>
     <span class='ocr_line' id='line_1_7' title="bbox 309 839 1673 921; baseline -0.001 -15"><span class='ocrx_word' id='word_1_39' title='bbox 309 863 363 906; x_wconf 91' lang='lat' dir='ltr'><strong>nec</strong></span> <span class='ocrx_word' id='word_1_40' title='bbox 386 860 433 906; x_wconf 89' lang='lat' dir='ltr'><strong>me</strong></span> <span class='ocrx_word' id='word_1_41' title='bbox 458 849 578 904; x_wconf 88' lang='lat' dir='ltr'><strong>movet:</strong></span> <span class='ocrx_word' id='word_1_42' title='bbox 604 848 707 902; x_wconf 88' lang='lat' dir='ltr'><strong>movet</strong></span> <span class='ocrx_word' id='word_1_43' title='bbox 729 840 759 902; x_wconf 91' lang='lat' dir='ltr'><strong>id</strong></span> <span class='ocrx_word' id='word_1_44' title='bbox 783 839 893 919; x_wconf 86' lang='lat' dir='ltr'><strong>potius,</strong></span> <span class='ocrx_word' id='word_1_45' title='bbox 919 841 1062 921; x_wconf 87' lang='lat' dir='ltr'><strong>majorem</strong></span> <span class='ocrx_word' id='word_1_46' title='bbox 1086 860 1144 902; x_wconf 93' lang='lat' dir='ltr'><strong>uon</strong></span> <span class='ocrx_word' id='word_1_47' title='bbox 1169 861 1237 902; x_wconf 89' lang='lat' dir='ltr'><strong>esse</strong></span> <span class='ocrx_word' id='word_1_48' title='bbox 1258 841 1478 904; x_wconf 82' lang='lat' dir='ltr'><strong>diversitatem.</strong></span> <span class='ocrx_word' id='word_1_49' title='bbox 1526 843 1673 905; x_wconf 79' lang='lat' dir='ltr'><strong>Testatur</strong></span> 
     </span>
     <span class='ocr_line' id='line_1_8' title="bbox 310 927 1673 1011; baseline 0 -17"><span class='ocrx_word' id='word_1_50' title='bbox 310 931 387 994; x_wconf 85' lang='lat' dir='ltr'><strong>enim</strong></span> <span class='ocrx_word' id='word_1_51' title='bbox 411 931 439 992; x_wconf 91' lang='lat' dir='ltr'><strong>in</strong></span> <span class='ocrx_word' id='word_1_52' title='bbox 464 930 651 1011; x_wconf 79' lang='lat' dir='ltr'><strong>praefatione</strong></span> <span class='ocrx_word' id='word_1_53' title='bbox 675 928 883 1009; x_wconf 85' lang='lat' dir='ltr'><strong>Ephcmeridis</strong></span> <span class='ocrx_word' id='word_1_54' title='bbox 907 930 946 992; x_wconf 91' lang='lat' dir='ltr'><strong>ad</strong></span> <span class='ocrx_word' id='word_1_55' title='bbox 970 949 1080 992; x_wconf 90' lang='lat' dir='ltr'><strong>annum</strong></span> <span class='ocrx_word' id='word_1_56' title='bbox 1107 927 1189 994; x_wconf 80' lang='lat'>1577</span> <span class='ocrx_word' id='word_1_57' title='bbox 1213 931 1412 993; x_wconf 89' lang='lat' dir='ltr'><strong>Maestlinus:</strong></span> <span class='ocrx_word' id='word_1_58' title='bbox 1449 931 1559 994; x_wconf 88' lang='lat' dir='ltr'><strong>sideris</strong></span> <span class='ocrx_word' id='word_1_59' title='bbox 1584 932 1673 1011; x_wconf 89' lang='lat' dir='ltr'><strong>hujus</strong></span> 
     </span>
     <span class='ocr_line' id='line_1_9' title="bbox 308 1017 1510 1106; baseline 0 -23"><span class='ocrx_word' id='word_1_60' title='bbox 308 1041 426 1106; x_wconf 84' lang='lat' dir='ltr'><strong>errores</strong></span> <span class='ocrx_word' id='word_1_61' title='bbox 449 1041 468 1082; x_wconf 86' lang='lat' dir='ltr'><strong>a</strong></span> <span class='ocrx_word' id='word_1_62' title='bbox 491 1019 607 1082; x_wconf 86' lang='lat' dir='ltr'><strong>calculo</strong></span> <span class='ocrx_word' id='word_1_63' title='bbox 630 1017 711 1079; x_wconf 92' lang='lat' dir='ltr'><strong>intra</strong></span> <span class='ocrx_word' id='word_1_64' title='bbox 734 1018 857 1082; x_wconf 87' lang='lat' dir='ltr'><strong>duorum</strong></span> <span class='ocrx_word' id='word_1_65' title='bbox 881 1019 1027 1106; x_wconf 88' lang='lat' dir='ltr'><strong>graduum</strong></span> <span class='ocrx_word' id='word_1_66' title='bbox 1051 1017 1210 1099; x_wconf 88' lang='lat' dir='ltr'><strong>augustias</strong></span> <span class='ocrx_word' id='word_1_67' title='bbox 1235 1018 1301 1100; x_wconf 84' lang='lat' dir='ltr'><strong>cogi</strong></span> <span class='ocrx_word' id='word_1_68' title='bbox 1325 1039 1383 1082; x_wconf 93' lang='lat' dir='ltr'><strong>non</strong></span> <span class='ocrx_word' id='word_1_69' title='bbox 1408 1039 1510 1100; x_wconf 89' lang='lat' dir='ltr'><strong>posse.</strong></span> 
     </span>
    </p>

    <p class='ocr_par' dir='ltr' id='par_1_5' title="bbox 307 1106 1713 1990">
     <span class='ocr_line' id='line_1_10' title="bbox 394 1106 1671 1189; baseline -0.001 -18"><span class='ocrx_word' id='word_1_70' title='bbox 394 1109 465 1171; x_wconf 90' lang='lat' dir='ltr'><strong>Jam</strong></span> <span class='ocrx_word' id='word_1_71' title='bbox 494 1109 531 1170; x_wconf 88' lang='lat' dir='ltr'><strong>ad</strong></span> <span class='ocrx_word' id='word_1_72' title='bbox 560 1106 717 1168; x_wconf 83' lang='lat' dir='ltr'><strong>inferiores</strong></span> <span class='ocrx_word' id='word_1_73' title='bbox 742 1106 767 1180; x_wconf 74' lang='grc' dir='ltr'><strong>Ω</strong></span> <span class='ocrx_word' id='word_1_74' title='bbox 797 1110 872 1184; x_wconf 62' lang='lat' dir='ltr'><strong>etp</strong></span> <span class='ocrx_word' id='word_1_75' title='bbox 905 1107 984 1188; x_wconf 93' lang='lat' dir='ltr'><strong>quod</strong></span> <span class='ocrx_word' id='word_1_76' title='bbox 1014 1108 1141 1182; x_wconf 85' lang='lat' dir='ltr'><strong>attinet,</strong></span> <span class='ocrx_word' id='word_1_77' title='bbox 1175 1108 1233 1170; x_wconf 87' lang='lat' dir='ltr'><strong>etsi</strong></span> <span class='ocrx_word' id='word_1_78' title='bbox 1265 1127 1337 1188; x_wconf 92' lang='lat' dir='ltr'><strong>prae</strong></span> <span class='ocrx_word' id='word_1_79' title='bbox 1362 1108 1567 1189; x_wconf 89' lang='lat' dir='ltr'><strong>superioribus</strong></span> <span class='ocrx_word' id='word_1_80' title='bbox 1590 1127 1671 1170; x_wconf 88' lang='lat' dir='ltr'><strong>non-</strong></span> 
     </span>
     <span class='ocr_line' id='line_1_11' title="bbox 308 1195 1673 1278; baseline -0.001 -18"><span class='ocrx_word' id='word_1_81' title='bbox 308 1198 381 1260; x_wconf 89' lang='lat' dir='ltr'><strong>nihil</strong></span> <span class='ocrx_word' id='word_1_82' title='bbox 405 1196 628 1260; x_wconf 85' lang='lat' dir='ltr'><strong>commoditatis</strong></span> <span class='ocrx_word' id='word_1_83' title='bbox 653 1195 764 1258; x_wconf 88' lang='lat' dir='ltr'><strong>habere</strong></span> <span class='ocrx_word' id='word_1_84' title='bbox 787 1196 943 1271; x_wconf 89' lang='lat' dir='ltr'><strong>videntur,</strong></span> <span class='ocrx_word' id='word_1_85' title='bbox 972 1203 1135 1275; x_wconf 86' lang='lat' dir='ltr'><strong>propterea</strong></span> <span class='ocrx_word' id='word_1_86' title='bbox 1158 1199 1236 1278; x_wconf 94' lang='lat' dir='ltr'><strong>quod</strong></span> <span class='ocrx_word' id='word_1_87' title='bbox 1261 1217 1298 1258; x_wconf 84' lang='lat' dir='ltr'><strong>ex</strong></span> <span class='ocrx_word' id='word_1_88' title='bbox 1321 1198 1514 1278; x_wconf 87' lang='lat' dir='ltr'><strong>elongatione</strong></span> <span class='ocrx_word' id='word_1_89' title='bbox 1537 1197 1673 1260; x_wconf 86' lang='lat' dir='ltr'><strong>maxima</strong></span> 
     </span>
     <span class='ocr_line' id='line_1_12' title="bbox 309 1283 1672 1367; baseline -0.001 -18"><span class='ocrx_word' id='word_1_90' title='bbox 309 1286 428 1350; x_wconf 78' lang='lat' dir='ltr'><strong>facilius</strong></span> <span class='ocrx_word' id='word_1_91' title='bbox 453 1294 516 1360; x_wconf 91' lang='lat' dir='ltr'><strong>est,</strong></span> <span class='ocrx_word' id='word_1_92' title='bbox 546 1305 635 1366; x_wconf 92' lang='lat' dir='ltr'><strong>quam</strong></span> <span class='ocrx_word' id='word_1_93' title='bbox 659 1305 697 1345; x_wconf 85' lang='lat' dir='ltr'><strong>ex</strong></span> <span class='ocrx_word' id='word_1_94' title='bbox 719 1283 877 1367; x_wconf 71' lang='grc' dir='ltr'><em>ἀκρονυχιᾳ</em></span> <span class='ocrx_word' id='word_1_95' title='bbox 900 1285 1126 1361; x_wconf 89' lang='lat' dir='ltr'><strong>observatione,</strong></span> <span class='ocrx_word' id='word_1_96' title='bbox 1155 1286 1286 1365; x_wconf 90' lang='lat' dir='ltr'><strong>ipsorum</strong></span> <span class='ocrx_word' id='word_1_97' title='bbox 1310 1287 1399 1348; x_wconf 87' lang='lat' dir='ltr'><strong>orbes</strong></span> <span class='ocrx_word' id='word_1_98' title='bbox 1423 1285 1569 1362; x_wconf 87' lang='lat' dir='ltr'><strong>dimetiri,</strong></span> <span class='ocrx_word' id='word_1_99' title='bbox 1604 1287 1672 1365; x_wconf 80' lang='lat' dir='ltr'><strong>ipsa</strong></span> 
     </span>
     <span class='ocr_line' id='line_1_13' title="bbox 308 1372 1671 1453; baseline 0 -15"><span class='ocrx_word' id='word_1_100' title='bbox 308 1384 409 1439; x_wconf 88' lang='lat' dir='ltr'><strong>tamen</strong></span> <span class='ocrx_word' id='word_1_101' title='bbox 435 1372 616 1438; x_wconf 88' lang='lat' dir='ltr'><strong>observandi</strong></span> <span class='ocrx_word' id='word_1_102' title='bbox 639 1372 690 1434; x_wconf 91' lang='lat' dir='ltr'><strong>vi&#39;a</strong></span> <span class='ocrx_word' id='word_1_103' title='bbox 717 1373 788 1435; x_wconf 92' lang='lat' dir='ltr'><strong>mihi</strong></span> <span class='ocrx_word' id='word_1_104' title='bbox 820 1381 964 1453; x_wconf 90' lang='lat' dir='ltr'><strong>suspecta</strong></span> <span class='ocrx_word' id='word_1_105' title='bbox 987 1381 1044 1435; x_wconf 89' lang='lat' dir='ltr'><strong>est.</strong></span> <span class='ocrx_word' id='word_1_106' title='bbox 1093 1373 1239 1445; x_wconf 83' lang='lat' dir='ltr'><strong>Quamvis</strong></span> <span class='ocrx_word' id='word_1_107' title='bbox 1268 1375 1379 1436; x_wconf 90' lang='lat' dir='ltr'><strong>rectius</strong></span> <span class='ocrx_word' id='word_1_108' title='bbox 1407 1376 1591 1438; x_wconf 90' lang='lat' dir='ltr'><strong>astronomis</strong></span> <span class='ocrx_word' id='word_1_109' title='bbox 1614 1375 1671 1438; x_wconf 90' lang='lat' dir='ltr'><strong>huc</strong></span> 
     </span>
     <span class='ocr_line' id='line_1_14' title="bbox 308 1462 1669 1544; baseline -0.002 -17"><span class='ocrx_word' id='word_1_110' title='bbox 308 1464 528 1528; x_wconf 85' lang='lat' dir='ltr'><strong>aestimandum</strong></span> <span class='ocrx_word' id='word_1_111' title='bbox 552 1462 702 1542; x_wconf 88' lang='lat' dir='ltr'><strong>relinquo:</strong></span> <span class='ocrx_word' id='word_1_112' title='bbox 733 1483 839 1543; x_wconf 87' lang='lat' dir='ltr'><strong>nempe</strong></span> <span class='ocrx_word' id='word_1_113' title='bbox 863 1471 961 1524; x_wconf 89' lang='lat' dir='ltr'><strong>utrum</strong></span> <span class='ocrx_word' id='word_1_114' title='bbox 986 1481 1042 1524; x_wconf 92' lang='lat' dir='ltr'><strong>uon</strong></span> <span class='ocrx_word' id='word_1_115' title='bbox 1067 1463 1097 1524; x_wconf 92' lang='lat' dir='ltr'><strong>in</strong></span> <span class='ocrx_word' id='word_1_116' title='bbox 1121 1464 1167 1525; x_wconf 90' lang='lat' dir='ltr'><strong>his</strong></span> <span class='ocrx_word' id='word_1_117' title='bbox 1190 1463 1323 1544; x_wconf 88' lang='lat' dir='ltr'><strong>planetis</strong></span> <span class='ocrx_word' id='word_1_118' title='bbox 1347 1482 1491 1542; x_wconf 87' lang='lat' dir='ltr'><strong>vaporum</strong></span> <span class='ocrx_word' id='word_1_119' title='bbox 1516 1465 1669 1526; x_wconf 91' lang='lat' dir='ltr'><strong>densitate</strong></span> 
     </span>
     <span class='ocr_line' id='line_1_15' title="bbox 308 1550 1667 1637; baseline -0.002 -21"><span class='ocrx_word' id='word_1_120' title='bbox 308 1562 345 1616; x_wconf 82' lang='lat' dir='ltr'><strong>et&#39;</strong></span> <span class='ocrx_word' id='word_1_121' title='bbox 362 1553 488 1637; x_wconf 87' lang='lat' dir='ltr'><strong>physica</strong></span> <span class='ocrx_word' id='word_1_122' title='bbox 510 1551 673 1632; x_wconf 81' lang='lat' dir='ltr'><strong>parallaxi,</strong></span> <span class='ocrx_word' id='word_1_123' title='bbox 698 1571 786 1631; x_wconf 92' lang='lat' dir='ltr'><strong>quam</strong></span> <span class='ocrx_word' id='word_1_124' title='bbox 809 1569 864 1612; x_wconf 91' lang='lat' dir='ltr'><strong>nec</strong></span> <span class='ocrx_word' id='word_1_125' title='bbox 888 1550 942 1612; x_wconf 89' lang='lat' dir='ltr'><strong>Sol</strong></span> <span class='ocrx_word' id='word_1_126' title='bbox 966 1571 1020 1613; x_wconf 86' lang='lat' dir='ltr'><strong>nec</strong></span> <span class='ocrx_word' id='word_1_127' title='bbox 1045 1553 1132 1613; x_wconf 90' lang='lat' dir='ltr'><strong>Luna</strong></span> <span class='ocrx_word' id='word_1_128' title='bbox 1155 1552 1275 1628; x_wconf 83' lang='lat' dir='ltr'><strong>effugit,</strong></span> <span class='ocrx_word' id='word_1_129' title='bbox 1300 1552 1448 1614; x_wconf 89' lang='lat' dir='ltr'><strong>interdum</strong></span> <span class='ocrx_word' id='word_1_130' title='bbox 1474 1551 1620 1616; x_wconf 82' lang='lat' dir='ltr'><strong>fallantur</strong></span> <span class='ocrx_word' id='word_1_131' title='bbox 1629 1555 1667 1625; x_wconf 81' lang='lat'><strong>¹).</strong></span> 
     </span>
     <span class='ocr_line' id='line_1_16' title="bbox 308 1635 1713 1720; baseline -0.001 -15"><span class='ocrx_word' id='word_1_132' title='bbox 308 1641 401 1706; x_wconf 88' lang='lat' dir='ltr'><strong>Certe</strong></span> <span class='ocrx_word' id='word_1_133' title='bbox 433 1639 615 1704; x_wconf 83' lang='lat' dir='ltr'><strong>Maestlinus</strong></span> <span class='ocrx_word' id='word_1_134' title='bbox 642 1639 672 1700; x_wconf 95' lang='lat' dir='ltr'><strong>iu</strong></span> <span class='ocrx_word' id='word_1_135' title='bbox 702 1639 915 1720; x_wconf 87' lang='lat' dir='ltr'><strong>Disputatioue</strong></span> <span class='ocrx_word' id='word_1_136' title='bbox 950 1641 986 1700; x_wconf 89' lang='lat' dir='ltr'><strong>de</strong></span> <span class='ocrx_word' id='word_1_137' title='bbox 1018 1639 1207 1720; x_wconf 83' lang='lat' dir='ltr'><strong>Eclipsibns‚</strong></span> <span class='ocrx_word' id='word_1_138' title='bbox 1224 1635 1267 1714; x_wconf 74' lang='grc' dir='ltr'><strong>Η)</strong></span> <span class='ocrx_word' id='word_1_139' title='bbox 1291 1639 1369 1702; x_wconf 89' lang='lat' dir='ltr'><strong>thesi</strong></span> <span class='ocrx_word' id='word_1_140' title='bbox 1399 1639 1451 1705; x_wconf 88' lang='grc'><strong>58.</strong></span> <span class='ocrx_word' id='word_1_141' title='bbox 1484 1643 1521 1703; x_wconf 88' lang='lat' dir='ltr'><strong>de</strong></span> <span class='ocrx_word' id='word_1_142' title='bbox 1546 1643 1668 1704; x_wconf 87' lang='lat' dir='ltr'><strong>Venere</strong></span> <span class='ocrx_word' id='word_1_143' title='bbox 1711 1643 1713 1647; x_wconf 79' lang='grc'><strong>’</strong></span> 
     </span>
     <span class='ocr_line' id='line_1_17' title="bbox 307 1727 1669 1811; baseline -0.002 -17"><span class='ocrx_word' id='word_1_144' title='bbox 307 1733 451 1805; x_wconf 82' lang='lat' dir='ltr'><strong>affirmat,</strong></span> <span class='ocrx_word' id='word_1_145' title='bbox 478 1729 556 1811; x_wconf 90' lang='lat' dir='ltr'><strong>quod</strong></span> <span class='ocrx_word' id='word_1_146' title='bbox 580 1749 636 1792; x_wconf 91' lang='lat' dir='ltr'><strong>non</strong></span> <span class='ocrx_word' id='word_1_147' title='bbox 661 1748 728 1790; x_wconf 91' lang='lat' dir='ltr'><strong>raro</strong></span> <span class='ocrx_word' id='word_1_148' title='bbox 752 1729 820 1790; x_wconf 90' lang='lat' dir='ltr'><strong>visa</strong></span> <span class='ocrx_word' id='word_1_149' title='bbox 844 1729 935 1790; x_wconf 84' lang='lat' dir='ltr'><strong>luerit</strong></span> <span class='ocrx_word' id='word_1_150' title='bbox 957 1727 1023 1808; x_wconf 89' lang='lat' dir='ltr'><strong>ejus</strong></span> <span class='ocrx_word' id='word_1_151' title='bbox 1048 1750 1066 1790; x_wconf 92' lang='lat' dir='ltr'><strong>a</strong></span> <span class='ocrx_word' id='word_1_152' title='bbox 1089 1729 1160 1792; x_wconf 87' lang='lat' dir='ltr'><strong>Sola</strong></span> <span class='ocrx_word' id='word_1_153' title='bbox 1192 1748 1284 1810; x_wconf 89' lang='lat' dir='ltr'><strong>prope</strong></span> <span class='ocrx_word' id='word_1_154' title='bbox 1308 1730 1495 1793; x_wconf 91' lang='lat' dir='ltr'><strong>horizontem</strong></span> <span class='ocrx_word' id='word_1_155' title='bbox 1518 1730 1669 1792; x_wconf 83' lang='lat' dir='ltr'><strong>distantia</strong></span> 
     </span>
     <span class='ocr_line' id='line_1_18' title="bbox 308 1815 1667 1902; baseline -0.002 -19"><span class='ocrx_word' id='word_1_156' title='bbox 308 1820 484 1883; x_wconf 87' lang='lat' dir='ltr'><strong>notabiliter</strong></span> <span class='ocrx_word' id='word_1_157' title='bbox 506 1817 602 1880; x_wconf 91' lang='lat' dir='ltr'><strong>minor</strong></span> <span class='ocrx_word' id='word_1_158' title='bbox 625 1837 707 1880; x_wconf 91' lang='lat' dir='ltr'><strong>vera.</strong></span> <span class='ocrx_word' id='word_1_159' title='bbox 755 1815 878 1890; x_wconf 82' lang='lat' dir='ltr'><strong>Quanto</strong></span> <span class='ocrx_word' id='word_1_160' title='bbox 894 1818 991 1896; x_wconf 79' lang='lat' dir='ltr'><strong>tnagis</strong></span> <span class='ocrx_word' id='word_1_161' title='bbox 1015 1817 1045 1880; x_wconf 90' lang='lat' dir='ltr'><strong>id</strong></span> <span class='ocrx_word' id='word_1_162' title='bbox 1070 1819 1106 1879; x_wconf 89' lang='lat' dir='ltr'><strong>da</strong></span> <span class='ocrx_word' id='word_1_163' title='bbox 1126 1819 1275 1881; x_wconf 89' lang='lat' dir='ltr'><strong>Mercurio</strong></span> <span class='ocrx_word' id='word_1_164' title='bbox 1300 1818 1358 1880; x_wconf 91' lang='lat' dir='ltr'><strong>dici</strong></span> <span class='ocrx_word' id='word_1_165' title='bbox 1380 1820 1503 1900; x_wconf 88' lang='lat' dir='ltr'><strong>poterit,</strong></span> <span class='ocrx_word' id='word_1_166' title='bbox 1529 1820 1579 1902; x_wconf 90' lang='lat' dir='ltr'><strong>qui</strong></span> <span class='ocrx_word' id='word_1_167' title='bbox 1603 1821 1667 1882; x_wconf 85' lang='lat' dir='ltr'><strong>fere</strong></span> 
     </span>
     <span class='ocr_line' id='line_1_19' title="bbox 307 1905 1668 1990; baseline -0.001 -18"><span class='ocrx_word' id='word_1_168' title='bbox 307 1927 427 1990; x_wconf 90' lang='lat' dir='ltr'><strong>semper</strong></span> <span class='ocrx_word' id='word_1_169' title='bbox 450 1908 505 1971; x_wconf 92' lang='lat' dir='ltr'><strong>sub</strong></span> <span class='ocrx_word' id='word_1_170' title='bbox 522 1907 603 1971; x_wconf 90' lang='lat' dir='ltr'><strong>Solis</strong></span> <span class='ocrx_word' id='word_1_171' title='bbox 627 1908 720 1968; x_wconf 89' lang='lat' dir='ltr'><strong>radiis</strong></span> <span class='ocrx_word' id='word_1_172' title='bbox 744 1915 806 1982; x_wconf 89' lang='lat' dir='ltr'><strong>est,</strong></span> <span class='ocrx_word' id='word_1_173' title='bbox 833 1915 864 1970; x_wconf 88' lang='lat' dir='ltr'><strong>et</strong></span> <span class='ocrx_word' id='word_1_174' title='bbox 887 1905 1023 1987; x_wconf 82' lang='lat' dir='ltr'><strong>quamvis</strong></span> <span class='ocrx_word' id='word_1_175' title='bbox 1048 1907 1195 1970; x_wconf 88' lang='lat' dir='ltr'><strong>interdum</strong></span> <span class='ocrx_word' id='word_1_176' title='bbox 1218 1915 1363 1987; x_wconf 87' lang='lat' dir='ltr'><strong>emergat,</strong></span> <span class='ocrx_word' id='word_1_177' title='bbox 1388 1927 1540 1988; x_wconf 89' lang='lat' dir='ltr'><strong>nunquam</strong></span> <span class='ocrx_word' id='word_1_178' title='bbox 1566 1919 1668 1970; x_wconf 87' lang='lat' dir='ltr'><strong>tamen</strong></span> 
     </span>
    </p>
   </div>
   <div class='ocr_carea' id='block_1_3' title="bbox 306 1995 1782 2081">
    <p class='ocr_par' dir='ltr' id='par_1_6' title="bbox 306 1995 1782 2081">
     <span class='ocr_line' id='line_1_20' title="bbox 306 1995 1782 2081; baseline -0.001 -21"><span class='ocrx_word' id='word_1_179' title='bbox 306 1999 363 2061; x_wconf 89' lang='lat' dir='ltr'><strong>nisi</strong></span> <span class='ocrx_word' id='word_1_180' title='bbox 387 2017 480 2081; x_wconf 87' lang='lat' dir='ltr'><strong>propa</strong></span> <span class='ocrx_word' id='word_1_181' title='bbox 504 1997 690 2060; x_wconf 86' lang='lat' dir='ltr'><strong>horizontem</strong></span> <span class='ocrx_word' id='word_1_182' title='bbox 717 2017 772 2077; x_wconf 89' lang='lat' dir='ltr'><strong>per</strong></span> <span class='ocrx_word' id='word_1_183' title='bbox 795 1995 986 2076; x_wconf 85' lang='lat' dir='ltr'><strong>interjectam</strong></span> <span class='ocrx_word' id='word_1_184' title='bbox 1010 1996 1235 2058; x_wconf 75' lang='lat' dir='ltr'><strong>exhalatiunum</strong></span> <span class='ocrx_word' id='word_1_185' title='bbox 1258 1998 1375 2076; x_wconf 88' lang='lat' dir='ltr'><strong>copiam</strong></span> <span class='ocrx_word' id='word_1_186' title='bbox 1405 2007 1508 2060; x_wconf 89' lang='lat' dir='ltr'><strong>nostro</strong></span> <span class='ocrx_word' id='word_1_187' title='bbox 1532 2017 1566 2058; x_wconf 89' lang='lat' dir='ltr'><strong>se</strong></span> <span class='ocrx_word' id='word_1_188' title='bbox 1589 1998 1667 2060; x_wconf 88' lang='lat' dir='ltr'><strong>visui</strong></span> <span class='ocrx_word' id='word_1_189' title='bbox 1781 2049 1782 2058; x_wconf 73' lang='grc'>,</span> 
     </span>
    </p>
   </div>
   <div class='ocr_carea' id='block_1_4' title="bbox 231 2084 1670 3854">
    <p class='ocr_par' dir='ltr' id='par_1_7' title="bbox 305 2084 1670 2878">
     <span class='ocr_line' id='line_1_21' title="bbox 305 2084 1665 2168; baseline -0.001 -18"><span class='ocrx_word' id='word_1_190' title='bbox 305 2095 490 2168; x_wconf 80' lang='lat' dir='ltr'><strong>praesentat.</strong></span> <span class='ocrx_word' id='word_1_191' title='bbox 537 2085 579 2148; x_wconf 85' lang='lat' dir='ltr'><strong>Et</strong></span> <span class='ocrx_word' id='word_1_192' title='bbox 602 2087 738 2166; x_wconf 91' lang='lat' dir='ltr'><strong>quamvis</strong></span> <span class='ocrx_word' id='word_1_193' title='bbox 764 2085 880 2147; x_wconf 90' lang='lat' dir='ltr'><strong>Veneri</strong></span> <span class='ocrx_word' id='word_1_194' title='bbox 904 2084 1087 2164; x_wconf 89' lang='lat' dir='ltr'><strong>opitulentur</strong></span> <span class='ocrx_word' id='word_1_195' title='bbox 1110 2087 1187 2148; x_wconf 83' lang='lat' dir='ltr'><strong>lixae</strong></span> <span class='ocrx_word' id='word_1_196' title='bbox 1216 2085 1303 2148; x_wconf 89' lang='lat' dir='ltr'><strong>simul</strong></span> <span class='ocrx_word' id='word_1_197' title='bbox 1332 2093 1364 2147; x_wconf 90' lang='lat' dir='ltr'><strong>et</strong></span> <span class='ocrx_word' id='word_1_198' title='bbox 1395 2104 1487 2166; x_wconf 90' lang='lat' dir='ltr'><strong>prope</strong></span> <span class='ocrx_word' id='word_1_199' title='bbox 1512 2103 1665 2166; x_wconf 88' lang='lat' dir='ltr'><strong>appareu-</strong></span> 
     </span>
     <span class='ocr_line' id='line_1_22' title="bbox 306 2173 1668 2256; baseline -0.001 -18"><span class='ocrx_word' id='word_1_200' title='bbox 306 2186 375 2252; x_wconf 89' lang='lat' dir='ltr'><strong>tes,</strong></span> <span class='ocrx_word' id='word_1_201' title='bbox 399 2175 566 2238; x_wconf 88' lang='lat' dir='ltr'><strong>Mercurius</strong></span> <span class='ocrx_word' id='word_1_202' title='bbox 594 2185 697 2237; x_wconf 88' lang='lat' dir='ltr'><strong>tamen</strong></span> <span class='ocrx_word' id='word_1_203' title='bbox 725 2174 911 2255; x_wconf 81' lang='lat' dir='ltr'><strong>frequentius</strong></span> <span class='ocrx_word' id='word_1_204' title='bbox 937 2173 971 2235; x_wconf 86' lang='lat' dir='ltr'><strong>iu</strong></span> <span class='ocrx_word' id='word_1_205' title='bbox 996 2175 1085 2253; x_wconf 87' lang='lat' dir='ltr'><strong>culpa</strong></span> <span class='ocrx_word' id='word_1_206' title='bbox 1108 2183 1223 2248; x_wconf 88' lang='lat' dir='ltr'><strong>manet,</strong></span> <span class='ocrx_word' id='word_1_207' title='bbox 1259 2175 1309 2256; x_wconf 92' lang='lat' dir='ltr'><strong>qui</strong></span> <span class='ocrx_word' id='word_1_208' title='bbox 1335 2175 1399 2253; x_wconf 88' lang='lat' dir='ltr'><strong>ipsa</strong></span> <span class='ocrx_word' id='word_1_209' title='bbox 1433 2193 1501 2237; x_wconf 88' lang='lat' dir='ltr'><strong>raro</strong></span> <span class='ocrx_word' id='word_1_210' title='bbox 1525 2175 1668 2250; x_wconf 85' lang='lat' dir='ltr'><strong>cernitur,</strong></span> 
     </span>
     <span class='ocr_line' id='line_1_23' title="bbox 307 2259 1670 2343; baseline -0.001 -17"><span class='ocrx_word' id='word_1_211' title='bbox 307 2273 339 2326; x_wconf 89' lang='lat' dir='ltr'><strong>et</strong></span> <span class='ocrx_word' id='word_1_212' title='bbox 369 2265 466 2326; x_wconf 89' lang='lat' dir='ltr'><strong>rarius</strong></span> <span class='ocrx_word' id='word_1_213' title='bbox 496 2265 574 2326; x_wconf 83' lang='lat' dir='ltr'><strong>fixae</strong></span> <span class='ocrx_word' id='word_1_214' title='bbox 602 2281 695 2343; x_wconf 88' lang='lat' dir='ltr'><strong>prope</strong></span> <span class='ocrx_word' id='word_1_215' title='bbox 722 2265 830 2343; x_wconf 90' lang='lat' dir='ltr'><strong>ipsum.</strong></span> <span class='ocrx_word' id='word_1_216' title='bbox 878 2261 1013 2342; x_wconf 82' lang='lat' dir='ltr'><strong>Cumque</strong></span> <span class='ocrx_word' id='word_1_217' title='bbox 1046 2259 1122 2324; x_wconf 89' lang='lat' dir='ltr'><strong>hae&#39;c&#39;</strong></span> <span class='ocrx_word' id='word_1_218' title='bbox 1146 2263 1234 2325; x_wconf 91' lang='lat' dir='ltr'><strong>bodie</strong></span> <span class='ocrx_word' id='word_1_219' title='bbox 1259 2263 1417 2337; x_wconf 87' lang='lat' dir='ltr'><strong>accidant,</strong></span> <span class='ocrx_word' id='word_1_220' title='bbox 1451 2263 1595 2326; x_wconf 81' lang='lat' dir='ltr'><strong>credibile</strong></span> <span class='ocrx_word' id='word_1_221' title='bbox 1620 2273 1670 2325; x_wconf 84' lang='lat' dir='ltr'><strong>est</strong></span> 
     </span>
     <span class='ocr_line' id='line_1_24' title="bbox 309 2351 1668 2434; baseline -0.001 -19"><span class='ocrx_word' id='word_1_222' title='bbox 309 2359 341 2415; x_wconf 90' lang='lat' dir='ltr'><strong>et</strong></span> <span class='ocrx_word' id='word_1_223' title='bbox 363 2353 516 2414; x_wconf 85' lang='lat' dir='ltr'><strong>veteribus</strong></span> <span class='ocrx_word' id='word_1_224' title='bbox 541 2353 776 2434; x_wconf 83' lang='lat' dir='ltr'><strong>quantiscunque</strong></span> <span class='ocrx_word' id='word_1_225' title='bbox 805 2351 970 2414; x_wconf 87' lang='lat' dir='ltr'><strong>artificibus</strong></span> <span class='ocrx_word' id='word_1_226' title='bbox 995 2353 1132 2414; x_wconf 89' lang='lat' dir='ltr'><strong>accidere</strong></span> <span class='ocrx_word' id='word_1_227' title='bbox 1166 2353 1310 2432; x_wconf 87' lang='lat' dir='ltr'><strong>potuisse.</strong></span> <span class='ocrx_word' id='word_1_228' title='bbox 1357 2353 1436 2413; x_wconf 91' lang='lat' dir='ltr'><strong>Nam</strong></span> <span class='ocrx_word' id='word_1_229' title='bbox 1459 2353 1537 2432; x_wconf 91' lang='lat' dir='ltr'><strong>qnod</strong></span> <span class='ocrx_word' id='word_1_230' title='bbox 1569 2353 1668 2415; x_wconf 89' lang='lat' dir='ltr'><strong>leoto-</strong></span> 
     </span>
     <span class='ocr_line' id='line_1_25' title="bbox 309 2440 1667 2522; baseline -0.001 -18"><span class='ocrx_word' id='word_1_231' title='bbox 309 2459 372 2504; x_wconf 89' lang='lat' dir='ltr'><strong>rem</strong></span> <span class='ocrx_word' id='word_1_232' title='bbox 397 2441 434 2503; x_wconf 93' lang='lat' dir='ltr'><strong>de</strong></span> <span class='ocrx_word' id='word_1_233' title='bbox 458 2459 493 2503; x_wconf 91' lang='lat' dir='ltr'><strong>eo</strong></span> <span class='ocrx_word' id='word_1_234' title='bbox 517 2461 575 2503; x_wconf 93' lang='lat' dir='ltr'><strong>non</strong></span> <span class='ocrx_word' id='word_1_235' title='bbox 599 2449 730 2516; x_wconf 87' lang='lat' dir='ltr'><strong>monent,</strong></span> <span class='ocrx_word' id='word_1_236' title='bbox 753 2440 785 2502; x_wconf 94' lang='lat' dir='ltr'><strong>id</strong></span> <span class='ocrx_word' id='word_1_237' title='bbox 808 2441 903 2520; x_wconf 91' lang='lat' dir='ltr'><strong>ipsum</strong></span> <span class='ocrx_word' id='word_1_238' title='bbox 928 2441 1128 2521; x_wconf 89' lang='lat' dir='ltr'><strong>suspicionem</strong></span> <span class='ocrx_word' id='word_1_239' title='bbox 1153 2442 1189 2503; x_wconf 90' lang='lat' dir='ltr'><strong>de</strong></span> <span class='ocrx_word' id='word_1_240' title='bbox 1213 2442 1316 2504; x_wconf 91' lang='lat' dir='ltr'><strong>horum</strong></span> <span class='ocrx_word' id='word_1_241' title='bbox 1335 2441 1525 2522; x_wconf 86' lang='lat' dir='ltr'><strong>planetarum</strong></span> <span class='ocrx_word' id='word_1_242' title='bbox 1548 2442 1667 2504; x_wconf 90' lang='lat' dir='ltr'><strong>dimen-</strong></span> 
     </span>
     <span class='ocr_line' id='line_1_26' title="bbox 309 2529 1669 2611; baseline -0.003 -17"><span class='ocrx_word' id='word_1_243' title='bbox 309 2531 442 2594; x_wconf 89' lang='lat' dir='ltr'><strong>sionibus</strong></span> <span class='ocrx_word' id='word_1_244' title='bbox 464 2529 584 2592; x_wconf 83' lang='lat' dir='ltr'><strong>vitiosis</strong></span> <span class='ocrx_word' id='word_1_245' title='bbox 608 2537 709 2610; x_wconf 82' lang='lat' dir='ltr'><strong>auget</strong></span> <span class='ocrx_word' id='word_1_246' title='bbox 754 2529 820 2593; x_wconf 87' lang='lat' dir='ltr'><strong>Hoc</strong></span> <span class='ocrx_word' id='word_1_247' title='bbox 844 2529 923 2592; x_wconf 89' lang='lat' dir='ltr'><strong>enim</strong></span> <span class='ocrx_word' id='word_1_248' title='bbox 946 2529 1054 2592; x_wconf 91' lang='lat' dir='ltr'><strong>indicio</strong></span> <span class='ocrx_word' id='word_1_249' title='bbox 1079 2539 1141 2605; x_wconf 91' lang='lat' dir='ltr'><strong>est,</strong></span> <span class='ocrx_word' id='word_1_250' title='bbox 1173 2549 1227 2592; x_wconf 89' lang='lat' dir='ltr'><strong>uec</strong></span> <span class='ocrx_word' id='word_1_251' title='bbox 1251 2532 1491 2593; x_wconf 89' lang='lat' dir='ltr'><strong>animadversum</strong></span> <span class='ocrx_word' id='word_1_252' title='bbox 1515 2531 1590 2611; x_wconf 92' lang='lat' dir='ltr'><strong>ipsis</strong></span> <span class='ocrx_word' id='word_1_253' title='bbox 1615 2551 1669 2592; x_wconf 87' lang='lat' dir='ltr'><strong>uec</strong></span> 
     </span>
     <span class='ocr_line' id='line_1_27' title="bbox 309 2617 1668 2699; baseline 0 -17"><span class='ocrx_word' id='word_1_254' title='bbox 309 2625 476 2682; x_wconf 88' lang='lat' dir='ltr'><strong>correctum</strong></span> <span class='ocrx_word' id='word_1_255' title='bbox 506 2638 588 2694; x_wconf 88' lang='lat' dir='ltr'><strong>esse,</strong></span> <span class='ocrx_word' id='word_1_256' title='bbox 623 2619 650 2680; x_wconf 91' lang='lat' dir='ltr'><strong>si</strong></span> <span class='ocrx_word' id='word_1_257' title='bbox 679 2618 749 2699; x_wconf 90' lang='lat' dir='ltr'><strong>quid</strong></span> <span class='ocrx_word' id='word_1_258' title='bbox 782 2639 819 2681; x_wconf 89' lang='lat' dir='ltr'><strong>ex</strong></span> <span class='ocrx_word' id='word_1_259' title='bbox 843 2637 878 2680; x_wconf 88' lang='lat' dir='ltr'><strong>eo</strong></span> <span class='ocrx_word' id='word_1_260' title='bbox 902 2618 967 2680; x_wconf 90' lang='lat' dir='ltr'><strong>vitii</strong></span> <span class='ocrx_word' id='word_1_261' title='bbox 1000 2619 1127 2681; x_wconf 87' lang='lat' dir='ltr'><strong>exstitit.</strong></span> <span class='ocrx_word' id='word_1_262' title='bbox 1181 2617 1283 2689; x_wconf 86' lang='lat' dir='ltr'><strong>Quare</strong></span> <span class='ocrx_word' id='word_1_263' title='bbox 1316 2622 1345 2683; x_wconf 95' lang='lat' dir='ltr'><strong>iu</strong></span> <span class='ocrx_word' id='word_1_264' title='bbox 1374 2620 1503 2682; x_wconf 90' lang='lat' dir='ltr'><strong>lectione</strong></span> <span class='ocrx_word' id='word_1_265' title='bbox 1532 2627 1668 2688; x_wconf 87' lang='lat' dir='ltr'><strong>veterum</strong></span> 
     </span>
     <span class='ocr_line' id='line_1_28' title="bbox 309 2707 1668 2789; baseline 0 -19"><span class='ocrx_word' id='word_1_266' title='bbox 309 2707 454 2789; x_wconf 86' lang='lat' dir='ltr'><strong>imprimis</strong></span> <span class='ocrx_word' id='word_1_267' title='bbox 478 2708 676 2789; x_wconf 88' lang='lat' dir='ltr'><strong>spectandum</strong></span> <span class='ocrx_word' id='word_1_268' title='bbox 700 2728 767 2772; x_wconf 84' lang='lat' dir='ltr'><strong>esse</strong></span> <span class='ocrx_word' id='word_1_269' title='bbox 790 2715 874 2788; x_wconf 91' lang='lat' dir='ltr'><strong>puto,</strong></span> <span class='ocrx_word' id='word_1_270' title='bbox 898 2714 997 2770; x_wconf 88' lang='lat' dir='ltr'><strong>utrum</strong></span> <span class='ocrx_word' id='word_1_271' title='bbox 1021 2707 1204 2788; x_wconf 85' lang='lat' dir='ltr'><strong>singularum</strong></span> <span class='ocrx_word' id='word_1_272' title='bbox 1219 2709 1472 2782; x_wconf 90' lang='lat' dir='ltr'><strong>observationum,</strong></span> <span class='ocrx_word' id='word_1_273' title='bbox 1498 2727 1574 2788; x_wconf 88' lang='lat' dir='ltr'><strong>quae</strong></span> <span class='ocrx_word' id='word_1_274' title='bbox 1591 2708 1668 2770; x_wconf 89' lang='lat' dir='ltr'><strong>alle-</strong></span> 
     </span>
     <span class='ocr_line' id='line_1_29' title="bbox 307 2795 1443 2878; baseline -0.003 -18"><span class='ocrx_word' id='word_1_275' title='bbox 307 2807 427 2878; x_wconf 82' lang='lat' dir='ltr'><strong>gantur,</strong></span> <span class='ocrx_word' id='word_1_276' title='bbox 451 2797 651 2859; x_wconf 88' lang='lat' dir='ltr'><strong>instrumenta</strong></span> <span class='ocrx_word' id='word_1_277' title='bbox 675 2805 707 2859; x_wconf 93' lang='lat' dir='ltr'><strong>et</strong></span> <span class='ocrx_word' id='word_1_278' title='bbox 730 2797 810 2860; x_wconf 91' lang='lat' dir='ltr'><strong>modi</strong></span> <span class='ocrx_word' id='word_1_279' title='bbox 833 2795 901 2858; x_wconf 89' lang='lat' dir='ltr'><strong>huic</strong></span> <span class='ocrx_word' id='word_1_280' title='bbox 926 2797 1020 2859; x_wconf 91' lang='lat' dir='ltr'><strong>errori</strong></span> <span class='ocrx_word' id='word_1_281' title='bbox 1044 2797 1163 2858; x_wconf 84' lang='lat' dir='ltr'><strong>obnoxii</strong></span> <span class='ocrx_word' id='word_1_282' title='bbox 1188 2817 1256 2859; x_wconf 86' lang='lat' dir='ltr'><strong>esse</strong></span> <span class='ocrx_word' id='word_1_283' title='bbox 1280 2797 1443 2877; x_wconf 88' lang='lat' dir='ltr'><strong>potuerint.</strong></span> 
     </span>
    </p>

    <p class='ocr_par' dir='ltr' id='par_1_8' title="bbox 231 2884 1670 3764">
     <span class='ocr_line' id='line_1_30' title="bbox 395 2884 1669 2968; baseline 0 -20"><span class='ocrx_word' id='word_1_284' title='bbox 395 2885 512 2949; x_wconf 88' lang='lat' dir='ltr'><strong>Deinde</strong></span> <span class='ocrx_word' id='word_1_285' title='bbox 536 2906 594 2948; x_wconf 94' lang='lat' dir='ltr'><strong>non</strong></span> <span class='ocrx_word' id='word_1_286' title='bbox 618 2885 727 2966; x_wconf 81' lang='lat' dir='ltr'><strong>iujulia</strong></span> <span class='ocrx_word' id='word_1_287' title='bbox 749 2895 866 2958; x_wconf 92' lang='lat' dir='ltr'><strong>metuo,</strong></span> <span class='ocrx_word' id='word_1_288' title='bbox 898 2895 931 2947; x_wconf 90' lang='lat' dir='ltr'><strong>ut</strong></span> <span class='ocrx_word' id='word_1_289' title='bbox 954 2887 1050 2949; x_wconf 91' lang='lat' dir='ltr'><strong>multa</strong></span> <span class='ocrx_word' id='word_1_290' title='bbox 1074 2886 1171 2948; x_wconf 90' lang='lat' dir='ltr'><strong>adhuc</strong></span> <span class='ocrx_word' id='word_1_291' title='bbox 1195 2887 1223 2947; x_wconf 89' lang='lat' dir='ltr'><strong>in</strong></span> <span class='ocrx_word' id='word_1_292' title='bbox 1247 2887 1363 2949; x_wconf 90' lang='lat' dir='ltr'><strong>ratione</strong></span> <span class='ocrx_word' id='word_1_293' title='bbox 1387 2884 1597 2968; x_wconf 83' lang='lat' dir='ltr'><strong>hypothesium</strong></span> <span class='ocrx_word' id='word_1_294' title='bbox 1622 2886 1669 2948; x_wconf 92' lang='lat' dir='ltr'><strong>his</strong></span> 
     </span>
     <span class='ocr_line' id='line_1_31' title="bbox 231 2974 1668 3055; baseline -0.002 -17"><span class='ocrx_word' id='word_1_295' title='bbox 231 3017 235 3030; x_wconf 74' lang='lat'>.</span> <span class='ocrx_word' id='word_1_296' title='bbox 306 2975 423 3038; x_wconf 90' lang='lat' dir='ltr'><strong>duobus</strong></span> <span class='ocrx_word' id='word_1_297' title='bbox 455 2975 587 3055; x_wconf 89' lang='lat' dir='ltr'><strong>planetis</strong></span> <span class='ocrx_word' id='word_1_298' title='bbox 619 2975 727 3036; x_wconf 83' lang='lat' dir='ltr'><strong>relicta</strong></span> <span class='ocrx_word' id='word_1_299' title='bbox 758 2975 875 3035; x_wconf 88' lang='lat' dir='ltr'><strong>incerta</strong></span> <span class='ocrx_word' id='word_1_300' title='bbox 905 2975 976 3036; x_wconf 90' lang='lat' dir='ltr'><strong>siut.</strong></span> <span class='ocrx_word' id='word_1_301' title='bbox 1024 2974 1211 3054; x_wconf 85' lang='lat' dir='ltr'><strong>Oopernicus</strong></span> <span class='ocrx_word' id='word_1_302' title='bbox 1243 2977 1292 3048; x_wconf 90' lang='lat' dir='ltr'><strong>(ut</strong></span> <span class='ocrx_word' id='word_1_303' title='bbox 1324 2974 1477 3054; x_wconf 81' lang='lat' dir='ltr'><strong>colligitur</strong></span> <span class='ocrx_word' id='word_1_304' title='bbox 1509 2993 1548 3036; x_wconf 82' lang='lat' dir='ltr'><strong>ex</strong></span> <span class='ocrx_word' id='word_1_305' title='bbox 1578 2976 1668 3036; x_wconf 92' lang='lat' dir='ltr'><strong>modo</strong></span> 
     </span>
     <span class='ocr_line' id='line_1_32' title="bbox 306 3063 1668 3145; baseline -0.001 -20"><span class='ocrx_word' id='word_1_306' title='bbox 306 3064 409 3145; x_wconf 90' lang='lat' dir='ltr'><strong>posita</strong></span> <span class='ocrx_word' id='word_1_307' title='bbox 432 3063 564 3137; x_wconf 89' lang='lat' dir='ltr'><strong>Rhetici,</strong></span> <span class='ocrx_word' id='word_1_308' title='bbox 587 3072 619 3126; x_wconf 90' lang='lat' dir='ltr'><strong>et</strong></span> <span class='ocrx_word' id='word_1_309' title='bbox 641 3063 720 3126; x_wconf 87' lang='lat' dir='ltr'><strong>infra</strong></span> <span class='ocrx_word' id='word_1_310' title='bbox 743 3081 779 3123; x_wconf 86' lang='lat' dir='ltr'><strong>ex</strong></span> <span class='ocrx_word' id='word_1_311' title='bbox 798 3063 953 3124; x_wconf 88' lang='lat' dir='ltr'><strong>Maestlini</strong></span> <span class='ocrx_word' id='word_1_312' title='bbox 978 3064 1122 3143; x_wconf 89' lang='lat' dir='ltr'><strong>epistola)</strong></span> <span class='ocrx_word' id='word_1_313' title='bbox 1146 3065 1213 3143; x_wconf 86' lang='lat' dir='ltr'><strong>plns</strong></span> <span class='ocrx_word' id='word_1_314' title='bbox 1237 3063 1404 3125; x_wconf 88' lang='lat' dir='ltr'><strong>Ptolemaei</strong></span> <span class='ocrx_word' id='word_1_315' title='bbox 1429 3063 1552 3144; x_wconf 90' lang='lat' dir='ltr'><strong>placita,</strong></span> <span class='ocrx_word' id='word_1_316' title='bbox 1579 3081 1668 3143; x_wconf 86' lang='lat' dir='ltr'><strong>quam</strong></span> 
     </span>
     <span class='ocr_line' id='line_1_33' title="bbox 307 3152 1667 3216; baseline -0.002 -2"><span class='ocrx_word' id='word_1_317' title='bbox 307 3153 550 3216; x_wconf 87' lang='lat' dir='ltr'><strong>observationum</strong></span> <span class='ocrx_word' id='word_1_318' title='bbox 579 3153 792 3214; x_wconf 88' lang='lat' dir='ltr'><strong>necessitatem</strong></span> <span class='ocrx_word' id='word_1_319' title='bbox 821 3161 941 3214; x_wconf 89' lang='lat' dir='ltr'><strong>secutus</strong></span> <span class='ocrx_word' id='word_1_320' title='bbox 972 3161 1019 3214; x_wconf 85' lang='lat' dir='ltr'><strong>est</strong></span> <span class='ocrx_word' id='word_1_321' title='bbox 1050 3152 1079 3213; x_wconf 92' lang='lat' dir='ltr'><strong>in</strong></span> <span class='ocrx_word' id='word_1_322' title='bbox 1105 3153 1298 3215; x_wconf 89' lang='lat' dir='ltr'><strong>emendandis</strong></span> <span class='ocrx_word' id='word_1_323' title='bbox 1330 3153 1501 3214; x_wconf 75' lang='lat' dir='ltr'><strong>inferiorum</strong></span> <span class='ocrx_word' id='word_1_324' title='bbox 1531 3152 1667 3213; x_wconf 89' lang='lat' dir='ltr'><strong>theoriis.</strong></span> 
     </span>
     <span class='ocr_line' id='line_1_34' title="bbox 309 3239 1667 3322; baseline 0 -20"><span class='ocrx_word' id='word_1_325' title='bbox 309 3239 378 3311; x_wconf 83' lang='lat' dir='ltr'><strong>Qua</strong></span> <span class='ocrx_word' id='word_1_326' title='bbox 400 3241 429 3302; x_wconf 90' lang='lat' dir='ltr'><strong>in</strong></span> <span class='ocrx_word' id='word_1_327' title='bbox 453 3261 485 3304; x_wconf 89' lang='lat' dir='ltr'><strong>re</strong></span> <span class='ocrx_word' id='word_1_328' title='bbox 510 3261 567 3322; x_wconf 92' lang='lat' dir='ltr'><strong>qno</strong></span> <span class='ocrx_word' id='word_1_329' title='bbox 591 3241 687 3302; x_wconf 91' lang='lat' dir='ltr'><strong>miuus</strong></span> <span class='ocrx_word' id='word_1_330' title='bbox 710 3239 889 3319; x_wconf 89' lang='lat' dir='ltr'><strong>reprehendi</strong></span> <span class='ocrx_word' id='word_1_331' title='bbox 911 3249 1025 3320; x_wconf 86' lang='lat' dir='ltr'><strong>posset,</strong></span> <span class='ocrx_word' id='word_1_332' title='bbox 1051 3239 1198 3303; x_wconf 87' lang='lat' dir='ltr'><strong>Rheticus</strong></span> <span class='ocrx_word' id='word_1_333' title='bbox 1221 3241 1250 3302; x_wconf 93' lang='lat' dir='ltr'><strong>in</strong></span> <span class='ocrx_word' id='word_1_334' title='bbox 1276 3261 1331 3303; x_wconf 88' lang='lat' dir='ltr'><strong>sna</strong></span> <span class='ocrx_word' id='word_1_335' title='bbox 1355 3242 1527 3302; x_wconf 88' lang='lat' dir='ltr'><strong>narratione</strong></span> <span class='ocrx_word' id='word_1_336' title='bbox 1551 3241 1667 3302; x_wconf 85' lang='lat' dir='ltr'><strong>effecit:</strong></span> 
     </span>
     <span class='ocr_line' id='line_1_35' title="bbox 307 3329 1668 3409; baseline 0 -17"><span class='ocrx_word' id='word_1_337' title='bbox 307 3330 357 3392; x_wconf 88' lang='lat' dir='ltr'><strong>ubi</strong></span> <span class='ocrx_word' id='word_1_338' title='bbox 390 3337 505 3404; x_wconf 88' lang='lat' dir='ltr'><strong>mouet,</strong></span> <span class='ocrx_word' id='word_1_339' title='bbox 540 3329 767 3408; x_wconf 87' lang='lat' dir='ltr'><strong>religiosissime</strong></span> <span class='ocrx_word' id='word_1_340' title='bbox 799 3337 933 3391; x_wconf 90' lang='lat' dir='ltr'><strong>veterum</strong></span> <span class='ocrx_word' id='word_1_341' title='bbox 965 3329 1106 3408; x_wconf 89' lang='lat' dir='ltr'><strong>vestigiis</strong></span> <span class='ocrx_word' id='word_1_342' title='bbox 1140 3330 1352 3393; x_wconf 88' lang='lat' dir='ltr'><strong>inhaerendum</strong></span> <span class='ocrx_word' id='word_1_343' title='bbox 1385 3349 1440 3391; x_wconf 80' lang='lat' dir='ltr'><strong>uteo</strong></span> <span class='ocrx_word' id='word_1_344' title='bbox 1473 3330 1562 3390; x_wconf 85' lang='lat' dir='ltr'><strong>facile</strong></span> <span class='ocrx_word' id='word_1_345' title='bbox 1599 3329 1668 3409; x_wconf 90' lang='lat' dir='ltr'><strong>quid</strong></span> 
     </span>
     <span class='ocr_line' id='line_1_36' title="bbox 307 3416 1669 3500; baseline 0 -20"><span class='ocrx_word' id='word_1_346' title='bbox 307 3419 495 3492; x_wconf 88' lang='lat' dir='ltr'><strong>mutandum,</strong></span> <span class='ocrx_word' id='word_1_347' title='bbox 530 3417 624 3479; x_wconf 85' lang='lat' dir='ltr'><strong>dorrec</strong></span> <span class='ocrx_word' id='word_1_348' title='bbox 654 3417 898 3480; x_wconf 89' lang='lat' dir='ltr'><strong>observationum</strong></span> <span class='ocrx_word' id='word_1_349' title='bbox 931 3427 1066 3480; x_wconf 84' lang='lat' dir='ltr'><strong>extrema</strong></span> <span class='ocrx_word' id='word_1_350' title='bbox 1093 3419 1261 3481; x_wconf 87' lang='lat' dir='ltr'><strong>necessitas</strong></span> <span class='ocrx_word' id='word_1_351' title='bbox 1289 3429 1407 3500; x_wconf 91' lang='lat' dir='ltr'><strong>urgeat.</strong></span> <span class='ocrx_word' id='word_1_352' title='bbox 1456 3416 1545 3489; x_wconf 83' lang='lat' dir='ltr'><strong>Quod</strong></span> <span class='ocrx_word' id='word_1_353' title='bbox 1575 3418 1669 3498; x_wconf 89' lang='lat' dir='ltr'><strong>igitur</strong></span> 
     </span>
     <span class='ocr_line' id='line_1_37' title="bbox 307 3506 1669 3589; baseline -0.001 -20"><span class='ocrx_word' id='word_1_354' title='bbox 307 3507 383 3569; x_wconf 85' lang='lat' dir='ltr'><strong>adeo</strong></span> <span class='ocrx_word' id='word_1_355' title='bbox 408 3507 575 3589; x_wconf 81' lang='lat' dir='ltr'><strong>exquisitae</strong></span> <span class='ocrx_word' id='word_1_356' title='bbox 600 3506 827 3568; x_wconf 89' lang='lat' dir='ltr'><strong>observationes</strong></span> <span class='ocrx_word' id='word_1_357' title='bbox 851 3507 953 3568; x_wconf 90' lang='lat' dir='ltr'><strong>haberi</strong></span> <span class='ocrx_word' id='word_1_358' title='bbox 969 3524 1034 3568; x_wconf 79' lang='lat' dir='ltr'><strong>‘non</strong></span> <span class='ocrx_word' id='word_1_359' title='bbox 1059 3515 1198 3587; x_wconf 87' lang='lat' dir='ltr'><strong>possent,</strong></span> <span class='ocrx_word' id='word_1_360' title='bbox 1230 3529 1266 3570; x_wconf 91' lang='lat' dir='ltr'><strong>ea</strong></span> <span class='ocrx_word' id='word_1_361' title='bbox 1290 3509 1421 3571; x_wconf 87' lang='lat' dir='ltr'><strong>fortasse</strong></span> <span class='ocrx_word' id='word_1_362' title='bbox 1454 3507 1531 3569; x_wconf 89' lang='lat' dir='ltr'><strong>satis</strong></span> <span class='ocrx_word' id='word_1_363' title='bbox 1556 3525 1669 3587; x_wconf 88' lang='lat' dir='ltr'><strong>magua</strong></span> 
     </span>
     <span class='ocr_line' id='line_1_38' title="bbox 307 3594 1670 3675; baseline 0 -17"><span class='ocrx_word' id='word_1_364' title='bbox 307 3617 401 3658; x_wconf 87' lang='lat' dir='ltr'><strong>causa</strong></span> <span class='ocrx_word' id='word_1_365' title='bbox 429 3596 485 3658; x_wconf 84' lang='lat' dir='ltr'><strong>tuit</strong></span> <span class='ocrx_word' id='word_1_366' title='bbox 507 3595 615 3658; x_wconf 88' lang='lat' dir='ltr'><strong>artifici</strong></span> <span class='ocrx_word' id='word_1_367' title='bbox 638 3594 886 3675; x_wconf 88' lang='lat' dir='ltr'><strong>prudentissimo,</strong></span> <span class='ocrx_word' id='word_1_368' title='bbox 919 3603 1041 3675; x_wconf 89' lang='lat' dir='ltr'><strong>praeter</strong></span> <span class='ocrx_word' id='word_1_369' title='bbox 1068 3598 1377 3659; x_wconf 87' lang='lat' dir='ltr'><strong>accommodationem</strong></span> <span class='ocrx_word' id='word_1_370' title='bbox 1406 3598 1444 3658; x_wconf 92' lang='lat' dir='ltr'><strong>ad</strong></span> <span class='ocrx_word' id='word_1_371' title='bbox 1469 3617 1525 3657; x_wconf 88' lang='lat' dir='ltr'><strong>sna</strong></span> <span class='ocrx_word' id='word_1_372' title='bbox 1554 3598 1670 3675; x_wconf 89' lang='lat' dir='ltr'><strong>placita</strong></span> 
     </span>
     <span class='ocr_line' id='line_1_39' title="bbox 308 3683 1029 3764; baseline 0.001 -18"><span class='ocrx_word' id='word_1_373' title='bbox 308 3685 381 3746; x_wconf 89' lang='lat' dir='ltr'><strong>nihil</strong></span> <span class='ocrx_word' id='word_1_374' title='bbox 405 3685 529 3746; x_wconf 89' lang='lat' dir='ltr'><strong>ulterius</strong></span> <span class='ocrx_word' id='word_1_375' title='bbox 552 3685 582 3746; x_wconf 93' lang='lat' dir='ltr'><strong>in</strong></span> <span class='ocrx_word' id='word_1_376' title='bbox 605 3685 745 3764; x_wconf 91' lang='lat' dir='ltr'><strong>planetas</strong></span> <span class='ocrx_word' id='word_1_377' title='bbox 770 3683 859 3745; x_wconf 89' lang='lat' dir='ltr'><strong>hosce</strong></span> <span class='ocrx_word' id='word_1_378' title='bbox 883 3685 1029 3747; x_wconf 85' lang='lat' dir='ltr'><strong>tentandi.</strong></span> 
     </span>
    </p>

    <p class='ocr_par' dir='ltr' id='par_1_9' title="bbox 396 3771 1667 3854">
     <span class='ocr_line' id='line_1_40' title="bbox 396 3771 1667 3854; baseline -0.002 -18"><span class='ocrx_word' id='word_1_379' title='bbox 396 3771 483 3851; x_wconf 83' lang='lat' dir='ltr'><strong>Quod</strong></span> <span class='ocrx_word' id='word_1_380' title='bbox 512 3775 604 3853; x_wconf 90' lang='lat' dir='ltr'><strong>igitur</strong></span> <span class='ocrx_word' id='word_1_381' title='bbox 635 3774 664 3834; x_wconf 92' lang='lat' dir='ltr'><strong>in</strong></span> <span class='ocrx_word' id='word_1_382' title='bbox 694 3773 813 3834; x_wconf 89' lang='lat' dir='ltr'><strong>Venere</strong></span> <span class='ocrx_word' id='word_1_383' title='bbox 846 3792 985 3854; x_wconf 86' lang='lat' dir='ltr'><strong>maguam</strong></span> <span class='ocrx_word' id='word_1_384' title='bbox 1008 3775 1093 3836; x_wconf 88' lang='lat' dir='ltr'><strong>vides</strong></span> <span class='ocrx_word' id='word_1_385' title='bbox 1117 3793 1240 3836; x_wconf 87' lang='lat' dir='ltr'><strong>arcuum</strong></span> <span class='ocrx_word' id='word_1_386' title='bbox 1269 3775 1499 3850; x_wconf 70' lang='lat' dir='ltr'><strong>diversitatem,</strong></span> <span class='ocrx_word' id='word_1_387' title='bbox 1523 3773 1591 3852; x_wconf 88' lang='lat' dir='ltr'><strong>ejus</strong></span> <span class='ocrx_word' id='word_1_388' title='bbox 1624 3775 1667 3836; x_wconf 91' lang='lat' dir='ltr'><strong>rei</strong></span> 
     </span>
    </p>
   </div>
   <div class='ocr_carea' id='block_1_5' title="bbox 214 3861 1668 3944">
    <p class='ocr_par' dir='ltr' id='par_1_10' title="bbox 214 3861 1668 3944">
     <span class='ocr_line' id='line_1_41' title="bbox 214 3861 1668 3944; baseline 0.001 -20"><span class='ocrx_word' id='word_1_389' title='bbox 214 3888 217 3896; x_wconf 91' lang='lat'>·</span> <span class='ocrx_word' id='word_1_390' title='bbox 307 3863 426 3942; x_wconf 88' lang='lat' dir='ltr'><strong>culpam</strong></span> <span class='ocrx_word' id='word_1_391' title='bbox 452 3863 532 3924; x_wconf 89' lang='lat' dir='ltr'><strong>iuter</strong></span> <span class='ocrx_word' id='word_1_392' title='bbox 559 3869 675 3936; x_wconf 86' lang='lat' dir='ltr'><strong>cetera,</strong></span> <span class='ocrx_word' id='word_1_393' title='bbox 709 3881 784 3942; x_wconf 91' lang='lat' dir='ltr'><strong>quae</strong></span> <span class='ocrx_word' id='word_1_394' title='bbox 808 3861 836 3923; x_wconf 92' lang='lat' dir='ltr'><strong>iu</strong></span> <span class='ocrx_word' id='word_1_395' title='bbox 861 3880 970 3942; x_wconf 88' lang='lat' dir='ltr'><strong>genere</strong></span> <span class='ocrx_word' id='word_1_396' title='bbox 993 3863 1154 3942; x_wconf 83' lang='lat' dir='ltr'><strong>praemisi,</strong></span> <span class='ocrx_word' id='word_1_397' title='bbox 1184 3865 1276 3943; x_wconf 87' lang='lat' dir='ltr'><strong>(quae</strong></span> <span class='ocrx_word' id='word_1_398' title='bbox 1309 3872 1340 3926; x_wconf 88' lang='lat' dir='ltr'><strong>te</strong></span> <span class='ocrx_word' id='word_1_399' title='bbox 1368 3865 1461 3944; x_wconf 90' lang='lat' dir='ltr'><strong>probe</strong></span> <span class='ocrx_word' id='word_1_400' title='bbox 1495 3864 1668 3926; x_wconf 85' lang='lat' dir='ltr'><strong>meminisse</strong></span> 
     </span>
    </p>
   </div>
   <div class='ocr_carea' id='block_1_6' title="bbox 304 3951 1669 4833">
    <p class='ocr_par' dir='ltr' id='par_1_11' title="bbox 304 3951 1669 4742">
     <span class='ocr_line' id='line_1_42' title="bbox 306 3951 1669 4032; baseline 0.003 -22"><span class='ocrx_word' id='word_1_401' title='bbox 306 3952 429 4026; x_wconf 89' lang='lat' dir='ltr'><strong>velim),</strong></span> <span class='ocrx_word' id='word_1_402' title='bbox 460 3952 550 4014; x_wconf 88' lang='lat' dir='ltr'><strong>etiam</strong></span> <span class='ocrx_word' id='word_1_403' title='bbox 574 3951 603 4014; x_wconf 92' lang='lat' dir='ltr'><strong>in</strong></span> <span class='ocrx_word' id='word_1_404' title='bbox 632 3951 706 4012; x_wconf 90' lang='lat' dir='ltr'><strong>haec</strong></span> <span class='ocrx_word' id='word_1_405' title='bbox 734 3951 822 4013; x_wconf 91' lang='lat' dir='ltr'><strong>modo</strong></span> <span class='ocrx_word' id='word_1_406' title='bbox 851 3953 985 4032; x_wconf 87' lang='lat' dir='ltr'><strong>allegata</strong></span> <span class='ocrx_word' id='word_1_407' title='bbox 1012 3951 1193 4032; x_wconf 79' lang='lat' dir='ltr'><strong>offendicula</strong></span> <span class='ocrx_word' id='word_1_408' title='bbox 1220 3954 1336 4028; x_wconf 71' lang='lat' dir='ltr'><strong>contem</strong></span> <span class='ocrx_word' id='word_1_409' title='bbox 1371 3962 1403 4016; x_wconf 90' lang='lat' dir='ltr'><strong>et</strong></span> <span class='ocrx_word' id='word_1_410' title='bbox 1430 3953 1669 4031; x_wconf 81' lang='lat' dir='ltr'><strong>magnitudinem</strong></span> 
     </span>
     <span class='ocr_line' id='line_1_43' title="bbox 308 4035 1667 4121; baseline 0.001 -20"><span class='ocrx_word' id='word_1_411' title='bbox 308 4039 475 4103; x_wconf 88' lang='lat' dir='ltr'><strong>discordiae</strong></span> <span class='ocrx_word' id='word_1_412' title='bbox 500 4041 735 4121; x_wconf 85' lang='lat' dir='ltr'><strong>aequianmitate</strong></span> <span class='ocrx_word' id='word_1_413' title='bbox 759 4048 828 4112; x_wconf 89' lang='lat' dir='ltr'><strong>tua,</strong></span> <span class='ocrx_word' id='word_1_414' title='bbox 860 4041 984 4102; x_wconf 91' lang='lat' dir='ltr'><strong>sibene</strong></span> <span class='ocrx_word' id='word_1_415' title='bbox 1009 4040 1129 4120; x_wconf 89' lang='lat' dir='ltr'><strong>singula</strong></span> <span class='ocrx_word' id='word_1_416' title='bbox 1152 4043 1352 4121; x_wconf 88' lang='lat' dir='ltr'><strong>perpendisti,</strong></span> <span class='ocrx_word' id='word_1_417' title='bbox 1369 4035 1473 4104; x_wconf 73' lang='lat' dir='ltr'><strong>&#39;facile</strong></span> <span class='ocrx_word' id='word_1_418' title='bbox 1498 4042 1667 4120; x_wconf 87' lang='lat' dir='ltr'><strong>superabis.</strong></span> 
     </span>
     <span class='ocr_line' id='line_1_44' title="bbox 307 4127 1669 4212; baseline 0.001 -22"><span class='ocrx_word' id='word_1_419' title='bbox 307 4127 377 4200; x_wconf 82' lang='lat' dir='ltr'><strong>Qua</strong></span> <span class='ocrx_word' id='word_1_420' title='bbox 391 4129 429 4202; x_wconf 28' lang='lat' dir='ltr'><strong>,in</strong></span> <span class='ocrx_word' id='word_1_421' title='bbox 452 4150 484 4192; x_wconf 91' lang='lat' dir='ltr'><strong>re</strong></span> <span class='ocrx_word' id='word_1_422' title='bbox 508 4148 617 4212; x_wconf 86' lang='lat' dir='ltr'><strong>magno</strong></span> <span class='ocrx_word' id='word_1_423' title='bbox 641 4129 696 4191; x_wconf 89' lang='lat' dir='ltr'><strong>tihi</strong></span> <span class='ocrx_word' id='word_1_424' title='bbox 721 4128 831 4192; x_wconf 87' lang='lat' dir='ltr'><strong>solatio</strong></span> <span class='ocrx_word' id='word_1_425' title='bbox 856 4131 927 4204; x_wconf 87' lang='lat' dir='ltr'><strong>erit,</strong></span> <span class='ocrx_word' id='word_1_426' title='bbox 962 4129 1040 4210; x_wconf 92' lang='lat' dir='ltr'><strong>quod</strong></span> <span class='ocrx_word' id='word_1_427' title='bbox 1064 4149 1205 4193; x_wconf 86' lang='lat' dir='ltr'><strong>numerus</strong></span> <span class='ocrx_word' id='word_1_428' title='bbox 1231 4129 1457 4211; x_wconf 84' lang='lat' dir='ltr'><strong>Oopernicanus</strong></span> <span class='ocrx_word' id='word_1_429' title='bbox 1481 4130 1599 4192; x_wconf 88' lang='lat' dir='ltr'><strong>medius</strong></span> <span class='ocrx_word' id='word_1_430' title='bbox 1622 4139 1669 4192; x_wconf 87' lang='lat' dir='ltr'><strong>est</strong></span> 
     </span>
     <span class='ocr_line' id='line_1_45' title="bbox 307 4218 1669 4299; baseline 0.001 -19"><span class='ocrx_word' id='word_1_431' title='bbox 307 4218 385 4281; x_wconf 87' lang='lat' dir='ltr'><strong>inter</strong></span> <span class='ocrx_word' id='word_1_432' title='bbox 408 4238 495 4282; x_wconf 86' lang='lat' dir='ltr'><strong>arcus</strong></span> <span class='ocrx_word' id='word_1_433' title='bbox 520 4239 558 4282; x_wconf 84' lang='lat' dir='ltr'><strong>ex</strong></span> <span class='ocrx_word' id='word_1_434' title='bbox 580 4219 763 4298; x_wconf 85' lang='lat' dir='ltr'><strong>interposita</strong></span> <span class='ocrx_word' id='word_1_435' title='bbox 790 4225 821 4292; x_wconf 79' lang='lat' dir='ltr'><strong>et</strong></span> <span class='ocrx_word' id='word_1_436' title='bbox 849 4219 1022 4281; x_wconf 81' lang='lat' dir='ltr'><strong>exemisse</strong></span> <span class='ocrx_word' id='word_1_437' title='bbox 1045 4218 1133 4281; x_wconf 90' lang='lat' dir='ltr'><strong>Luna</strong></span> <span class='ocrx_word' id='word_1_438' title='bbox 1160 4220 1354 4299; x_wconf 88' lang='lat' dir='ltr'><strong>prodeuntes.</strong></span> <span class='ocrx_word' id='word_1_439' title='bbox 1400 4221 1481 4288; x_wconf 87' lang='lat' dir='ltr'><strong>Nam</strong></span> <span class='ocrx_word' id='word_1_440' title='bbox 1513 4221 1538 4281; x_wconf 88' lang='lat' dir='ltr'><strong>si</strong></span> <span class='ocrx_word' id='word_1_441' title='bbox 1567 4221 1669 4282; x_wconf 87' lang='lat' dir='ltr'><strong>orbem</strong></span> 
     </span>
     <span class='ocr_line' id='line_1_46' title="bbox 307 4307 1667 4390; baseline -0.001 -18"><span class='ocrx_word' id='word_1_442' title='bbox 307 4326 448 4387; x_wconf 88' lang='lat' dir='ltr'><strong>magnum</strong></span> <span class='ocrx_word' id='word_1_443' title='bbox 471 4315 636 4390; x_wconf 89' lang='lat' dir='ltr'><strong>systemata</strong></span> <span class='ocrx_word' id='word_1_444' title='bbox 660 4309 764 4369; x_wconf 91' lang='lat' dir='ltr'><strong>Lunae</strong></span> <span class='ocrx_word' id='word_1_445' title='bbox 790 4307 919 4370; x_wconf 74' lang='lat' dir='ltr'><strong>sarcias:</strong></span> <span class='ocrx_word' id='word_1_446' title='bbox 945 4307 1124 4370; x_wconf 74' lang='lat' dir='ltr'><strong>icosaedron</strong></span> <span class='ocrx_word' id='word_1_447' title='bbox 1140 4309 1291 4370; x_wconf 89' lang='lat' dir='ltr'><strong>Venerem</strong></span> <span class='ocrx_word' id='word_1_448' title='bbox 1315 4309 1433 4388; x_wconf 89' lang='lat' dir='ltr'><strong>lougius</strong></span> <span class='ocrx_word' id='word_1_449' title='bbox 1456 4331 1476 4370; x_wconf 89' lang='lat' dir='ltr'><strong>a</strong></span> <span class='ocrx_word' id='word_1_450' title='bbox 1499 4309 1597 4372; x_wconf 84' lang='lat' dir='ltr'><strong>Terra</strong></span> <span class='ocrx_word' id='word_1_451' title='bbox 1620 4311 1667 4372; x_wconf 92' lang='lat' dir='ltr'><strong>di-</strong></span> 
     </span>
     <span class='ocr_line' id='line_1_47' title="bbox 304 4395 1667 4478; baseline 0 -18"><span class='ocrx_word' id='word_1_452' title='bbox 304 4405 407 4460; x_wconf 89' lang='lat' dir='ltr'><strong>movet</strong></span> <span class='ocrx_word' id='word_1_453' title='bbox 430 4404 520 4478; x_wconf 89' lang='lat' dir='ltr'><strong>atque</strong></span> <span class='ocrx_word' id='word_1_454' title='bbox 544 4395 728 4477; x_wconf 83' lang='lat' dir='ltr'><strong>Cepernicus</strong></span> <span class='ocrx_word' id='word_1_455' title='bbox 752 4396 901 4476; x_wconf 91' lang='lat' dir='ltr'><strong>prodidit:</strong></span> <span class='ocrx_word' id='word_1_456' title='bbox 928 4397 973 4459; x_wconf 91' lang='lat' dir='ltr'><strong>sin</strong></span> <span class='ocrx_word' id='word_1_457' title='bbox 998 4404 1120 4459; x_wconf 84' lang='lat' dir='ltr'><strong>exemta</strong></span> <span class='ocrx_word' id='word_1_458' title='bbox 1135 4399 1222 4460; x_wconf 87' lang='lat' dir='ltr'><strong>Luna</strong></span> <span class='ocrx_word' id='word_1_459' title='bbox 1245 4398 1410 4460; x_wconf 86' lang='lat' dir='ltr'><strong>tenuiorem</strong></span> <span class='ocrx_word' id='word_1_460' title='bbox 1431 4397 1548 4460; x_wconf 83' lang='lat' dir='ltr'><strong>efficias</strong></span> <span class='ocrx_word' id='word_1_461' title='bbox 1568 4399 1667 4460; x_wconf 88' lang='lat' dir='ltr'><strong>orbem</strong></span> 
     </span>
     <span class='ocr_line' id='line_1_48' title="bbox 306 4485 1666 4567; baseline -0.001 -18"><span class='ocrx_word' id='word_1_462' title='bbox 306 4505 461 4566; x_wconf 87' lang='lat' dir='ltr'><strong>magnum,</strong></span> <span class='ocrx_word' id='word_1_463' title='bbox 486 4487 582 4566; x_wconf 81' lang='lat' dir='ltr'><strong>ligura</strong></span> <span class='ocrx_word' id='word_1_464' title='bbox 604 4486 757 4548; x_wconf 85' lang='lat' dir='ltr'><strong>Venerem</strong></span> <span class='ocrx_word' id='word_1_465' title='bbox 781 4485 899 4548; x_wconf 88' lang='lat' dir='ltr'><strong>nimium</strong></span> <span class='ocrx_word' id='word_1_466' title='bbox 923 4505 1015 4564; x_wconf 90' lang='lat' dir='ltr'><strong>prope</strong></span> <span class='ocrx_word' id='word_1_467' title='bbox 1039 4487 1187 4560; x_wconf 87' lang='lat' dir='ltr'><strong>admittit,</strong></span> <span class='ocrx_word' id='word_1_468' title='bbox 1212 4488 1424 4566; x_wconf 89' lang='lat' dir='ltr'><strong>majoremque,</strong></span> <span class='ocrx_word' id='word_1_469' title='bbox 1455 4507 1544 4567; x_wconf 85' lang='lat' dir='ltr'><strong>quarn</strong></span> <span class='ocrx_word' id='word_1_470' title='bbox 1569 4487 1666 4550; x_wconf 88' lang='lat' dir='ltr'><strong>estin</strong></span> 
     </span>
     <span class='ocr_line' id='line_1_49' title="bbox 306 4572 1666 4656; baseline -0.001 -18"><span class='ocrx_word' id='word_1_471' title='bbox 306 4574 483 4655; x_wconf 84' lang='lat' dir='ltr'><strong>Gopemioo,</strong></span> <span class='ocrx_word' id='word_1_472' title='bbox 508 4594 575 4636; x_wconf 90' lang='lat' dir='ltr'><strong>esse</strong></span> <span class='ocrx_word' id='word_1_473' title='bbox 598 4575 723 4655; x_wconf 86' lang='lat' dir='ltr'><strong>patitur.</strong></span> <span class='ocrx_word' id='word_1_474' title='bbox 771 4572 873 4645; x_wconf 85' lang='lat' dir='ltr'><strong>Quare</strong></span> <span class='ocrx_word' id='word_1_475' title='bbox 902 4574 1013 4655; x_wconf 90' lang='lat' dir='ltr'><strong>aliquid</strong></span> <span class='ocrx_word' id='word_1_476' title='bbox 1038 4575 1136 4637; x_wconf 90' lang='lat' dir='ltr'><strong>minus</strong></span> <span class='ocrx_word' id='word_1_477' title='bbox 1159 4577 1247 4638; x_wconf 92' lang='lat' dir='ltr'><strong>Luna</strong></span> <span class='ocrx_word' id='word_1_478' title='bbox 1270 4595 1332 4638; x_wconf 88' lang='lat' dir='ltr'><strong>rem</strong></span> <span class='ocrx_word' id='word_1_479' title='bbox 1352 4577 1461 4654; x_wconf 89' lang='lat' dir='ltr'><strong>juvare</strong></span> <span class='ocrx_word' id='word_1_480' title='bbox 1484 4577 1613 4656; x_wconf 89' lang='lat' dir='ltr'><strong>poterit,</strong></span> <span class='ocrx_word' id='word_1_481' title='bbox 1643 4575 1666 4638; x_wconf 89' lang='lat' dir='ltr'><strong>si</strong></span> 
     </span>
     <span class='ocr_line' id='line_1_50' title="bbox 306 4660 745 4742; baseline -0.002 -16"><span class='ocrx_word' id='word_1_482' title='bbox 306 4664 453 4726; x_wconf 87' lang='lat' dir='ltr'><strong>tenendus</strong></span> <span class='ocrx_word' id='word_1_483' title='bbox 478 4660 664 4742; x_wconf 85' lang='lat' dir='ltr'><strong>Oopernicus</strong></span> <span class='ocrx_word' id='word_1_484' title='bbox 687 4671 745 4726; x_wconf 85' lang='lat' dir='ltr'><strong>est.</strong></span> 
     </span>
    </p>

    <p class='ocr_par' dir='ltr' id='par_1_12' title="bbox 394 4749 1666 4833">
     <span class='ocr_line' id='line_1_51' title="bbox 394 4749 1666 4833; baseline 0 -21"><span class='ocrx_word' id='word_1_485' title='bbox 394 4752 440 4813; x_wconf 89' lang='lat' dir='ltr'><strong>De</strong></span> <span class='ocrx_word' id='word_1_486' title='bbox 462 4751 611 4814; x_wconf 86' lang='lat' dir='ltr'><strong>Mercurio</strong></span> <span class='ocrx_word' id='word_1_487' title='bbox 635 4768 706 4812; x_wconf 88' lang='lat' dir='ltr'><strong>vero</strong></span> <span class='ocrx_word' id='word_1_488' title='bbox 730 4760 847 4813; x_wconf 90' lang='lat' dir='ltr'><strong>tantum</strong></span> <span class='ocrx_word' id='word_1_489' title='bbox 867 4749 933 4831; x_wconf 89' lang='lat' dir='ltr'><strong>jam</strong></span> <span class='ocrx_word' id='word_1_490' title='bbox 958 4751 1069 4814; x_wconf 90' lang='lat' dir='ltr'><strong>dictum</strong></span> <span class='ocrx_word' id='word_1_491' title='bbox 1094 4760 1156 4826; x_wconf 84' lang='lat' dir='ltr'><strong>est,</strong></span> <span class='ocrx_word' id='word_1_492' title='bbox 1188 4751 1305 4833; x_wconf 89' lang='lat' dir='ltr'><strong>dicique</strong></span> <span class='ocrx_word' id='word_1_493' title='bbox 1330 4751 1459 4833; x_wconf 89' lang='lat' dir='ltr'><strong>amplius</strong></span> <span class='ocrx_word' id='word_1_494' title='bbox 1482 4761 1602 4832; x_wconf 87' lang='lat' dir='ltr'><strong>potest,</strong></span> <span class='ocrx_word' id='word_1_495' title='bbox 1636 4761 1666 4814; x_wconf 87' lang='lat' dir='ltr'><strong>ot</strong></span> 
     </span>
    </p>
   </div>
   <div class='ocr_carea' id='block_1_7' title="bbox 0 0 1798 5518">
    <p class='ocr_par' dir='ltr' id='par_1_13' title="bbox 0 0 1798 5518">
     <span class='ocr_line' id='line_1_52' title="bbox 0 0 1798 5518; baseline 0 1"><span class='ocrx_word' id='word_1_496' title='bbox 0 0 1798 5518; x_wconf 95' lang='lat' dir='ltr'><strong> </strong></span> 
     </span>
    </p>
   </div>
  </div>
 </body>
</html>
