3698 5516
784 291 871 342 aare
888 285 985 342 Ursum.
1499 289 1561 356 261

176 455 308 504 menum
332 443 521 508 nullatenus
543 445 721 522 admovisse,
747 447 831 511 solas
854 465 925 511 uero
941 447 1170 514 observationes
1185 449 1343 532 reliquisse
1362 449 1562 532 conscriptas.

180 526 288 592 Minus
310 531 417 612 igitur
441 534 573 598 mnam
595 535 791 616 Hipparchus
823 537 853 598 in
884 533 1070 601 astronomia
1097 539 1379 626 angustioribusque
1403 539 1563 620 pomoeriis

187 617 401 698 cogitationes
422 630 458 686 et
481 641 565 686 ouras
588 641 660 688 snas
684 623 820 700 inclusit,
845 645 934 707 quam
957 628 1007 690 vel
1031 629 1175 691 Eudoxus
1197 629 1246 691 vel
1271 627 1427 708 Galippus.
1475 626 1563 708 Quae

192 715 339 789 actergo
363 709 423 774 illa
448 718 510 774 tam
532 713 687 794 splendide
711 725 872 779 asservata
894 715 1062 781 immutatio
1086 717 1311 798 hypothesium,
1347 735 1434 798 quam
1455 715 1563 798 Calip-

197 795 271 878 picis
292 797 495 879 Hipparchus
516 799 640 866 intulit?
1029 834 1032 850 ·

286 887 439 952 Venimus
470 907 563 970 usque
591 893 630 954 ad
659 899 809 972 temporo
822 891 1004 972 Hipparchi,
1039 893 1089 973 qui
1116 892 1266 974 posterior
1294 891 1463 956 Aristotele
1494 893 1560 970 fuit,

199 993 255 1057 qno
277 983 419 1057 tempore
433 979 530 1043 Ursus
554 980 598 1044 ait
620 981 809 1043 introductas
833 980 1024 1064 physicorum
1047 981 1242 1065 hypotheses,
1266 981 1297 1044 h.
1312 1001 1338 1044 e.
1365 1001 1431 1044 eum
1447 982 1560 1062 sphae-

199 1083 298 1129 rarum
321 1066 469 1142 ordinem,
494 1068 542 1150 qui
565 1069 725 1132 hodiedum
747 1070 838 1150 uulgo
862 1070 1002 1133 ereditur.
1050 1071 1084 1134 ld
1108 1078 1209 1136 antem
1232 1078 1331 1132 totum
1354 1089 1468 1132 merum
1491 1091 1560 1134 esse

198 1155 347 1218 somnium
373 1174 466 1237 snpra
489 1157 627 1238 probavi,
660 1177 727 1221 cnm
750 1157 894 1232 dicerem,
922 1159 1116 1242 Pythagorae
1145 1159 1204 1239 ipsi
1238 1159 1282 1221 sic
1311 1177 1380 1220 esse
1400 1159 1498 1224 visum
1521 1161 1580 1222 de.

199 1243 397 1324 sphaerarum
416 1245 529 1320 ordine,
552 1247 598 1309 nti
620 1254 729 1328 postea
751 1247 939 1311 Ptolemaeo.

285 1333 331 1394 Et
358 1334 429 1414 quid
455 1335 582 1398 multis?
613 1334 885 1416 Quomodocnuque
914 1335 1049 1399 locentur
1071 1335 1147 1399 haec
1170 1332 1190 1400 3
1214 1354 1342 1416 corpora
1360 1334 1458 1410 Solis,
1492 1335 1561 1398 Ve-
1588 1341 1591 1358 '
1633 1369 1638 1378 ·

199 1420 278 1485 ueris
302 1429 337 1485 et
354 1423 495 1486 Mercurii
519 1425 598 1487 inter
615 1423 747 1488 Martem
769 1432 802 1488 et
819 1425 946 1496 Lunam.
971 1443 1090 1504 semper
1108 1425 1154 1500 (in
1177 1425 1298 1488 usitatis
1321 1424 1440 1505 quidem
1461 1425 1560 1506 hypo-

199 1511 352 1588 thesibus)
382 1531 432 1575 res
461 1513 565 1576 eodem
594 1515 673 1577 redit
703 1513 734 1576 ln
753 1519 950 1578 astronomia.
997 1513 1078 1577 Nam
1106 1513 1163 1577 hac
1185 1515 1238 1577 via
1261 1513 1380 1594 quidem
1402 1511 1558 1594 ingressos

103 1651 106 1658 ,
198 1599 427 1664 observationes
442 1601 621 1666 destituunt.
668 1601 760 1665 Solae
779 1603 972 1684 physicarum
985 1602 1136 1666 rationum
1155 1602 1433 1666 verisimilitudines
1449 1610 1557 1665 aucto-

197 1707 256 1766 res,
281 1688 466 1771 utquisque
489 1691 566 1754 hauc
589 1693 637 1754 vel
655 1692 739 1755 illam
762 1689 953 1772 potissimum
977 1691 1121 1772 seqnitur,
1145 1691 1175 1754 in
1198 1691 1352 1754 contraris
1373 1690 1504 1770 rapiunt,
1527 1690 1557 1752 in

197 1777 309 1842 ceteris
332 1779 568 1842 consentientes.
615 1779 683 1852 Quo
705 1789 807 1861 pacto,
831 1781 896 1842 sive
920 1788 991 1843 ante
1020 1780 1086 1842 eive
1108 1787 1180 1860 post
1193 1781 1352 1842 Eudoxum
1372 1779 1558 1860 disputatum

196 1869 239 1931 ait
265 1867 304 1930 de
332 1867 475 1930 moderno
506 1869 700 1949 sphaerarum
730 1869 833 1932 ordine
856 1870 988 1952 vulgari,
1020 1887 1078 1931 non
1107 1870 1274 1931 censendae
1299 1875 1369 1930 sunt
1398 1867 1504 1929 horum
1528 1876 1560 1929 et

194 1955 316 2020 Eudoxi
349 1955 487 2020 diversae
514 1957 698 2040 hypotheses
726 1959 958 2023 astronomicae.
1010 1955 1087 2021 Cum
1119 1957 1197 2020 enim
1234 1957 1302 2020 iude
1324 1977 1355 2018 a
1382 1955 1560 2036 Pythagora

194 2045 349 2126 hucusque
366 2045 476 2126 vnlgns
490 2054 729 2110 astronomorum
743 2047 774 2110 in
788 2048 888 2128 capite
912 2046 1127 2122 consenserint,
1153 2045 1302 2108 dubitatio
1326 2045 1401 2108 haec
1416 2045 1454 2106 de
1469 2045 1558 2107 trium

194 2134 301 2197 horam
334 2153 493 2215 corporum
520 2136 624 2200 ordine
652 2155 772 2216 semper
799 2137 925 2213 mansit,
959 2155 1015 2198 nec
1039 2135 1109 2198 dum
1141 2155 1160 2196 a
1187 2134 1320 2218 physicis
1350 2142 1398 2197 est
1425 2132 1556 2195 sublata.

193 2223 416 2288 Heraclitus
433 2222 537 2287 Solem
560 2225 633 2288 fecit
655 2224 860 2306 penintimom,
885 2226 991 2289 eodem
1014 2241 1082 2287 cnm
1095 2223 1264 2288 Aristotele
1279 2243 1351 2286 usus
1370 2227 1558 2302 argumento,

193 2313 274 2392 quod
304 2319 410 2374 cetera
441 2320 528 2376 astra
555 2314 652 2376 miuus
681 2313 873 2378 calefaciant.
915 2315 1006 2378 Plato
1028 2313 1277 2396 Pythagoricam,
1307 2309 1496 2374 Socraticam
1527 2317 1559 2370 et

192 2401 412 2464 Heraclitioam
435 2401 658 2483 philosophiam
681 2403 825 2479 miscens,
857 2405 1006 2466 referente
1031 2400 1062 2464 id
1085 2401 1225 2476 La'ertio,
1255 2399 1454 2480 locupletavit
1480 2397 1558 2460 hanc

192 2489 366 2570 opinionem
388 2490 491 2570 optioa
516 2492 707 2572 conjecture:
732 2491 759 2553 si
785 2492 826 2568 Ω,
850 2494 872 2570 q
894 2492 974 2555 infra
996 2489 1099 2553 Solem
1122 2489 1193 2559 sint.
1218 2487 1365 2553 diminuta
1387 2488 1458 2550 olim
1480 2485 1556 2549 faeie

192 2585 227 2640 ιιι
250 2579 370 2641 Lunam
393 2579 492 2642 visum
514 2579 561 2642 iri.
603 2581 797 2644 Ptolemaeus
830 2581 917 2644 addit
939 2599 978 2643 ex
999 2579 1117 2642 illorum
1139 2579 1292 2642 sententia
1324 2586 1356 2640 et
1384 2577 1440 2639 hoc
1464 2594 1556 2656 argu-

191 2675 344 2741 mentum,
377 2668 457 2748 quod
489 2687 638 2751 uunquam
665 2669 768 2732 Solem
800 2669 1010 2732 obtenebrant.
1057 2665 1144 2739 Quae
1168 2674 1347 2747 argumenta
1370 2665 1557 2730 declinantes

190 2755 331 2818 moderni
354 2751 505 2836 pellucido
526 2755 581 2820 illa
603 2775 730 2837 corpora
752 2757 877 2834 faciunt,
902 2764 1009 2822 contra
1031 2757 1161 2838 quam)
1183 2755 1232 2817 vel
1256 2753 1322 2818 Soli
1344 2753 1557 2835 propinquanti

189 2845 273 2907 viam
298 2845 421 2914 cedere,
454 2853 489 2907 ut
510 2845 704 2909 Ptolemaeus
728 2849 808 2922 vult,
843 2849 893 2910 vel
916 2846 1008 2910 etiam
1031 2846 1266 2917 subtercurrere,
1299 2851 1333 2906 ιι
1351 2841 1496 2908 ,moderni
1519 2860 1557 2904 ex

189 2933 304 2996 Proolo
331 2941 365 2996 et
386 2933 544 2997 Averrhoc
573 2937 720 3015 exemplis
748 2935 845 2999 dubiis
872 2936 1064 2998 contendunt.
1110 2935 1157 2996 At
1184 2939 1290 2994 contra
1317 2929 1557 3012 penetrationem

188 3022 311 3086 orbium
330 3020 430 3097 Solis,
458 3023 603 3099 Veneris,
632 3025 774 3088 Mercurii
797 3033 830 3088 et
852 3027 957 3089 Lunae
980 3023 1110 3086 nondum
1134 3020 1250 3085 amoliti
1272 3029 1357 3097 sont,
1391 3026 1425 3081 ut
1447 3016 1557 3079 melius

188 3119 257 3174 stet
283 3111 500 3192 Alpetragius‚
533 3111 582 3193 qui
611 3132 702 3176 unum
729 3119 848 3177 anum
878 3114 944 3177 Soli
976 3119 1009 3176 et
1031 3112 1136 3174 Lunae
1163 3109 1336 3189 interponit.
1383 3107 1426 3170 Et
1453 3113 1556 3168 tamen

187 3199 380 3280 conjecturis
401 3200 536 3282 physicis
559 3203 743 3265 contendunt
756 3204 937 3266 Mercurium
958 3201 1039 3264 infra
1052 3200 1213 3274 Venerem,
1238 3197 1309 3278 quia
1330 3196 1465 3261 motibus
1484 3193 1555 3275 plu-

186 3288 276 3353 ribus
298 3296 458 3352 moveatur
479 3298 670 3372 motuumque
692 3287 888 3355 similitudine
912 3293 951 3354 ad
965 3291 1082 3354 Lunam
1094 3287 1229 3370 proxime
1244 3287 1381 3349 accedat.
1427 3285 1554 3349 Utrum-

187 3395 250 3458 que
279 3395 355 3440 vero
384 3378 439 3440 snb
463 3376 550 3454 Sole,
583 3379 672 3442 ntis
703 3380 803 3460 possit
830 3400 897 3442 esea
930 3379 1048 3442 medius
1077 3386 1110 3440 et
1136 3375 1267 3457 spatium
1295 3375 1374 3438 inter
1397 3372 1501 3437 Solem
1524 3382 1557 3435 et

185 3467 313 3530 Lanam
335 3465 506 3547 Mpleatur.
553 3469 603 3531 Ita
625 3467 791 3548 disputatio
810 3467 884 3531 haec
899 3467 1098 3551 physicaest,
1123 3485 1181 3529 non
1196 3463 1408 3527 astronomica.
1424 3498 1468 3510 -
1492 3459 1578 3544 Sed

187 3556 231 3618 ad
254 3555 370 3620 Ursum
392 3555 493 3618 redeo.

278 3645 325 3706 Et
347 3643 481 3725 loquitur
502 3643 620 3725 quidem
644 3645 741 3709 Ursus
764 3644 873 3726 ubique
895 3645 954 3721 ita,
989 3663 1025 3706 ac
1048 3643 1075 3705 si
1098 3640 1283 3724 temporibus
1305 3639 1367 3702 illis
1395 3646 1429 3702 ut
1449 3638 1551 3718 philo-

188 3734 353 3815 sophicae,
386 3731 431 3796 sio
453 3732 675 3796 astronomicae
697 3752 814 3814 qnoque
838 3733 960 3797 scholae
985 3732 1127 3807 fuissent,
1161 3731 1366 3810 artificumque
1395 3735 1429 3790 ut
1451 3726 1551 3808 philo-

189 3823 356 3903 sophorum
389 3821 531 3884 continue
563 3820 728 3894 successio,
763 3824 939 3902 dogmatum
970 3821 1237 3884 astronomicomm
1267 3819 1316 3880 vel
1340 3817 1475 3880 defensio
1502 3815 1553 3878 vel

188 3912 313 3992 publica
346 3917 380 3972 et
401 3909 748 3973 solennis-immutatio:
782 3911 861 3992 quod
889 3912 976 3992 longe
1000 3909 1089 3972 aliter
1116 3928 1150 3971 se
1173 3908 1277 3971 habet.
1324 3905 1452 3986 Semper
1474 3905 1553 3968 enim

190 4002 263 4064 haec
287 4003 413 4065 fortuna
436 3997 494 4062 fnit
516 3999 728 4075 astronomiae,
750 4007 785 4064 nt
806 4000 895 4080 pauci
918 4007 1031 4074 essent,
1056 3997 1107 4078 qui
1130 4017 1202 4062 suas
1225 3997 1254 4057 iu
1274 4013 1343 4056 eam
1366 4013 1454 4056 curas
1478 4013 1553 4057 con·

189 4091 311 4154 famant.
359 4088 412 4152 Ac
445 4087 504 4149 etsi
535 4107 609 4150 sane
641 4107 699 4151 non
727 4089 838 4152 desunt
865 4089 1019 4170 exempla,
1051 4084 1101 4149 ubi
1124 4084 1352 4148 nnus-alterum
1384 4082 1501 4146 audivit
1523 4081 1553 4143 in

186 4177 417 4252 nhenomicis,
453 4176 550 4255 magis
577 4185 679 4240 tomen
709 4184 772 4240 tnm
795 4177 940 4258 temporis
968 4176 1117 4257 agebatur
1133 4173 1293 4254 negotium
1320 4171 1555 4234 astronomicum

182 4269 259 4336 iotha
281 4269 434 4354 privatos
456 4265 598 4344 parietes,
623 4283 678 4327 uec
701 4267 764 4329 ulla
781 4267 910 4329 celebris
925 4273 957 4328 et
972 4266 1112 4346 frequens
1127 4261 1314 4326 auditoribus
1329 4261 1434 4324 schola
1449 4267 1552 4322 astro-

177 4362 296 4428 nomica
325 4377 370 4422 ex
405 4353 545 4418 historiis
573 4361 647 4416 nom
670 4361 728 4416 est.
774 4354 922 4437 Adeoque
954 4373 1013 4416 non
1043 4371 1147 4417 omnes
1178 4352 1306 4414 invicem
1329 4347 1496 4412 astronomi
1520 4364 1553 4408 se

170 4447 459 4520 humescebant,
494 4442 629 4523 quamvis
659 4443 817 4505 coaetanei
842 4451 959 4518 essent,
994 4449 1047 4506 aut
1078 4441 1171 4504 libros
1195 4440 1325 4520 scriptos
1349 4435 1552 4517 reliquissent,

165 4536 411 4635 typographiae
435 4537 512 4612 pntc
535 4531 665 4595 defectu.
711 4531 867 4595 Philolaus
881 4531 961 4594 enim
984 4531 1055 4611 quid
1070 4529 1200 4592 senserit
1213 4546 1306 4608 snpra
1319 4527 1442 4598 dietum,
1467 4520 1553 4598 cujus

159 4627 390 4708 „cononica
426 4620 572 4699 dogmata
603 4620 631 4684 si
662 4619 791 4684 fuissent
821 4619 949 4683 Eudoxo
982 4637 1069 4701 quem
1101 4617 1228 4680 vivendo
1261 4613 1415 4678 Philolaus
1448 4607 1554 4687 attigit

155 4728 296 4817 emin,
325 4710 418 4799 qnid
444 4726 521 4787 opas
544 4708 667 4783 fusisoet,
694 4717 730 4772 ut
752 4709 874 4790 propria
897 4727 968 4772 cora
990 4707 1088 4770 minus
1111 4705 1277 4788 perfectam
1300 4704 1553 4762 commentaretur

150 4797 432 4896 momina?
481 4795 600 4861 Etenim
630 4817 667 4860 ex
689 4798 874 4862 Archimede
896 4803 1031 4870 constat,
1066 4794 1207 4858 delinisse
1229 4789 1387 4853 Eudoxum
1411 4785 1552 4847 diametri
1650 4815 1653 4820 ·
