3674 5528
343 285 408 356 316
760 293 862 346 literae
879 293 984 366 Kepleri
1003 293 1154 360 aliorumque
1172 301 1274 346 mutuas

342 449 505 530 abjectum.
552 451 595 514 Ut
616 469 688 513 vero
712 453 815 514 oculus
839 453 879 514 ad
904 453 1009 526 lucem,
1033 453 1113 516 auris
1133 453 1173 514 ad
1196 471 1316 528 sonum,
1340 453 1386 516 ita
1410 453 1527 516 animus
1552 459 1603 513 eet
1627 469 1702 512 ιιι-

343 541 487 602 iormatus
512 536 550 599 ad
573 538 648 610 haec
671 545 757 618 παθη
779 541 941 614 ιοιΙιιιίι,
966 551 1109 622 tanquam
1133 561 1190 603 sna
1212 542 1333 626 propria
1356 542 1486 623 objecta.
1533 540 1578 604 Et
1601 547 1703 601 tamen

342 626 462 708 genesis
485 627 566 690 nuda
590 635 621 691 et
644 648 740 690 vacua
764 630 860 691 torma
884 637 951 704 est;
982 631 1097 692 animus
1120 649 1186 692 cum
1210 631 1388 706 infunditur,
1414 631 1443 693 h.
1469 650 1497 693 ι.
1522 649 1590 690 cnm
1615 629 1704 689 bomo

342 716 484 790 nascitur,
509 735 568 778 non
592 717 697 780 statim
721 725 804 779 totus
825 718 935 800 accipit
958 719 1100 792 sormam3
1125 726 1286 782 contumax
1305 727 1362 795 est,
1387 727 1420 782 ιι
1442 720 1538 781 multa
1563 718 1600 779 de
1625 717 1704 778 ima-

341 803 564 883 ginationibus,
602 806 736 886 adeoque
771 807 807 868 de
842 807 1050 870 affectionibus
1083 807 1188 870 matria
1221 807 1333 869 retinet
1364 808 1530 887 miscetque
1563 804 1704 868 themati.

341 893 466 955 Format
489 892 580 972 igitur
604 901 636 956 et
658 895 746 974 tingit
763 896 893 958 animum
916 895 1036 971 thema,
1061 898 1125 958 sed
1150 914 1208 958 uon
1241 896 1339 976 gignit
1362 915 1483 970 novum,
1519 913 1579 956 non
1603 902 1703 956 totum

341 989 457 1055 mutat3
485 979 571 1062 fingit
594 1001 664 1046 vero
687 991 791 1046 natum
815 1003 853 1046 ex
877 984 947 1058 boc,
981 992 1077 1047 matre
1106 985 1151 1046 sic
1175 985 1301 1060 affecta,
1334 985 1403 1047 dum
1427 991 1549 1064 gereret
1572 991 1703 1046 uterum.

342 1069 484 1149 Sequitur
507 1071 575 1132 dein
598 1071 767 1148 institutio,
793 1091 869 1153 quae
893 1091 1002 1134 novam
1026 1074 1237 1136 alterationem
1261 1075 1379 1154 utrique
1401 1073 1493 1152 priori
1525 1073 1639 1146 inient,
1671 1077 1703 1131 at

341 1167 479 1221 neutrum
501 1159 609 1221 tollere
631 1168 752 1239 potest,
787 1161 840 1222 sed
870 1161 905 1223 lit
934 1162 1061 1241 denique
1094 1163 1340 1242 contemperatio.
1388 1161 1522 1222 Variaut
1550 1160 1704 1222 bominem

340 1254 447 1322 mater,
466 1248 591 1323 coelum,
611 1249 766 1328 magister,
791 1249 943 1311 mediante
962 1258 1061 1331 epate,
1086 1249 1186 1323 corde,
1211 1250 1344 1324 cerebro,
1371 1259 1451 1324 ante,
1476 1249 1516 1326 in,
1541 1255 1704 1331 postpar-

340 1343 413 1410 tum,
438 1343 582 1416 tempore,
607 1346 757 1399 momento
780 1338 936 1418 temporis.

411 1425 597 1475 Fabricius:
627 1426 750 1476 Planetae
768 1425 882 1476 humores
900 1427 939 1476 rel
957 1425 1104 1490 qnalitates,
1133 1427 1179 1476 sibi
1207 1423 1297 1476 aDeo
1322 1427 1508 1491 appropriatus,
1536 1425 1577 1476 rel
1595 1425 1705 1474 dominio

344 1510 388 1544 ιιι
406 1495 540 1558 subjectas.
560 1495 645 1546 astrali
664 1510 711 1546 sua
729 1498 752 1545 ri
771 1499 890 1556 excitant,
908 1503 1036 1562 vegetant,
1056 1496 1190 1556 vivificant,
1209 1504 1235 1548 et
1252 1497 1324 1562 quasi
1342 1499 1463 1548 animant.

433 1566 637 1646 Kepierus:
661 1567 732 1628 Etsi
754 1586 812 1629 non
837 1568 950 1643 dubito,
976 1569 1044 1648 quin
1064 1569 1148 1630 Mars
1172 1568 1239 1630 ideo
1264 1569 1352 1630 ruber
1375 1568 1416 1631 sit
1440 1569 1553 1644 iactus,
1580 1573 1615 1628 ut
1638 1575 1705 1628 ter-

245 1661 249 1670 '
344 1674 409 1717 rere
431 1655 531 1734 possit
559 1674 612 1736 pro
640 1656 759 1718 modulo
792 1675 864 1732 suo,
894 1658 994 1737 itaque
1027 1655 1056 1718 in
1085 1675 1119 1718 se
1140 1657 1216 1737 ipsis
1239 1656 1373 1718 habeant
1396 1657 1497 1719 sidera
1520 1651 1704 1736 principium

347 1743 477 1806 actionis
500 1763 583 1818 suae,
608 1745 769 1823 potissima
791 1753 892 1806 tamen
916 1745 962 1807 vis
987 1746 1199 1824 in'geneeibus
1224 1745 1365 1807 consistit
1387 1745 1546 1818 inanimo,
1573 1745 1627 1822 qui
1649 1763 1705 1806 oc·

344 1831 426 1918 culto
459 1851 607 1894 consensu
645 1835 695 1906 (ut
726 1833 830 1895 rustici
863 1853 952 1895 aures
983 1833 1155 1913 intelligunt
1187 1834 1421 1896 concinnitatem
1454 1833 1652 1895 dimensionis
1676 1833 1705 1894 in

344 1921 483 1996 vocibus)
516 1921 719 1998 &ruborem
754 1918 943 2002 lipallorem
968 1923 1022 1984 ιιι.
1047 1921 1199 1984 intueatur
1229 1932 1260 1983 et
1283 1923 1444 1985 secundum
1469 1923 1562 1984 situm
1586 1921 1706 1983 iliorum

344 2009 374 2069 in
400 2009 521 2088 seipso
546 2009 772 2089 impressionem
797 2011 925 2072 formet:
961 2021 992 2070 ut
1018 2030 1122 2072 manus
1151 2034 1169 2072 a
1194 2010 1332 2073 claritate
1357 2010 1437 2076 Solis
1470 2010 1544 2074 nihil
1579 2011 1705 2090 patitur,

347 2097 399 2160 sed
415 2097 600 2236 ἕξῖιιῖειίιιι
630 2184 858 2236 Profectiones
879 2185 1040 2252 astrologicae
1058 2187 1084 2236 iu
1103 2193 1183 2237 totum
1201 2187 1271 2251 quasi
1289 2186 1379 2250 rejicis,
1398 2185 1463 2251 qnod
1481 2187 1623 2250 subjectum
1636 2186 1706 2236 reale

345 2261 425 2306 motus
444 2271 494 2306 non
511 2255 630 2306 habeant.
667 2258 766 2306 Ainea
785 2256 932 2307 directiones
951 2271 1050 2307 annuae
1068 2258 1163 2308 babent
1180 2257 1247 2308 reale
1265 2258 1418 2319 subjectum,
1445 2258 1493 2308 nisi
1513 2259 1593 2321 ipsam
1613 2257 1704 2322 princi·

343 2329 410 2391 pium
428 2332 509 2378 motus
528 2332 553 2376 et
571 2340 674 2376 causam
691 2332 780 2376 motus.
817 2328 863 2377 Est
880 2343 936 2378 vero
955 2329 1034 2377 fluxus
1052 2329 1154 2394 quidam
1172 2327 1271 2379 astralia
1291 2329 1386 2378 virtutis
1405 2341 1422 2378 a
1439 2329 1519 2392 prima
1538 2341 1628 2384 caasa,
1646 2333 1704 2378 tan·

343 2412 417 2462 quam
436 2412 453 2448 a
470 2397 537 2447 iente
556 2412 600 2447 ιιι
617 2397 781 2460 procedentia.
818 2399 852 2448 Et
869 2405 897 2448 nt
914 2405 995 2448 motus
1015 2401 1145 2450 continuus
1165 2406 1216 2459 ιιι,
1244 2401 1281 2449 ita
1306 2405 1331 2449 et
1349 2399 1445 2448 virtutis
1471 2399 1551 2449 fluxus
1571 2400 1705 2448 continuus

344 2475 390 2520 est
427 2468 513 2518 Virtus
532 2468 629 2518 astralia
647 2469 743 2532 proprio
762 2485 806 2519 sno
824 2475 901 2527 motu,
921 2477 947 2520 et
965 2471 1035 2534 quasi
1056 2470 1193 2534 aplaneta
1204 2477 1330 2534 separata,
1349 2475 1470 2526 moretur,
1489 2475 1518 2520 ut
1530 2484 1636 2535 magnes
1656 2471 1706 2518 rim

344 2553 414 2589 suam
433 2540 496 2590 terro
515 2541 649 2602 separatim
668 2541 844 2600 communicat,
873 2556 920 2592 nec
942 2542 991 2588 rim
1016 2555 1100 2591 secum
1122 2542 1239 2598 retrahit,
1265 2541 1309 2591 sed
1327 2541 1398 2605 qnasi
1417 2541 1571 2591 abstractam
1590 2541 1708 2604 relinquit

345 2611 416 2660 terro.
453 2611 489 2661 Ut
506 2625 562 2660 rero
579 2615 661 2660 motus
679 2610 834 2675 planetarum
861 2618 918 2661 sunt
940 2613 1015 2669 rarii,
1044 2613 1080 2662 sic
1103 2619 1183 2662 motus
1207 2613 1303 2662 virtutis
1327 2610 1424 2661 astralir
1448 2613 1606 2676 planetarum
1631 2612 1707 2661 variis

344 2682 505 2732 directionum
524 2687 550 2732 et
567 2681 759 2746 protectionum,
785 2697 841 2732 sum
861 2697 999 2733 annuarum
1018 2689 1071 2732 tum
1089 2683 1277 2733 menstrualibus
1296 2689 1322 2732 et
1339 2683 1497 2740 diurnarum,
1523 2683 1630 2732 motibus
1649 2697 1706 2746 per·

344 2753 432 2802 fiditur.
470 2752 497 2802 Si
515 2753 574 2818 qnid
593 2758 680 2802 ιιιιιι
697 2752 761 2803 baec
779 2753 865 2811 habes,
884 2754 957 2820 veiim
971 2753 1037 2803 clare
1056 2754 1172 2817 explices,
1191 2769 1239 2804 nec
1258 2755 1339 2803 nimiis
1358 2753 1535 2803 subtilitatibus
1553 2769 1607 2803 rem
1625 2755 1707 2818 potius

344 2824 467 2882 obscures,
486 2838 561 2889 quam
578 2822 695 2873 illustres.
731 2824 785 2889 Ego
804 2838 900 2887 semper
918 2838 1019 2890 operam
1038 2824 1106 2884 dedi,
1131 2831 1160 2874 nt
1177 2839 1216 2874 res
1234 2839 1307 2875 raras
1326 2831 1351 2875 et
1369 2825 1504 2874 rationales
1523 2825 1707 2888 simplicissima

343 2887 503 2945 declararem.
541 2895 613 2944 Haec
631 2901 730 2952 tamem
749 2896 783 2944 mi
802 2895 925 2959 Keplere,
953 2910 1003 2944 non
1022 2897 1120 2945 sinistre
1139 2896 1211 2946 velim
1229 2897 1362 2961 intelligas,
1382 2895 1426 2945 sed
1445 2897 1524 2945 amico
1544 2897 1628 2946 animo
1646 2901 1706 2944 tarr·

342 2971 398 3050 turn
413 2981 536 3030 propono,
564 2980 596 3016 ns
619 2966 708 3015 nimius
733 2967 766 3014 sis
792 2966 817 3015 in
841 2965 888 3015 illis
912 2965 1101 3024 subtilitatibus,
1130 2967 1193 3030 quod
1212 2969 1288 3016 nostri
1306 2967 1400 3032 ingenii
1418 2966 1562 3030 simplicitas
1581 2967 1637 3017 illas
1655 2981 1707 3016 nou

343 3043 637 3187 “putKeplerusr
677 3104 779 3181 Suda,
814 3106 889 3167 suda
922 3105 958 3167 de
982 3106 1219 3190 protectionibus
1254 3113 1286 3167 et
1309 3105 1543 3180 directionibus,
1578 3127 1648 3169 nam
1674 3117 1707 3171 et

344 3215 400 3275 ego
424 3195 539 3276 sudavi.
588 3194 749 3258 Genesis
773 3195 867 3256 habet
889 3195 948 3257 vim
972 3214 1010 3256 ex
1033 3195 1112 3264 situ,
1147 3203 1252 3275 estque
1275 3206 1440 3275 perpetua,
1474 3195 1544 3276 qnia
1576 3197 1610 3258 iit
1643 3197 1704 3260 im-

343 3284 459 3364 pressio
484 3303 671 3364 permaneus.
719 3283 922 3346 Transitus
954 3292 987 3345 et
1017 3284 1205 3346 revolutio
1237 3285 1352 3348 habeut
1375 3284 1435 3346 vim
1458 3303 1496 3346 ex
1519 3293 1603 3347 motu
1627 3287 1705 3348 reali

343 3373 382 3434 ad
406 3371 474 3436 loca
496 3390 662 3450 geneseoe;
695 3391 772 3452 quae
790 3373 855 3452 Jam
887 3371 984 3434 officia
1012 3389 1051 3433 ex
1074 3372 1295 3435 consentientia
1319 3373 1464 3452 subjectis
1498 3372 1561 3433 suis
1584 3374 1702 3455 reliqui.

343 3461 580 3523 Directiones
604 3461 719 3522 babent
740 3461 801 3523 vim
826 3479 863 3522 ex
887 3461 972 3542 quasi
996 3467 1100 3535 motu;
1125 3461 1235 3522 etenim
1260 3461 1368 3542 aliquis
1392 3473 1491 3524 motus
1516 3461 1599 3538 talis,
1625 3483 1703 3543 qua-

343 3550 414 3612 liter
437 3549 566 3630 aphetae
590 3549 775 3630 diriguntur,
809 3557 841 3612 ιι
864 3549 890 3612 ἰι
914 3549 1004 3611 ιιιΙίι
1038 3558 1087 3612 ιιι
1120 3557 1153 3610 ιι
1185 3568 1253 3612 vere
1277 3550 1329 3626 fit,
1364 3551 1469 3612 statim
1502 3559 1574 3630 post
1597 3559 1704 3632 partus

342 3646 524 3700 momentum
546 3637 702 3718 iucipiens.
749 3638 970 3700 Dissimilitudo
995 3657 1014 3698 a
1035 3639 1127 3720 priori
1153 3646 1252 3700 tamen
1278 3638 1307 3700 in
1332 3658 1377 3714 eo,
1405 3639 1484 3718 quod
1499 3639 1626 3702 effectus
1643 3661 1703 3702 non

338 3728 475 3809 juugitur
497 3727 590 3789 motui
613 3734 646 3789 et
668 3745 778 3788 causae
805 3727 922 3790 ratione
946 3728 1105 3808 temporis,
1129 3727 1182 3788 sed
1207 3727 1336 3789 discedit
1359 3729 1397 3789 ab
1423 3747 1473 3802 ιο,
1498 3735 1530 3788 ιι
1553 3729 1705 3810 multipli-

343 3825 394 3879 cat
417 3823 553 3896 tempora
576 3815 857 3896 proportionaliter,
881 3817 1073 3895 proportione
1097 3816 1222 3889 itemm,
1252 3835 1327 3894 quae
1352 3817 1380 3877 in
1414 3823 1522 3878 natura
1552 3817 1705 3880 invenitur

343 3915 375 3968 et
397 3905 465 3967 huic
488 3906 580 3967 motui
603 3905 725 3985 propria
749 3912 816 3979 est;
840 3912 875 3966 ut
898 3923 955 3982 ego
979 3905 1097 3985 quidem
1121 3905 1226 3985 dirigo,
1253 3903 1301 3966 die
1324 3905 1354 3967 in
1379 3924 1488 3967 anuum
1512 3913 1543 3966 et
1566 3925 1704 3985 quocun-

344 4013 399 4075 qne
431 4002 568 4074 tempore
600 4001 671 4073 post
703 4000 822 4073 partum
856 3993 884 4054 in
910 3989 974 4057 365
998 3994 1197 4073 multiplicato
1230 3993 1259 4054 in
1283 3993 1429 4056 infinitum
1453 4013 1556 4074 usque.
1605 3995 1703 4058 Pro·

343 4081 475 4145 lentio
508 4101 604 4163 neque
628 4083 704 4144 situs
729 4091 794 4157 est,
819 4101 914 4163 neque
939 4089 1047 4157 motus,
1072 4083 1101 4143 in
1126 4081 1256 4144 futurum
1280 4101 1419 4162 operans,
1443 4083 1526 4162 cujus
1550 4083 1580 4144 in
1605 4103 1703 4146 rerum

343 4177 450 4232 natura
473 4170 545 4232 nihil
569 4179 616 4233 ιιι
640 4189 735 4252 neque
759 4171 854 4234 simile
879 4189 974 4252 neque
998 4171 1232 4252 porportionele.
1259 4202 1300 4212 -

433 4259 686 4348 insequentibus
710 4259 823 4322 transis
847 4267 880 4321 to
903 4281 922 4321 a
946 4261 1118 4323 defensioue
1153 4259 1193 4322 ad
1216 4258 1472 4340 impugnationem
1495 4277 1630 4323 mearum
1655 4259 1702 4323 di-

344 4348 519 4423 rectionum,
544 4355 715 4427 propterea,
741 4350 818 4430 quod
844 4349 988 4411 obscurus
1013 4350 1123 4411 simin
1148 4349 1197 4411 iis.
1245 4349 1323 4411 Puto
1337 4367 1384 4410 me
1403 4349 1471 4427 jam
1486 4347 1535 4408 bic
1550 4367 1620 4410 esse
1635 4349 1701 4412 cla-

342 4439 461 4501 riorem.
486 4469 527 4484 -
553 4433 633 4506 Quid
657 4437 713 4500 boc
736 4437 780 4498 rei
804 4446 864 4512 est,
899 4439 977 4518 quod
1001 4457 1065 4501 rem
1089 4439 1261 4512 obscuram,
1295 4455 1350 4499 nec
1379 4455 1500 4510 novam,
1531 4437 1586 4498 sed
1611 4456 1701 4520 quam

343 4535 467 4608 uterque
490 4525 605 4606 pridem
629 4544 731 4588 sumus
756 4527 903 4606 amplexi,
934 4535 967 4589 tu
990 4527 1091 4607 potins
1114 4527 1161 4588 vis
1189 4534 1331 4606 tanquam
1355 4524 1528 4606 παραδοξιι
1558 4525 1701 4599 retinere,

343 4633 433 4696 quam
456 4614 624 4678 confirmari
647 4613 820 4687 obscurius,
848 4633 903 4678 nec
926 4616 1041 4695 pateris
1065 4615 1281 4697 qualiacunque
1306 4615 1379 4690 dici,
1404 4633 1469 4676 cum
1494 4615 1621 4677 meliora
1644 4635 1700 4677 ue-

343 4706 475 4783 queant?
519 4704 601 4766 Jnva
622 4704 740 4784 potius,
771 4710 806 4765 ut
829 4704 909 4766 clare
932 4705 1104 4785 loquamur,
1138 4723 1228 4786 quam
1251 4711 1285 4768 ut
1306 4703 1382 4765 haec
1406 4703 1587 4783 supprimas.
1635 4705 1700 4766 Hoc

343 4801 443 4856 tamen
476 4803 526 4856 sat
549 4793 646 4856 clare:
679 4793 710 4854 in
740 4792 875 4898 qmnibus
899 4793 989 4856 rebus
1021 4792 1091 4856 inde
1124 4793 1336 4856 adivinitatis
1369 4793 1482 4872 origine
1516 4803 1566 4854 est
1598 4793 1702 4874 aliqua
