3718 5520
742 267 899 334 Aarologms
917 267 1068 318 certioribus.
1520 261 1597 334 437.

229 423 359 506 gandam
381 423 601 487 multitudinem
625 425 743 488 omnino
766 433 832 488 arte
857 443 931 510 opus
955 433 1017 500 est,
1041 432 1074 492 et
1097 424 1266 505 cognitione
1280 445 1382 490 eornm
1406 443 1481 506 quae
1501 445 1585 488 corn-

229 511 359 574 muniter
382 513 497 577 animos
520 514 698 595 percellunt.
745 503 851 594 ltaque
884 514 980 576 sicubi
1003 533 1109 594 pacem
1137 522 1169 575 et
1196 513 1325 594 quietem
1356 534 1424 576 esse
1447 521 1587 594 praestat

229 607 261 662 et
283 599 394 664 seditio
418 601 510 664 metui
532 611 646 682 potest,
670 611 835 666 conventus
857 602 997 683 Angusto
1021 611 1054 664 et
1076 599 1248 683 Septembri
1270 622 1308 666 ne
1332 605 1419 678 liant,
1444 611 1498 666 aut
1519 603 1584 665 dis-

228 689 373 770 sipentur,
397 691 455 754 imo
479 711 590 754 causae
615 692 729 756 animos
753 699 971 771 exasperantes
994 699 1111 754 mature
1134 691 1296 767 tollantnr3
1325 701 1378 757 ant
1405 692 1527 772 objecta
1554 711 1586 752 re

228 795 308 840 nova
339 780 541 860 cogitationes
574 780 725 847 hominurn
756 781 934 844 alterantur.
981 778 1035 842 Sin
1068 781 1169 842 andex
1196 781 1318 859 aliquod
1345 781 1462 844 facinus
1485 779 1584 842 susci-

227 867 378 946 piendum,
403 871 482 950 qnod
504 868 591 931 illato
614 880 729 932 terrore
751 869 966 932 conficiendum
989 869 1038 940 sit,
1062 871 1220 949 Angustus
1244 879 1420 952 occupatum
1445 869 1492 932 sin
1516 869 1584 930 ani·

228 973 293 1017 mna
317 958 408 1018 etiam
433 959 470 1020 ad
494 959 628 1022 laborem
652 959 813 1034 durandus,
840 955 1023 1038 September¹
1044 966 1120 1020 esto.
1162 959 1207 1020 At
1230 959 1256 1022 si
1279 959 1376 1022 hostis
1401 958 1446 1020 his
1470 957 1584 1020 mensi-

228 1043 283 1106 bus
306 1045 418 1126 aliquid
442 1048 562 1120 audeat,
588 1049 753 1110 animorum
775 1046 1011 1110 consternationi
1035 1046 1282 1110 convenientibus
1305 1047 1445 1111 remediis
1465 1047 1585 1109 obviarn

228 1139 323 1195 eatur.
370 1135 449 1198 Esse
482 1137 559 1199 eninr
592 1137 667 1198 haec
699 1136 790 1200 etiam
821 1136 851 1198 in
883 1143 1038 1216 potestate
1061 1142 1182 1210 nostra,
1215 1138 1363 1216 quomodo
1382 1135 1505 1209 cadant,
1530 1153 1586 1196 neo

164 1270 169 1278 .
228 1221 366 1298 absplute
389 1225 580 1300 necessaria,
615 1223 850 1290 luculentissimo
880 1225 1018 1304 exemplo
1050 1226 1098 1287 vel
1126 1225 1309 1306 praeteritus
1339 1243 1434 1302 anqus
1462 1228 1511 1286 est
1533 1231 1582 1286 te-

184 1349 190 1356 ·
227 1318 338 1375 status.
919 1357 923 1364 .

759 1393 896 1464 Thesis
920 1401 1050 1464 LXXII.

314 1487 431 1550 Deinde
461 1507 601 1568 magnum
635 1491 779 1553 exercitui
812 1490 994 1570 praesidium
1027 1495 1075 1552 est
1107 1489 1135 1550 in
1165 1489 1273 1552 fiducia
1305 1498 1337 1553 et
1360 1490 1583 1553 existimatione

231 1576 437 1657 imperatoris;
462 1578 557 1639 omnis
582 1580 659 1640 euim
684 1578 812 1641 victoria
833 1579 864 1640 in
887 1579 977 1654 animi
1000 1580 1115 1659 impetu
1137 1579 1286 1641 consistit.
1318 1581 1363 1642 At
1386 1581 1422 1642 si'
1436 1579 1473 1641 ob
1488 1597 1582 1658 gene-

227 1684 295 1728 seos
320 1665 550 1728 afflictationem
573 1668 633 1729 dux
657 1667 686 1729 in
711 1675 864 1730 contemtu
887 1675 1042 1730 versatur:
1075 1667 1239 1747 periculum
1262 1688 1315 1748 per
1339 1667 1582 1748 imaginationem

226 1753 256 1816 in
288 1755 453 1818 exercitum
486 1763 518 1818 et
546 1757 695 1818 fortunam
724 1757 796 1820 belli
828 1757 986 1820 redundat.
1034 1755 1110 1820 Cum
1132 1756 1235 1836 itaqua
1263 1757 1315 1820 illa
1334 1761 1364 1834 <s
1380 1758 1445 1830 Q&
1467 1756 1583 1820 Polono

226 1841 256 1906 in
281 1851 379 1906 ortum
403 1843 531 1919 incidat,
558 1853 589 1906 et
612 1843 694 1909 Solis
727 1846 847 1925 eclipsis
871 1846 901 1906 in
923 1845 1082 1909 Moscovia
1111 1852 1142 1906 et
1164 1845 1291 1907 Polonia
1319 1848 1450 1909 maxima
1483 1845 1581 1920 fuerit,
1663 1895 1675 1914 „

227 1938 259 1994 st
281 1931 392 1996 bellum
411 1932 477 2013 jam
500 1933 542 1994 sit
569 1933 624 2005 ibi,
657 1941 730 2014 puto
759 1935 876 1999 cladem
904 1935 948 1998 illi
970 1933 1152 2015 significari:
1187 1934 1236 2014 qni
1268 1935 1294 1996 si
1326 1935 1403 1997 hanc
1435 1953 1582 2014 geneseos

227 2020 463 2084 stimulationem
487 2022 515 2084 in
539 2023 745 2086 fortitudinem
769 2032 885 2098 vertat,
908 2024 1025 2086 cladem
1050 2025 1114 2104 ipse
1138 2022 1266 2086 inseret:
1300 2023 1345 2086 sin
1374 2042 1435 2104 pax
1467 2025 1592 2086 interea

226 2110 312 2172 firma
333 2110 496 2185 coalescat,
520 2112 609 2192 plane
633 2112 745 2174 nullom
770 2120 819 2176 est
840 2112 1003 2194 periculum
1026 2131 1065 2175 ex
1087 2111 1152 2173 solo
1175 2113 1270 2176 coelo.

721 2253 722 2256 η
757 2202 887 2264 Thesis
910 2201 1078 2263 LXXllI.'

314 2284 417 2347 Tertio
450 2293 482 2347 et
508 2293 642 2350 nostram
673 2289 805 2368 patriam
837 2289 939 2369 signat
975 2290 1028 2352 illa
1060 2289 1125 2368 jam
1164 2287 1246 2351 diota
1282 2289 1466 2368 conjunctio,
1505 2307 1582 2368 quae

226 2393 293 2437 cnm
317 2375 359 2436 sit
381 2373 617 2455 speciosissima,
637 2378 701 2458 jam
726 2398 783 2440 non
807 2379 938 2447 coelum,
970 2379 1026 2441 sed
1058 2395 1168 2440 causas
1192 2377 1369 2440 sublunares
1392 2387 1493 2440 certas
1517 2378 1582 2457 ejus

224 2471 329 2544 partes
354 2463 485 2544 signant.
533 2465 612 2528 Nam
646 2466 704 2528 etei
727 2466 782 2530 Sol
815 2468 954 2544 universa
981 2475 1139 2530 contuetur
1171 2475 1202 2527 et
1229 2465 1361 2539 calfacit,
1391 2486 1448 2527 oon
1473 2466 1581 2546 ubique

227 2561 327 2614 tamen
352 2553 436 2624 olera
457 2553 606 2632 producit,
631 2575 686 2617 nec
710 2557 767 2618 nisi
789 2556 840 2619 nbi
863 2555 1014 2618 seminata
1037 2563 1117 2618 sunt.
1145 2555 1292 2617 Attamen
1317 2555 1355 2617 ob
1379 2555 1493 2616 Terrae
1514 2573 1581 2617 mo-

226 2651 308 2716 tum,
343 2649 374 2703 et
405 2661 549 2720 geneses,
583 2651 615 2706 et
644 2643 768 2724 eclipsin
793 2644 889 2718 Solis,
922 2663 997 2724 quae
1022 2643 1113 2707 Gallo
1137 2651 1170 2705 et
1191 2643 1356 2722 Hispaniae
1381 2645 1477 2704 locum
1500 2641 1582 2705 Solis

118 2799 129 2812 ι,
225 2729 363 2811 attingit,
387 2729 582 2811 peculiariter
604 2732 714 2814 aliquid
740 2734 776 2796 de
800 2733 926 2808 Suevia,
951 2733 1108 2805 Helvetia,
1140 2733 1278 2794 insubria
1301 2741 1333 2794 et
1356 2732 1454 2795 vicina
1478 2729 1583 2794 Gallia

223 2819 461 2899 expectabimus.
1502 2838 1504 2848 ·

777 2910 908 2972 Thasie
932 2908 1078 2972 LXXIV.

261 3010 268 3016 ·
314 2992 461 3058 Sextilem
485 2996 577 3072 illum,
602 3003 636 3060 ui
659 3005 691 3061 ei
714 3001 744 3076 ό
757 2999 828 3074 lid
851 2998 919 3060 ideo
943 2997 1061 3072 addidi,
1092 2997 1162 3077 qnia
1184 3013 1311 3076 geneses
1335 2995 1481 3074 quasdam
1504 2998 1581 3058 noio

224 3102 351 3154 senecae
375 3085 517 3148 attinent.
571 3085 668 3148 Erunt
699 3087 802 3168 itaque
836 3106 980 3168 operosae
1013 3087 1189 3160 hoc.anno;
1208 3081 1350 3160 ¹feliciter
1380 3105 1418 3146 an
1449 3085 1580 3146 infauste

224 3173 310 3251 (post
332 3172 444 3247 Deum)
469 3193 561 3253 penes
586 3175 716 3254 ipsarum
740 3177 896 3252 arbitrium
929 3185 987 3238 est,
1033 3174 1181 3236 Fervidns
1213 3181 1314 3234 tamen
1342 3173 1467 3252 planeta
1496 3174 1581 3235 Mars

224 3271 376 3336 naturam,
407 3261 433 3324 si
457 3282 514 3324 oon
538 3263 698 3328 &modum
722 3265 809 3329 fortis
833 3272 895 3340 est,
920 3265 1067 3328 afflictare
1090 3263 1202 3342 possit,
1236 3279 1302 3322 cnm
1326 3261 1376 3324 din
1400 3263 1429 3324 in
1453 3263 1580 3342 Virgine

224 3350 407 3451 obambulet,
433 3360 465 3414 et
487 3370 589 3414 meuse
608 3353 721 3416 Martio
744 3354 810 3506 Spllp
833 3351 1129 3504 objecltrppxnptalem
1151 3351 1286 3413 infestet.

817 3463 890 3506 esre
1037 3487 1043 3504 .

313 3525 384 3590 Scio
396 3529 493 3592 solere
517 3529 689 3609 astrologos
700 3551 737 3592 ex
748 3532 955 3612 conjunctione
965 3531 1052 3594 Jovis
1063 3533 1096 3590 et
1109 3527 1230 3603 Martis,
1255 3546 1331 3608 quae
1352 3527 1380 3589 io
1400 3525 1579 3591 il⁰Librae

225 3615 339 3692 incidit,
365 3625 491 3680 mortem
515 3618 638 3699 egregio
663 3619 752 3682 alicui
775 3620 846 3683 belli
871 3621 938 3701 duci
960 3617 1143 3699 praedicere,
1167 3617 1346 3696 praesertim
1367 3617 1392 3678 si
1408 3617 1474 3698 qnia
1488 3636 1579 3698 pree·

226 3703 342 3784 cipunm
366 3707 494 3786 aliquem
519 3708 616 3770 locoru
639 3726 786 3787 geneseos
809 3710 851 3772 ibi
874 3709 996 3771 habeat.
1042 3707 1078 3771 Id
1105 3724 1141 3766 ns
1176 3706 1205 3766 in
1229 3705 1407 3768 calumniam
1432 3707 1579 3781 trahatur,

227 3792 312 3872 quasi
336 3796 449 3858 coelum
471 3795 624 3859 conditum
648 3797 766 3860 dicatur
789 3799 829 3860 ad
851 3797 1065 3860 interimendos
1093 3794 1246 3869 hemines,
1281 3795 1370 3856 aliter
1403 3803 1452 3857 est
1480 3796 1578 3875 expli-

226 3882 363 3945 candum.
412 3881 526 3947 Sensus
551 3886 630 3948 enirn
654 3905 759 3948 revera
782 3887 829 3948 hic
854 3896 917 3949 est:
944 3887 1023 3966 qnod
1045 3891 1080 3946 nt
1103 3891 1246 3963 aspectus
1269 3883 1317 3946 hic
1340 3902 1394 3964 per
1413 3903 1446 3946 se
1475 3885 1580 3964 igneus

226 3979 257 4032 et
279 3973 425 4035 clarorum
449 3975 638 4054 planetarum
662 3983 728 4048 est,
752 3975 798 4037 ita
821 3975 1006 4056 experientia
1029 3979 1176 4047 testatur,
1211 3981 1243 4034 et
1266 3972 1432 4034 illustribus
1457 3972 1580 4039 familiis
1679 3991 1682 3996 ·

206 4079 291 4123 esse
315 4063 505 4126 familiarem.
552 4065 598 4126 At
621 4083 686 4126 oum
710 4065 805 4126 omnis
829 4066 892 4127 iere
916 4063 1049 4142 corporis
1077 4063 1125 4122 vel
1149 4061 1239 4124 animi
1268 4061 1429 4123 commotio
1457 4069 1510 4124 aut
1541 4063 1580 4123 ad

224 4168 332 4214 novum
356 4160 470 4216 statum
494 4153 645 4216 traductio
669 4161 739 4215 tuuc
762 4153 834 4230 liat,
868 4171 934 4215 cum
962 4151 1065 4232 genesi
1098 4151 1214 4213 coelum
1241 4151 1404 4231 respondet
1432 4150 1578 4232 (quodin

222 4241 368 4321 partubus
391 4241 553 4322 praecipue
577 4243 737 4324 apparet),
758 4243 793 4304 fit
816 4251 850 4304 nt
871 4241 1044 4323 plerumque
1060 4239 1152 4321 aliqui
1176 4239 1309 4302 illustres
1324 4239 1379 4300 sub
1399 4239 1454 4302 hos
1470 4259 1579 4320 aspec-

223 4338 273 4392 tus
297 4337 328 4392 et
351 4329 464 4392 similes
488 4349 556 4393 sese
581 4339 802 4406 commoveant,
837 4350 902 4395 cnm
930 4331 961 4392 in
985 4337 1074 4393 tanta
1096 4327 1284 4391 multitudine
1309 4327 1400 4409 aliqui
1424 4329 1480 4391 snb
1504 4329 1579 4390 tali-

224 4419 279 4480 bus
303 4426 335 4480 et
356 4419 421 4481 nati
446 4418 516 4481 sint.
563 4419 622 4481 Illa
643 4438 715 4483 vero
738 4420 899 4482 commotio
923 4419 966 4480 uti
990 4419 1068 4481 male
1097 4417 1254 4494 dispositis
1283 4416 1426 4496 subjectis
1453 4418 1483 4478 in
1506 4435 1577 4496 per-

223 4506 332 4569 niciem
349 4507 440 4582 cedit,
465 4507 510 4568 ita
533 4507 687 4582 firmiores,
711 4509 759 4570 vel
784 4509 896 4571 aetatis
920 4508 969 4569 vel
983 4504 1166 4570 valetudinis
1185 4507 1311 4579 ratione,
1333 4503 1435 4567 adres
1453 4523 1579 4584 magnas

225 4595 342 4657 evehit:
368 4614 492 4676 quarum
515 4603 673 4676 ntmmque
697 4597 726 4658 in
750 4597 878 4660 diversis
902 4595 993 4659 etiarn
1016 4597 1073 4660 hoc
1097 4599 1200 4670 anno,‘
1223 4595 1278 4656 sed
1305 4592 1388 4654 nulla
1410 4595 1499 4673 plane
1523 4611 1578 4654 ne-

226 4683 378 4759 cessitate,
402 4683 465 4746 lieri
488 4691 601 4764 potest.
