3586 5518
316 283 377 349 128
820 284 932 350 Myroni
951 285 1149 352 cosmographiae
1167 251 1170 268 ι

283 473 284 482 ¹
313 443 455 508 cundaria
477 450 602 524 quatuor
623 449 676 506 aut
698 443 825 524 quinque
852 445 951 525 planis
979 445 1009 508 iu
1040 465 1129 508 nuum
1151 445 1279 509 solidum
1301 444 1484 508 adsciscunt.
1531 444 1567 521 l)
1590 446 1662 509 Pri-

312 533 407 596 maria
438 531 546 594 nemini
578 550 662 594 sunm
690 532 801 594 debent
828 534 970 614 originem
999 542 1030 596 et
1057 534 1279 616 proprietates:
1313 535 1489 598 secundaria
1518 536 1663 616 pleraque

312 642 349 686 ex
371 619 539 702 primariis,
574 621 656 683 lacta
685 622 933 698 commutatione,
967 624 1079 703 adepta
1106 623 1194 698 suno;
1226 632 1259 686 et
1287 625 1373 704 quasi
1403 625 1507 705 genita
1530 644 1568 686 ex
1591 625 1662 687 illie.

312 711 347 785 5)
376 710 521 773 Primaria
544 728 601 771 nou
625 705 744 774 moveri
763 709 905 773 concinne
932 721 1078 792 possunt,
1111 713 1168 776 nisi
1202 722 1272 775 acta
1301 713 1447 776 diametro
1479 733 1534 794 per
1557 721 1665 776 centra

312 801 397 864 unius
411 798 680 879 autoppositornm
693 800 866 880 planomm:
892 801 1069 864 secundaria
1091 820 1163 864 vero
1187 810 1257 864 acta
1280 820 1334 882 per
1356 802 1511 884 oppositos
1535 803 1664 882 angulos

311 892 468 952 diametro.
506 885 540 962 6)
564 888 772 951 primariorum
796 898 845 952 est
866 890 1016 970 proprium
1039 896 1140 953 stare:
1165 893 1406 955 secundariorum
1420 892 1560 972 pendere.
1590 890 1664 953 Sive

310 979 388 1042 enim
410 979 485 1040 haec
508 977 537 1038 in
560 979 648 1040 basin
671 979 848 1058 provolvas,
883 979 945 1042 sive
974 981 1027 1043 illa
1050 981 1079 1042 in
1103 981 1244 1060 angulum
1268 979 1386 1062 erigas,
1418 982 1500 1043 visus
1523 980 1664 1060 utrinque

311 1068 533 1132 deformitatem
558 1075 698 1147 aspectus
721 1067 859 1148 refugiet.
907 1065 942 1144 7)
972 1069 1061 1132 Adde
1086 1061 1230 1150 denique'‚
1262 1071 1340 1152 quod
1363 1070 1506 1150 primaria
1527 1071 1664 1150 perfecto

311 1176 432 1220 numero
456 1157 516 1219 tria
538 1166 628 1219 sunt:
661 1157 837 1220 secundaria
869 1159 1045 1238 imperfecto
1077 1159 1153 1232 duo,
1187 1160 1323 1241 quodque
1351 1159 1405 1222 illa
1433 1179 1537 1221 omnes
1560 1159 1664 1238 anguli

312 1249 427 1329 species
451 1246 573 1321 habeut,
598 1247 690 1308 cubus
713 1256 834 1322 rectum,
858 1247 989 1329 pyramis
1008 1257 1137 1321 acutum,
1162 1249 1381 1310 dodecaedrnm
1404 1249 1562 1310 obtusum:
1588 1247 1665 1309 haec

311 1355 381 1400 vero
406 1335 493 1397 ambo
516 1335 546 1397 iu
571 1335 671 1397 obtusi
694 1336 784 1398 solius
807 1331 916 1416 'genere
940 1345 1108 1400 vereantur.
1154 1337 1197 1400 Et
1224 1337 1358 1400 octaedri
1387 1338 1506 1418 quidem
1534 1337 1665 1417 angulus

309 1445 364 1508 per
387 1443 489 1486 omnes
514 1431 576 1486 tres
600 1425 716 1504 species
739 1433 875 1504 vagatur,
900 1425 930 1487 in
949 1427 1090 1506 junctura
1113 1427 1241 1489 laterum
1263 1427 1398 1500 obtusus,
1422 1427 1501 1488 inter
1523 1425 1667 1496 coeuntia

310 1517 367 1578 duo
392 1515 489 1576 latera
511 1532 549 1575 ex
572 1514 710 1594 opposito
734 1523 846 1588 rectus,
870 1507 934 1594 ipse
958 1534 1028 1576 vero
1054 1516 1167 1578 solidus
1192 1524 1308 1578 acutus.
1347 1514 1423 1577 Cum
1446 1514 1540 1595 igitur
1563 1514 1664 1577 mani-

312 1607 421 1666 festum
445 1611 528 1666 esset
550 1602 708 1665 discrimen
731 1604 808 1666 inter
831 1616 970 1684 corpora,
1001 1606 1224 1667 convenientius
1249 1605 1310 1666 lieri
1335 1605 1407 1666 nihil
1429 1605 1543 1684 potuit,
1574 1623 1689 1685 quam·

311 1703 344 1756 ut
358 1693 461 1756 Tellus
476 1700 590 1767 nostra,
614 1693 708 1756 totius
732 1693 831 1754 mundi
855 1711 971 1756 summa
993 1700 1026 1755 et
1044 1694 1248 1774 compendium
1272 1703 1361 1776 atque
1385 1695 1461 1756 adeo
1486 1692 1664 1775 dignissima

189 1789 193 1800 '
312 1783 466 1846 stellamm
490 1781 649 1857 mobilium,
675 1781 746 1844 orbe
770 1801 821 1844 suo
845 1781 922 1847 inter
937 1783 1034 1844 dictos
1049 1783 1168 1846 ordines
1184 1783 1388 1864 distingueret,
1415 1783 1573 1864 locumque
1598 1801 1663 1843 eum
1748 1801 1753 1818 ·

311 1871 480 1946 sortiretur,
506 1889 592 1951 quem
616 1871 673 1952 ipsi
696 1872 830 1952 superius
854 1871 1054 1936 attribuimus.

892 2107 1077 2121 Ἠ

878 2278 997 2378 Caput
1024 2277 1085 2352 IV.

437 2440 547 2518 Quare
568 2439 634 2503 trio
657 2457 789 2522 corporo
814 2437 947 2500 Terram
969 2439 1123 2510 andiunt,
1146 2439 1209 2502 duo
1231 2437 1358 2522 reliqua
1379 2439 1540 2502 induant?

399 2583 510 2645 Patere
534 2600 627 2659 nnnc,
651 2582 746 2644 lector
769 2581 958 2661 aequauisse,
984 2588 1017 2643 ut
1042 2581 1140 2642 ludam
1164 2581 1380 2663 aliquantisper
1402 2581 1430 2643 in
1454 2601 1487 2642 re
1511 2582 1608 2656 seria,
1633 2589 1665 2641 et

261 2691 264 2704 ·
312 2673 443 2735 nonnihil
466 2670 618 2752 allegoriis
642 2670 822 2750 indulgeam.
867 2669 988 2731 Etenim
1016 2670 1154 2732 existimo
1185 2690 1223 2733 ex
1250 2690 1349 2734 amore
1372 2671 1429 2732 Dei
1459 2669 1665 2732 inhominem

312 2781 421 2825 causas
449 2781 545 2824 rerum
574 2762 603 2823 iu
632 2761 740 2823 mundo
769 2759 910 2839 plurimas
942 2759 1046 2820 deduci
1074 2778 1174 2839 posse.
1222 2759 1313 2822 Certe
1337 2759 1472 2842 equidem
1496 2779 1584 2821 nemo
1607 2778 1663 2820 ne-

310 2852 408 2934 gabit,
437 2851 465 2912 in
495 2850 645 2914 domicilio
673 2849 774 2912 mundi
802 2848 970 2910 exornando
993 2848 1090 2910 Deum
1114 2849 1152 2909 ad
1181 2849 1308 2911 incolam
1338 2852 1467 2912 futurum
1497 2848 1663 2910 identidem

310 2940 491 3020 respexisse.
537 2939 622 3002 Finis
646 2939 723 3001 enirn
747 2946 779 3000 et
805 2938 904 3000 mnndi
931 2945 961 2999 et
988 2937 1085 2998 omnis
1113 2939 1273 3001 creationis
1303 2939 1403 3000 lronro
1432 2947 1490 3000 est.
1536 2937 1662 3000 Terram

310 3030 414 3111 igitur,
440 3049 516 3111 qnae
539 3029 698 3110 genuinam
723 3026 876 3091 Creatoris
899 3027 1059 3105 imaginem
1082 3027 1190 3090 datura
1213 3037 1245 3090 et
1267 3029 1377 3090 alitura
1399 3036 1495 3102 esset,
1520 3027 1662 3088 existimo

310 3119 472 3199 dignama
490 3118 556 3180 Deo
579 3118 735 3192 censitam,
759 3136 834 3196 quae
858 3115 1029 3178 circumiret
1050 3115 1128 3179 inter
1149 3117 1264 3180 medios
1287 3118 1425 3198 planetas
1450 3117 1503 3192 sic,
1527 3125 1563 3178 ut
1587 3117 1663 3177 toti-

310 3207 379 3270 dem
401 3207 455 3269 illa
477 3207 603 3269 haberet
626 3206 707 3268 intra
729 3205 809 3266 orbis
833 3205 879 3266 sui
902 3205 1096 3284 complexum,
1121 3214 1193 3286 quot
1216 3214 1303 3269 extra
1325 3205 1465 3270 habitura
1489 3213 1583 3268 esset.
1620 3205 1663 3267 Ut

311 3297 365 3358 hoc
388 3295 472 3356 Deus
496 3295 662 3369 obtineret,
695 3293 796 3357 Solem
819 3293 941 3374 reliquis
966 3292 1092 3375 quinque
1116 3295 1214 3357 stellis
1245 3297 1412 3370 accensuit,
1445 3293 1584 3375 quamvis
1613 3293 1662 3356 ille

310 3393 376 3447 toto
399 3403 508 3465 genere
532 3383 726 3464 discreparet.
759 3384 852 3464 quue
876 3401 911 3444 eo
934 3383 1030 3463 magis
1050 3401 1211 3446 consonum
1226 3385 1352 3460 videtur,
1378 3385 1455 3465 quod
1479 3402 1547 3444 cnm
1571 3402 1663 3463 snpra

310 3473 363 3536 Sol
386 3473 445 3535 Dei
466 3474 563 3553 patris
587 3473 684 3553 imago
714 3473 821 3548 luerit,
854 3472 994 3535 credibile
1028 3479 1093 3548 est,
1127 3473 1184 3535 hac
1213 3473 1415 3536 associatione
1443 3491 1510 3534 cum
1540 3473 1662 3554 reliquis

309 3562 408 3625 stellis
431 3569 608 3644 argumenta
630 3569 755 3624 venturo
779 3560 883 3623 colono
905 3562 1049 3641 praebere
1073 3562 1212 3624 debuisse
1236 3566 1459 3645 φιλαιθρωιιιας
1487 3569 1519 3624 et
1545 3561 1662 3640 cirdum-

310 3657 489 3727 ποπαθειας,
515 3670 602 3733 quarn
624 3651 708 3713 Deus
732 3658 926 3731 usurpaturus
950 3661 1016 3713 erat
1040 3669 1114 3729 erga
1131 3650 1274 3728 homines,
1300 3654 1337 3714 ad
1357 3649 1553 3714 domesticam
1572 3651 1662 3713 fami-

311 3741 474 3803 liaritatem
498 3759 591 3822 usque
614 3759 681 3802 sese
706 3739 877 3802 demittens.
923 3741 1001 3802 Nam
1033 3740 1062 3800 in
1091 3742 1186 3802 veteri
1209 3742 1403 3804 Testamento
1434 3741 1609 3820 frequenter
1635 3742 1662 3802 in

311 3849 463 3892 nnmerum
488 3830 637 3893 hominurn
664 3829 762 3903 venit,
791 3838 823 3891 et
845 3829 1012 3891 Abrahami
1036 3830 1147 3892 amicus
1176 3831 1279 3893 audire
1308 3831 1416 3904 voluit,
1444 3829 1535 3891 sicuti
1560 3829 1662 3892 Solem

311 3919 447 3981 videmus
471 3919 500 3981 in
523 3938 676 3982 nnmerum
699 3917 850 3982 mobilium
873 3918 985 3981 venire.
1028 3915 1104 3980 Cum
1127 3927 1228 3981 antem
1251 3918 1306 3984 Sol
1330 3941 1349 3981 a
1371 3920 1465 3985 Terra
1487 3917 1660 3993 ambiretm,

312 4007 431 4090 positis,
456 4027 533 4090 qnae
556 4007 745 4084 dictasunt,
770 4007 940 4071 necessario
964 4007 1015 4069 ille
1039 4008 1112 4069 ordo
1135 4027 1290 4089 corpomm
1314 4009 1394 4070 iutra
1417 4008 1541 4070 Terram
1564 4007 1662 4070 inclu-

310 4097 425 4160 dendus
448 4097 518 4174 fnit,
548 4097 597 4179 qui
620 4099 677 4160 duo
693 4097 811 4172 ,saltem
838 4097 1065 4177 complectitur:
1099 4115 1204 4177 nempe
1228 4106 1261 4160 ut
1283 4098 1407 4161 mobilia
1429 4097 1487 4159 duo
1512 4115 1581 4158 cum
1604 4096 1661 4159 im-

310 4187 411 4249 mobili
435 4185 506 4249 Sole
530 4187 654 4249 eundem
683 4189 833 4250 efficerent
859 4201 1010 4249 nnmerum
1037 4187 1218 4262 ternarium,
1254 4187 1302 4268 qui
1331 4195 1378 4251 eet
1404 4186 1435 4248 iu
1463 4185 1597 4249 exclusis
1624 4185 1661 4248 ab

310 4276 380 4338 orbe
404 4275 524 4338 Terrae.
571 4273 622 4337 Sic
653 4277 761 4356 igitur,
794 4277 882 4338 Luna
911 4275 1090 4356 praesertim
1113 4277 1238 4339 Terram
1268 4277 1445 4352 ambeunte‚
1479 4275 1661 4338 domicilium

186 4401 191 4410 .
309 4372 442 4428 nostrum
465 4364 593 4446 optimus
618 4364 745 4428 Creator
767 4365 798 4426 in
825 4365 923 4427 medio
951 4372 1067 4445 septem
1093 4365 1283 4445 planetamm
1314 4365 1483 4429 collocavit.
1530 4365 1613 4428 Nam
1631 4362 1661 4426 si

309 4455 399 4519 trium
419 4453 598 4535 reliquorum
620 4454 691 4516 ordo
722 4453 760 4516 ad
784 4452 885 4518 Solem
916 4454 1115 4530 accessisset,
1150 4455 1279 4518 luissent
1310 4454 1402 4536 igitur
1430 4454 1512 4516 intra
1535 4455 1659 4517 Terram

309 4564 375 4608 curn
398 4542 470 4607 Sole
493 4555 621 4624 quatuor
647 4543 774 4618 stellae,
809 4543 886 4606 duae
913 4561 983 4605 vero
1011 4550 1131 4605 tantum
1160 4551 1258 4606 extra.
1305 4541 1391 4616 Quae
1415 4543 1529 4606 numeri
1553 4541 1657 4617 ἀταξια

309 4653 376 4696 cnm
397 4634 512 4696 ratione
540 4639 663 4707 careat,
694 4632 808 4694 omissa
835 4639 884 4695 est
906 4651 925 4694 a
948 4627 1103 4696 Creatore.
1151 4630 1226 4695 Cum
1249 4633 1323 4696 item
1346 4634 1499 4713 cputinere
1522 4633 1566 4694 sit
1588 4651 1656 4714 per-

310 4723 453 4799 fectioris,
471 4723 610 4794 utactio,
630 4721 774 4784 contineri
793 4729 827 4783 ut
846 4721 948 4802 passio
971 4721 1208 4801 imperfectioris,
1232 4722 1376 4803 primaria
1389 4740 1460 4784 vero
1477 4721 1656 4802 perfectiora

309 4811 370 4878 sint
392 4811 509 4891 ceteris,
533 4811 681 4890 convenit
704 4819 739 4874 nt
760 4810 851 4876 trium
869 4811 941 4874 ordo
955 4812 1122 4876 contineret
1137 4812 1270 4892 Terram,
1295 4813 1411 4893 reliqua
1433 4811 1655 4875 continerentur
