3542 5528
361 284 381 348 2
953 287 1113 338 Prooemium.

361 446 408 518 iis,
432 463 506 526 qnae
529 443 559 508 in
582 464 637 507 nso
660 452 738 521 sont,
763 447 891 522 auxiliis,
915 465 993 508 nova
1013 456 1102 527 paret
1116 465 1208 522 arma,
1233 446 1337 526 quibos
1360 464 1394 508 se
1417 444 1552 509 omnibus
1575 443 1690 525 impedi·
1740 487 1741 500 t

360 551 469 613 mentis
493 552 673 632 superiorem
696 551 758 614 fore
778 561 890 632 sperat.
929 551 1019 624 Quod
1033 554 1111 616 idem
1126 552 1255 634 Keplero
1269 553 1402 616 videmus
1417 553 1563 615 evenisse.
1600 551 1692 623 Videt,

360 665 542 740 quantopere
564 665 700 739 praestet
724 657 1028 740 Oopcrnicanarratio
1052 659 1263 736 Ptolemaicae,
1287 680 1345 723 non
1369 660 1501 740 ignorat,
1526 677 1613 740 qoam
1635 659 1691 718 loe-

359 757 456 827 cunda
479 784 607 827 errorum
631 772 727 827 mater
751 765 791 828 sit
815 767 988 846 astrologia.
1026 767 1071 828 At
1092 765 1172 829 illinc
1188 763 1424 846 Copemicanam
1442 765 1587 828 rationem
1605 765 1689 826 desti-

359 879 455 932 tutam
478 871 561 932 videt
582 871 674 933 certis
698 874 889 952 argumentis,
914 873 982 948 hinc
1006 872 1201 953 astrologiam
1220 874 1347 935 omnium
1366 878 1501 934 aetatum
1520 871 1689 934 auctoritate

358 976 487 1039 delendi.
525 974 607 1047 Quid
630 975 741 1057 igitur?
765 979 863 1055 cedet,
887 980 986 1057 credo,
1011 979 1056 1044 vir
1079 998 1208 1042 summus
1226 987 1391 1060 tempomm
1413 997 1569 1059 rerumque
1591 978 1688 1058 iniqui·

357 1083 438 1146 tati?
483 1085 638 1145 imovero
663 1084 806 1148 fortitudo
831 1085 921 1148 animi
942 1104 1001 1147 non
1029 1084 1146 1165 defugit
1172 1093 1339 1160 certamen,
1359 1085 1523 1164 sagacitas
1551 1083 1690 1146 ministrat

357 1209 454 1266 arma,
484 1190 636 1254 indelessa
658 1190 806 1254 industria
828 1194 960 1273 miraque
984 1191 1155 1256 constantia
1178 1191 1216 1253 ad
1239 1210 1319 1267 cum,
1344 1209 1431 1274 qoem
1454 1191 1584 1272 quaerit,
1613 1191 1690 1252 finem

356 1297 530 1376 perducunt.
556 1329 597 1339 -
621 1297 928 1381 AtKeplemsnnm
951 1318 1079 1362 revera
1105 1300 1207 1372 duem,
1238 1315 1323 1378 qoem
1351 1297 1511 1377 quaesivit,
1543 1303 1689 1359 assecutus

356 1405 426 1466 est?
471 1404 649 1467 Mundomm
671 1404 826 1468 harmonia
848 1406 1052 1488 praesagienti
1075 1405 1156 1469 illins
1179 1405 1274 1468 animo
1299 1403 1530 1478 obversabator3
1556 1403 1594 1465 ad
1615 1403 1689 1465 illam

355 1511 594 1590 cognoscendam
618 1511 718 1573 divino
742 1512 869 1594 quodam
893 1513 1004 1594 impeto
1028 1510 1183 1592 abreptos,
1215 1528 1382 1590 quanquam
1405 1509 1540 1570 omnibns
1564 1509 1688 1572 fortunae

355 1617 424 1678 telis
447 1617 570 1698 petitos,
595 1621 682 1681 stetit
705 1619 882 1699 impavidus,
907 1637 1103 1701 aerumnaque
1128 1627 1160 1680 et
1182 1615 1366 1696 aegritudine
1391 1615 1447 1678 init
1469 1616 1611 1695 superior.
1653 1613 1690 1675 Et

354 1722 466 1785 abillo
491 1723 622 1805 quidem,
651 1726 729 1806 quod
753 1726 933 1806 quaerebat,
962 1725 1081 1806 penitus
1110 1723 1317 1805 cognoscendo
1346 1742 1433 1802 qoam
1457 1741 1549 1804 prope
1572 1723 1687 1787 affuerit

354 1833 505 1892 testantur
528 1839 590 1893 tres
614 1831 685 1893 illae
709 1833 747 1894 ab
770 1851 805 1893 eo
828 1832 968 1894 inventae
989 1832 1072 1911 leges
1090 1831 1284 1905 immortales,
1310 1829 1424 1910 quibos,
1448 1837 1483 1893 ot
1497 1829 1687 1900 fondamento,

353 1953 429 2016 qnae
452 1945 574 1999 nostrae
597 1926 708 2000 aetatis
737 1947 798 2012 ost,
827 1939 953 2018 physica
975 1947 1007 2001 et
1029 1937 1213 2000 astronomia
1236 1942 1441 2016 superstructa
1463 1945 1520 1998 est.
1548 1967 1587 1978 ·-
1611 1935 1686 1997 Pro-

352 2042 496 2105 dromns
515 2041 643 2124 quidem,
670 2044 740 2106 licet
758 2044 825 2106 illas
841 2045 925 2124 leges
944 2063 1002 2106 non
1015 2045 1138 2120 referat,
1162 2053 1273 2116 tamen,
1295 2043 1364 2122 quid
1378 2043 1455 2105 hunc
1472 2043 1687 2122 ,prodromnm“

352 2157 522 2211 secutorum
545 2157 637 2224 esset,
661 2150 824 2230 Keplernm
846 2137 944 2214 adimo
964 2152 1029 2232 jam
1053 2159 1114 2212 tom
1137 2159 1329 2230 praeceptum
1347 2150 1497 2226 habuisse,
1522 2150 1610 2213 titulo
1632 2148 1688 2230 ipso

352 2255 476 2318 iudicat.
522 2257 591 2338 Ipse
615 2240 716 2320 autem
739 2257 795 2318 hac
819 2258 856 2320 de
879 2278 911 2322 re
936 2259 1009 2321 dicit
1031 2259 1061 2320 iu
1084 2267 1156 2320 nota
1179 2258 1218 2318 ad
1242 2257 1360 2320 titolum
1388 2256 1472 2328 libri,
1501 2255 1622 2320 editioni
1643 2275 1688 2316 se·

351 2361 466 2425 condas
480 2363 632 2442 praelixa:
659 2362 844 2445 „Postquam
854 2365 898 2426 ad
912 2363 1119 2448 philosophiae
1133 2362 1262 2425 stodiom
1276 2363 1400 2437 accessi,
1416 2381 1494 2424 anuo
1509 2360 1618 2424 astatis
1635 2356 1687 2434 18.,

351 2487 380 2529 a.
397 2464 452 2531 Ch.
471 2465 566 2545 1589,
590 2470 790 2532 versabantur
812 2470 842 2532 in
861 2469 996 2532 manibus
1010 2471 1178 2551 juventutis
1197 2469 1429 2533 exercitationes
1448 2468 1615 2532 exotericas
1632 2464 1687 2527 Jol.

352 2572 441 2639 Gaea.
457 2571 622 2657 Scaligeri:
647 2577 732 2657 cnjus
756 2595 812 2658 ego
835 2575 903 2638 libri
926 2574 1083 2638 occasione
1107 2575 1196 2654 coopi-
1215 2573 1383 2638 successive
1407 2574 1492 2636 varia
1515 2569 1686 2636 comminisci

351 2683 389 2745 de
411 2683 504 2746 variis
527 2683 762 2763 quaestionibus,
787 2692 820 2746 ot
843 2681 880 2744 de
903 2682 997 2755 coelo,
1022 2682 1060 2744 de
1077 2665 1199 2756 animis,
1225 2681 1261 2742 de
1285 2681 1388 2762 geniis,
1414 2681 1451 2743 de
1471 2681 1632 2754 elementis,
1655 2678 1687 2738 de

351 2788 429 2869 ignis
448 2797 565 2865 natura,
591 2790 627 2852 dc
652 2790 778 2853 fontium
801 2789 925 2871 origine,
950 2790 986 2851 de
1005 2789 1085 2850 fluxu
1109 2795 1140 2850 et
1161 2789 1275 2850 refluxu
1297 2789 1398 2864 maris,
1422 2789 1459 2850 de
1482 2789 1576 2870 figora
1598 2785 1687 2849 conti-

350 2895 482 2960 nentium
510 2905 657 2960 terramm
687 2897 955 2976 interfusommqoe
978 2895 1103 2958 marium
1127 2903 1159 2959 et
1180 2894 1298 2958 similia.
1340 2894 1453 2958 Verum
1477 2913 1542 2958 com
1566 2891 1686 2955 inventio

350 3003 411 3066 ista
433 3003 635 3087 proportionis
658 3002 774 3067 orbium
797 3002 971 3066 coelestium
994 3003 1065 3066 mihi
1088 3003 1239 3064 videretur
1260 3001 1379 3073 eximia,
1404 3021 1462 3064 non
1482 2999 1687 3082 expectandum

348 3109 420 3171 mihi
443 3123 509 3172 snm
531 3117 630 3184 ratus,
655 3109 748 3171 donoc
773 3127 875 3171 omnes
898 3117 1024 3171 naturae
1046 3115 1149 3188 partos
1172 3127 1368 3189 pervagarer,
1391 3127 1445 3170 nec
1468 3109 1524 3172 hoc
1546 3109 1687 3170 inventum

348 3214 445 3279 obiter
468 3215 683 3295 evulgandum,
708 3215 876 3294 conjectum
900 3215 929 3276 in
953 3215 1099 3277 cumulum
1118 3215 1324 3297 quaestionum
1348 3224 1522 3293 ceteramm,
1547 3217 1604 3278 levi
1617 3233 1686 3294 qoa-

350 3323 420 3384 dam
442 3321 657 3403 probabilitate
681 3321 838 3382 utentium.
886 3319 965 3392 Quin
988 3322 1087 3401 potins
1111 3321 1149 3384 ab
1171 3323 1259 3402 hujus
1286 3323 1401 3385 inventi
1430 3322 1558 3385 editione
1580 3321 1687 3385 initium

351 3429 595 3490 dissertationum
626 3446 758 3490 mearum
789 3428 888 3490 iacere
918 3427 1051 3508 placuit:
1085 3446 1233 3508 aosnsqoc
1263 3423 1328 3490 'som
1355 3429 1384 3492 in
1412 3429 1547 3492 omnibus
1574 3426 1687 3508 reliquis

349 3535 576 3616 quaestionibus
601 3534 728 3596 similem
750 3552 871 3614 sperare
895 3552 1083 3596 successum:
1108 3535 1173 3618 sed
1186 3535 1308 3610 frustra,
1332 3537 1447 3598 coelom
1470 3536 1558 3612 enim,
1581 3533 1687 3618 princi-

349 3641 430 3723 pium
448 3659 572 3722 operum
588 3641 657 3711 Dei,
680 3642 768 3723 longe
787 3641 1038 3722 praestantiorem
1062 3649 1198 3702 ornatum
1220 3640 1320 3717 habet,
1345 3660 1432 3722 qoam
1448 3642 1563 3723 reliqna
1581 3641 1687 3703 minuta

350 3755 381 3808 et
394 3747 476 3810 vilia.
510 3749 616 3830 ltaque
636 3749 847 3828 prodromos
866 3747 984 3829 quidem
999 3748 1136 3828 egregins
1151 3748 1226 3809 soit:
1252 3747 1455 3828 epidromos
1474 3765 1555 3823 voro,
1579 3747 1687 3828 qualem

350 3871 406 3934 ego
430 3861 744 3936 toncproposoeram,
767 3855 867 3917 nullus
890 3861 938 3916 est
956 3862 1092 3916 secutus:
1118 3855 1186 3934 qoia
1209 3853 1238 3914 iu
1258 3853 1379 3934 reliquis
1398 3855 1617 3933 quaestionibus
1635 3871 1686 3913 ns-

349 3977 498 4041 quaquam
525 3959 597 4023 mihi
624 3979 718 4042 aeque
747 3957 980 4023 satisfaciebam.
1027 3958 1137 4021 Lector
1164 3966 1264 4022 tamen
1293 3977 1384 4039 opera
1405 3979 1473 4022 moa
1495 3959 1687 4023 astronomica

348 4074 379 4129 et
408 4065 542 4148 inprimis
570 4064 662 4130 libros
686 4067 946 4141 Harmonicorum,
977 4085 1031 4146 pro
1054 4065 1180 4147 genuino
1208 4074 1240 4129 et
1266 4066 1384 4148 proprio
1408 4069 1562 4147 epidromo
1583 4045 1685 4130 habere

347 4174 461 4255 poterit
484 4163 572 4255 hu'jus
595 4175 706 4250 libelli;
730 4175 799 4256 quia
822 4175 927 4236 eadem
950 4173 1085 4254 utrinqne
1108 4174 1159 4236 via
1181 4173 1322 4236 curritur:
1346 4191 1480 4254 quaeque
1504 4182 1574 4238 tunc
1595 4173 1684 4254 impe·

348 4285 413 4348 dita
432 4285 508 4348 satis
532 4293 607 4360 erat,
632 4284 716 4346 iacta
737 4289 813 4344 nunc
836 4288 886 4343 est
907 4279 1074 4356 tritissima,
1095 4287 1127 4358 et
1142 4300 1218 4362 quae
1236 4287 1306 4354 tuuc
1321 4280 1420 4342 brevis
1437 4300 1495 4344 nec
1513 4282 1552 4344 ad
1571 4295 1684 4360 scopum

349 4391 534 4474 pertingens,
557 4392 612 4454 illa
635 4399 666 4452 et
689 4387 879 4451 continuator
902 4388 931 4448 io
945 4387 1144 4464 Harmonicis,
1168 4395 1199 4449 et
1221 4403 1322 4448 corms
1345 4386 1425 4448 circa
1447 4395 1560 4450 metam
1582 4385 1682 4467 agitur.

348 4499 432 4562 Talis
447 4498 504 4560 fuit
519 4497 703 4579 prodromos,
728 4493 882 4574 navigatio
900 4493 998 4576 prima
1010 4494 1143 4556 Americi
1158 4493 1310 4572 Vespucii,
1334 4492 1412 4555 tales
1436 4493 1579 4575 epidromi
1600 4491 1683 4554 navi-

348 4607 487 4687 gationes
510 4603 672 4667 hodiernae
696 4619 812 4664 annuae
835 4599 865 4661 iu
888 4599 1089 4662 Americamf‘

435 4711 482 4773 De
496 4711 584 4773 titulo
603 4707 802 4792 ,Mysteriom
817 4705 1119 4787 Cosmograpllicom“
1140 4708 1213 4770 haec
1227 4705 1331 4768 codem
1344 4705 1410 4769 loco
1426 4705 1531 4772 addit:
1557 4707 1683 4784 „Extant

348 4818 428 4899 apod
453 4817 620 4880 Germanos
643 4814 903 4896 cosmographiae,
934 4813 1083 4876 Moosteri
1110 4814 1305 4892 aliorumque,
1335 4812 1450 4876 ubido
1478 4821 1545 4878 toto
1572 4811 1681 4896 quidem
