3542 5528
235 319 238 326 .
276 237 319 306 24
438 303 443 322 ,
872 175 1034 294 neemiam.

276 417 336 468 epm
354 401 436 458 luerit,
453 416 497 468 pro
514 416 586 470 posse
605 417 702 454 omnem
720 401 895 453 obscuritatem
912 401 992 452 tollae
1023 401 1095 464 Quod
1113 401 1154 453 ubi
1172 403 1265 454 lactum
1277 401 1358 462 luerit,
1375 401 1509 452 confestim
1523 401 1647 464 torquere

275 473 360 526 licebit
377 474 479 539 prelum.
516 468 701 524 Velim‘autern
719 473 752 523 sd
769 489 813 524 nos
832 487 956 530 excurras,
971 479 1001 524 et
1018 475 1058 525 hio
1076 476 1159 524 omnia
1176 473 1301 538 expedias,
1319 474 1361 523 ubi
1380 479 1406 523 et
1423 472 1546 523 librorum
1568 471 1646 534 eopia

276 553 302 597 st
320 546 424 596 aliamm
441 561 522 596 rerum
540 548 619 608 major
637 547 814 609 opportunitas.
852 546 916 596 Vale
935 551 961 596 et
978 544 1048 596 Viro.

346 615 465 667 Perlectis
483 617 521 668 his
539 617 703 670 Haienreti'eri
722 624 747 666 et
763 615 890 669 Maestlini
908 617 1007 666 monitis
1019 617 1142 682 Keplerus
1161 615 1320 682 stuttgarfla.
1338 613 1380 666 uhi
1399 614 1482 666 adhuc
1503 627 1565 663 cnm
1584 625 1646 664 ma·

276 689 383 740 trimonii
402 689 503 739 ineundi
522 686 633 750 (uxorem
650 687 722 738 duxit
743 689 856 746 viduam,
880 687 1018 740 Barbaram
1035 687 1167 739 Milleram
1185 701 1202 738 a
1218 685 1348 746 iluhleck.
1374 687 1400 736 in
1420 685 1508 750 Scyria
1527 685 1599 733 bons
1618 689 1648 734 st

276 761 401 810 inmunem
418 761 591 825 possidentem.
622 759 797 826 stuttgartiae,
816 775 871 811 cum
889 759 1018 826 'tubingae
1037 760 1163 824 stipendiis
1181 773 1239 810 usus
1257 754 1586 822 iuen‘twnrttembergicis,
1606 761 1645 810 et.

272 831 408 902 *drusum
422 833 559 890 transiens,
577 831 811 898 Wiirttembergiam
828 833 935 897 patriam
953 833 1082 888 retineret,
1102 832 1284 882 concessionem
1302 831 1444 895 nuptiarum
1460 823 1568 894 petiit).
1588 831 1647 876 cum

276 903 330 954 libri
348 903 386 953 rui
405 903 503 960 edendi,
522 911 575 954 tum
596 903 710 964 „ardisti
727 903 854 970 argentei“
875 917 953 955 causa
970 904 1125 964 versabatur,
1144 903 1299 953 consentiens
1318 915 1374 952 curn
1392 901 1489 952 iliorum
1508 899 1648 950 sententia

277 975 410 1034 Maestiuc
428 975 541 1040 scripsit:

366 1131 504 1197 Salutem
528 1133 557 1198 iu
573 1131 706 1198 Christo.
745 1134 863 1197 Nudins
887 1133 989 1214 accepi
1012 1135 1117 1198 literas
1140 1135 1177 1198 D.
1193 1133 1232 1196 D.
1247 1131 1458 1206 Hafenrelieri,
1483 1129 1548 1194 uni.
1572 1150 1646 1194 cnm

276 1225 316 1286 H.
340 1223 423 1286 'lirae
447 1223 562 1303 judicic
586 1225 623 1288 de
646 1224 829 1305 corporibus.
876 1223 1042 1287 Brevitatis
1069 1224 1165 1312 igitur
1188 1242 1281 1286 causa
1308 1229 1427 1285 tantum
1455 1221 1494 1282 de
1525 1239 1646 1282 neces-

274 1311 366 1376 sariis
381 1331 480 1393 agam.
515 1311 676 1388 (Quamvis
691 1313 856 1394 gratiarum
871 1313 988 1376 actione
1008 1309 1051 1400 nil
1074 1313 1170 1393 magis
1190 1312 1231 1374 sit
1249 1311 1478 1384 necessarium.)
1513 1309 1645 1371 Pareho

277 1402 475 1466 libentissime
499 1403 536 1464 de
560 1403 782 1483 quibuscunque
805 1401 955 1466 monuisti.
993 1401 1131 1464 Formam
1154 1420 1225 1464 vero
1249 1417 1448 1481 eorumquae
1473 1398 1646 1473 adduntur,

277 1491 529 1568 aliam‘meditor,
553 1511 617 1567 nec,
642 1501 796 1572 usupare,
821 1491 875 1554 tibi
899 1491 1116 1574 displicentem.
1155 1489 1291 1554 Scribam
1315 1496 1403 1552 notas
1426 1489 1493 1550 sive
1518 1488 1649 1551 scholia

276 1581 313 1642 de
336 1577 412 1642 locis
436 1581 580 1643 obscuris.
628 1581 758 1644 Primum
782 1581 883 1662 itaque
907 1581 933 1642 si
957 1582 1070 1643 notasti
1094 1580 1270 1660 corrigenda
1293 1578 1442 1660 quaedam
1469 1580 1559 1654 loca,
1592 1581 1647 1642 vel

276 1669 413 1733 tollenda
435 1671 483 1731 vel
507 1671 666 1744 mutanda,
690 1672 739 1732 vel
762 1669 806 1730 ita
820 1665 970 1745 obscura,
994 1679 1029 1731 nt
1049 1688 1110 1731 una
1130 1687 1190 1732 vox
1214 1668 1333 1742 addita,
1357 1669 1476 1746 demta,
1499 1675 1646 1746 mutata,

275 1759 473 1840 transposita,
498 1760 629 1840 explicet
652 1759 819 1835 dilucidius,
846 1781 883 1822 ea
898 1759 996 1822 omnia
1014 1759 1160 1840 corrigam
1180 1760 1215 1822 de
1235 1765 1289 1822 tua
1311 1759 1476 1844 sententia.
1517 1759 1647 1822 Deinde

276 1849 429 1912 crebriora
451 1848 579 1912 obscura
603 1849 678 1924 loca,
704 1868 779 1929 quse
803 1845 1003 1929 explicatione
1027 1857 1118 1928 egent
1142 1852 1175 1920 (a
1197 1855 1227 1910 te
1250 1855 1359 1910 notata
1376 1847 1403 1909 si
1422 1846 1562 1922 videar'n)
1589 1869 1647 1912 re-

277 1939 372 2000 feram
390 1938 425 2000 iu
449 1945 546 2000 notas.
585 1937 687 2000 Tertio
711 1939 748 1999 de
771 1938 989 2018 hypothesibus
1004 1935 1162 2016 Gopernici
1185 1955 1307 2016 possum
1331 1938 1380 1998 vel
1403 1937 1499 2018 ipsius
1515 1937 1647 2024 Cuper-

275 2025 335 2090 nici
358 2027 407 2090 vel
431 2026 553 2090 Rbetici
577 2027 670 2089 verba
698 2047 757 2089 una
783 2045 849 2089 cum
872 2027 1023 2088 luculento
1046 2027 1199 2088 schemate
1222 2025 1302 2112 uotis
1326 2026 1486 2090 inserere.'
1516 2025 1648 2098 Quarto

276 2117 313 2178 de
336 2116 454 2179 ratione
474 2112 647 2179 numerandi
673 2115 834 2178 distantias
857 2114 1080 2196 Cepernioanas
1103 2114 1175 2178 nihil
1200 2135 1255 2196 ego
1278 2115 1444 2197 perfectius
1469 2115 1649 2198 adjungere

275 2224 407 2284 possum,
433 2223 522 2286 qnam
545 2213 614 2268 tuas
637 2205 774 2285 pagellas
798 2206 888 2284 (quae
907 2203 1027 2284 pridem
1050 2221 1135 2266 meae
1159 2207 1242 2276 suut)
1266 2203 1407 2285 apposito
1431 2211 1484 2269 tuo
1505 2207 1647 2269 nomine.
1718 2251 1721 2257 -

276 2293 389 2364 Quinto
414 2295 451 2356 de
474 2291 665 2360 numerandis
689 2293 923 2356 semidiametris
944 2293 1142 2374 ascripturum
1170 2293 1240 2369 ieci,
1271 2301 1306 2356 ut
1332 2293 1452 2367 vidisti,
1482 2296 1648 2374 peculiare

276 2391 377 2464 caput.
414 2381 449 2445 Si
471 2382 502 2445 id
526 2383 661 2470 nondum¹
679 2383 756 2446 satis
780 2390 838 2457 est,
862 2391 997 2463 repetam
1020 2383 1048 2444 in
1064 2381 1144 2445 notis
1159 2401 1223 2446 rem
1237 2381 1275 2444 ab
1290 2383 1425 2464 origine:
1449 2392 1648 2454 monstrans,

275 2491 335 2535 non
358 2473 445 2552 plura
469 2491 535 2536 esse
564 2491 690 2552 corpora
716 2491 825 2552 posse,
859 2492 948 2554 quam
975 2471 1113 2554 quinque.
1159 2471 1224 2533 Hoc
1252 2480 1342 2551 pacto
1372 2471 1524 2552 (perlecto
1555 2473 1647 2554 prius

276 2561 370 2624 semel
393 2582 413 2624 a
440 2581 487 2623 me
515 2565 673 2641 opusculo)
708 2561 913 2644 typographus
942 2580 1000 2623 non
1028 2559 1229 2639 impediretur.
1276 2561 1365 2624 Alias
1394 2561 1467 2624 mihi
1496 2563 1537 2625 de
1563 2582 1648 2626 novo

277 2651 505 2714 describendum
521 2661 605 2713 esset
618 2653 802 2732 opusculum.
837 2648 925 2733 Quod
949 2649 973 2710 ei
999 2657 1098 2711 autem
1122 2669 1182 2712 non
1200 2650 1300 2711 omnia
1315 2652 1387 2712 fient
1401 2651 1649 2730 perfectissima,

275 2741 330 2810 ita,
353 2747 387 2802 ut
410 2739 483 2802 nihil
507 2741 635 2820 amplius
659 2739 833 2802 desideres:
858 2746 1007 2802 memento
1020 2739 1148 2818 primum
1170 2737 1247 2800 hunc
1271 2759 1339 2801 esse
1363 2739 1512 2814 laborem,
1538 2741 1587 2804 ita
1613 2751 1649 2804 nt

276 2829 333 2892 sim
356 2848 469 2910 aequos
492 2828 649 2894 habiturus
672 2829 817 2904 lectores,
852 2836 884 2890 et
911 2828 1032 2891 nimium
1056 2827 1198 2908 temporis
1221 2827 1397 2908 requisitum
1419 2829 1473 2903 iri,
1507 2849 1648 2912 eousque

274 2919 343 2984 dnm
366 2919 420 2981 liat
442 2917 691 2998 perfectissimus.
737 2918 830 2981 Hisce
852 2919 921 2980 vale
943 2925 1121 2997 praeceptor
1144 2916 1330 2980 charissime.

366 3023 403 3090 li
430 3023 504 3102 (21)
527 3025 609 3088 Junii
633 3021 685 3090 96.
712 3022 935 3105 Stuttgardiae.
971 3033 974 3042 ’
1129 3021 1188 3086 Ἠ.
1213 3024 1248 3087 Τ.
1268 3039 1271 3046 ·
1295 3021 1335 3088 G:
1360 3022 1399 3086 D.

1329 3123 1376 3186 Μ.
1401 3123 1435 3187 J.
1459 3117 1600 3207 Kepler.

345 3319 441 3370 Eadem
465 3315 587 3384 Keplerns
615 3313 843 3365 Daienreilsrc
869 3313 1038 3378 perscripsisse
1061 3314 1174 3374 ridetur,
1201 3331 1256 3368 oum
1284 3315 1324 3368 his
1346 3317 1539 3371 Hslenrsffsrus
1566 3321 1649 3372 litem

273 3391 345 3460 quasi
362 3390 545 3454 responsionem
563 3385 690 3436 Maestlini
710 3385 742 3436 ad
758 3385 896 3450 praemissa
912 3385 938 3433 iu
956 3399 983 3434 se
999 3387 1148 3448 susceperit:

344 3461 394 3512 Per
406 3460 580 3524 occupationes
596 3463 663 3508 certe
681 3455 792 3519 pubicae
810 3456 904 3506 lactum
923 3460 969 3513 est,
988 3461 1016 3505 nt
1032 3454 1105 3507 hodie
1123 3473 1167 3522 per
1184 3461 1322 3525 magistros,
1342 3459 1383 3526 'qud
1402 3461 1572 3520 descendent,
1593 3479 1647 3514 non

274 3547 344 3586 meas
363 3533 497 3596 acceperis.
527 3528 576 3581 Sed
595 3543 738 3592 responsum
757 3527 790 3577 ad
807 3528 916 3590 proxime
934 3527 1069 3591 superiores
1085 3527 1133 3578 hoo
1145 3529 1244 3582 habeto.
1274 3531 1377 3584 (tollens
1400 3535 1537 3584 sententiis
1556 3535 1650 3600 placet

274 3606 395 3671 posterius
418 3609 489 3653 tuum
508 3599 647 3656 consilium,
674 3599 712 3647 lta
729 3603 829 3660 tamen,
856 3603 885 3648 ut
901 3612 944 3661 pro
963 3595 1061 3648 Rbetici
1079 3595 1220 3651 uarr'stioue
1233 3597 1321 3666 (quae
1340 3609 1367 3654 et
1389 3603 1508 3667 prolixior
1534 3613 1594 3663 set,
1622 3613 1650 3657 st

275 3677 398 3744 quaedam
417 3673 513 3726 abhoc
532 3677 575 3722 tuo
594 3669 721 3735 prodromo
740 3669 824 3719 aiens
840 3668 932 3740 habet,
951 3675 977 3719 et
994 3665 1019 3718 in
1038 3671 1183 3734 quibusdam
1201 3671 1296 3735 delicit)
1314 3675 1486 3726 brevissimam
1505 3679 1646 3742 erpoino.

275 3763 333 3800 nem
352 3753 378 3797 et
389 3745 570 3810 proportionem
583 3755 709 3804 corporum
723 3755 778 3791 cum
791 3740 917 3791 schemate
930 3740 1040 3805 generali
1051 3748 1106 3806 post
1116 3743 1296 3807 praelationem
1310 3746 1343 3796 ad
1355 3747 1476 3797 lectorem
1489 3748 1648 3800 interseras:

276 3832 340 3885 quse
358 3823 479 3883 tanquam
498 3813 573 3865 clads
592 3817 664 3863 erunt
682 3811 715 3861 ad
732 3811 878 3874 Mysterlum
895 3811 1028 3861 Prodrorni.
1065 3813 1244 3865 innotationes
1262 3831 1333 3880 porro
1351 3816 1418 3882 qnod
1443 3819 1555 3876 attinet.
1585 3821 1649 3872 nihii

276 3903 337 3954 opus
356 3893 403 3946 set,
421 3893 450 3937 ut
468 3891 547 3936 totum
566 3899 626 3947 opus
640 3882 670 3932 de
682 3891 744 3932 novo
758 3889 865 3941 retexas.
884 3883 994 3934 ordinem
1013 3889 1056 3934 aut
1074 3884 1256 3950 wentenum
1275 3889 1329 3951 slus
1346 3889 1432 3940 turbes
1448 3890 1490 3940 rel
1509 3893 1649 3942 immutes:

276 3975 357 4025 neque
374 3964 460 4008 tamen
477 3957 524 4006 hoc
543 3954 681 4004 consultum
699 3959 808 4017 putatur,
826 3961 854 4004 ut
872 3969 956 4006 omues
976 3957 1148 4006 annotationes
1166 3959 1191 4007 in
1209 3963 1359 4023 postremam
1378 3961 1547 4025 appendicem
1567 3969 1649 4030 atque

278 4031 311 4081 ad
327 4029 381 4081 libri
401 4027 496 4078 calcem
513 4027 629 4089 rejiciam
647 4025 690 4074 sed
709 4027 826 4088 optimum
842 4026 975 4088 judicatur,
994 4031 1023 4075 ut
1035 4027 1166 4092 relegendo
1184 4027 1280 4087 librum.
1300 4031 1364 4095 qnod
1377 4033 1511 4083 obscurum
1525 4041 1576 4092 est,
1596 4051 1649 4086 unc

216 4115 225 4128 ‘
278 4101 399 4160 etaltera
417 4099 490 4148 verbo
509 4096 599 4148 reddas
618 4095 754 4146 dilucidius.
782 4097 815 4146 Et
833 4097 853 4146 si
871 4097 929 4163 quid
947 4098 1079 4162 copiosiore
1098 4099 1260 4164 explicatione
1279 4115 1339 4166 opus
1357 4103 1482 4163 habuerit,
1502 4106 1543 4155 rel
1563 4109 1648 4158 tsxtm

275 4171 386 4228 lusam,
403 4169 443 4220 rel
462 4169 547 4219 statim
566 4167 599 4218 ad
617 4167 687 4216 istius
706 4169 793 4232 capitis
812 4167 886 4218 fine'rn
904 4169 1041 4232 subjicias:
1058 4170 1094 4220 sic
1112 4171 1177 4220 enim
1194 4172 1318 4234 perfectus
1337 4181 1364 4224 et
1382 4175 1415 4225 ad
1433 4175 1532 4240 prelum
1552 4179 1650 4243 politus

277 4241 417 4293 laborarit
455 4239 527 4290 Haec
546 4239 660 4295 breviter,
679 4237 741 4288 alias
760 4253 814 4290 cum
833 4241 972 4302 vacarent,
990 4238 1068 4304 plura.
1105 4239 1225 4292 Dominus
1244 4249 1343 4305 tecumr
1361 4245 1486 4310 hospitem
1507 4245 1648 4300 Saoterum

277 4317 436 4379 peramanter
454 4325 509 4360 meo
527 4309 626 4359 nomine
644 4309 734 4360 saluta.
771 4309 804 4360 D.
825 4307 866 4359 ll.
884 4307 944 4374 (24)
963 4311 1030 4361 iunii
1052 4309 1127 4362 1596.

351 4381 466 4433 (laterum
484 4381 507 4433 ei
524 4379 689 4430 Halenrefferi
714 4384 852 4432 sententiae
876 4399 926 4432 non
948 4383 1022 4446 plane
1048 4383 1242 4446 obtemperatum
1270 4393 1316 4436 est.
1355 4385 1424 4452 Opra
1442 4389 1580 4456 'l'ubinpse
1599 4393 1649 4444 im·

279 4455 350 4521 primi
368 4458 482 4518 coeptum
500 4457 546 4509 est,
566 4459 592 4502 et
612 4451 817 4503 Maestliuus
836 4455 859 4502 d.
883 4450 938 4518 stt„
961 4453 1023 4503 Nor.
1047 4450 1114 4502 1596
1133 4453 1197 4506 haec
1214 4455 1323 4520 Keplero
1341 4459 1454 4523 scripsit:
1483 4459 1555 4525 Opus
1574 4470 1649 4514 suum

279 4525 403 4583 succedit,
427 4536 574 4589 quamquam
593 4524 654 4572 satis
673 4523 756 4585 tarde,
780 4539 822 4588 pro
841 4523 1046 4590 typographomm
1064 4541 1138 4574 more.
1177 4525 1206 4576 Id
1224 4533 1252 4576 ut
1269 4528 1370 4587 rideas,
1394 4531 1466 4580 mitto
1485 4535 1649 4598 pagellarum

279 4611 424 4649 excusatum
438 4591 583 4656 exemplum.
615 4593 690 4658 Spero
703 4603 795 4658 autem,
812 4597 836 4646 id
855 4591 994 4661 propediem
1013 4596 1046 4646 ad
1063 4596 1137 4646 linem
1154 4597 1297 4660 perductum
1317 4601 1353 4649 in'.
1384 4601 1477 4652 'ictum
1496 4609 1524 4653 et
1544 4619 1648 4657 ornnem

279 4665 388 4718 laborem
406 4668 431 4715 iu
450 4679 490 4714 me
509 4665 598 4727 recepi,
617 4667 658 4730 qni
675 4668 783 4729 profecto
802 4666 931 4732 plurimum
945 4667 1037 4732 negotii
1056 4667 1113 4716 mihi
1132 4667 1240 4718 lacessit.
1272 4669 1420 4736 Figuramm
1439 4679 1466 4724 et
1484 4676 1648 4727 schemam

170 4783 172 4789 .
282 4737 415 4788 delineatio
433 4749 490 4800 pars
507 4736 610 4785 minima
627 4743 672 4790 est.
710 4737 814 4788 chucus
832 4737 1022 4804 typographicae
1042 4753 1087 4802 ego
1111 4733 1160 4802 qua¹
1184 4750 1282 4802 possum
1308 4741 1430 4793 fidelitate
1456 4750 1483 4794 et
1509 4745 1649 4812 diligentia

282 4809 383 4881 corrigo.
422 4805 570 4858 Tabularum
589 4813 672 4866 antem
690 4809 820 4882 descriptio
838 4810 898 4861 mihi
915 4810 987 4863 valde
1004 4809 1127 4864 laboriose
1144 4815 1197 4869 est,
1222 4811 1281 4884 quis
1303 4827 1353 4871 nou
1371 4815 1482 4888 scriptae
1499 4817 1606 4877 memus
1630 4833 1648 4874 a
