3718 5520
308 282 374 350 414
877 284 978 336 narso
996 283 1098 349 Keplerr

309 445 337 504 in
363 457 410 518 to,
441 450 510 503 eta
533 451 580 508 Q
605 441 633 503 in
652 445 687 517 ᾗ
709 441 857 521 oppositis
886 443 1052 506 rationibus
1082 444 1219 506 deiectus
1244 445 1293 506 vel
1317 463 1460 506 excessus
1483 461 1665 524 compensa-

308 540 366 606 tur,
392 541 424 592 ut
446 531 492 592 itu
514 541 678 592 evanescat
701 531 852 593 anomalia
874 531 904 592 in
928 537 976 608 ᾖ,
1003 546 1050 607 Θ,
1075 533 1105 594 in
1129 532 1174 609 Υ,
1200 543 1246 598 ss
1269 534 1313 594 sit
1336 533 1475 594 maxima

399 618 556 690 Quomodo
584 637 655 680 vero
684 619 759 681 haec
782 620 960 701 hypothesis
983 639 1050 682 cum
1073 620 1240 701 Ocpernico
1266 621 1451 695 concilietur,
1481 637 1541 682 non
1568 621 1666 682 solum

309 708 450 771 brevibus
473 708 573 770 verbis
598 708 741 788 explicari
765 709 868 788 nequit
883 709 977 789 (quod
1001 710 1030 770 in
1055 729 1121 771 meo
1148 710 1342 790 prognostico
1366 711 1459 784 dixi),
1490 709 1545 771 sed
1568 727 1667 790 neque

308 797 391 860 brevi
415 807 561 877 tempore.
608 795 739 877 Oportet
762 799 840 859 enirn
864 799 964 859 omnia
986 799 1079 878 probe
1103 808 1252 862 excutere.
1298 799 1380 862 Nam
1396 817 1491 879 neque
1506 799 1571 878 ipse
1596 798 1667 861 dnm

308 887 379 949 mibi
404 886 571 948 satisfacio.
617 886 722 948 Dicam
748 895 848 948 autem
872 887 1088 965 speculationis
1103 907 1188 950 meae
1212 888 1449 950 tundamentum.
1495 888 1531 949 In
1545 893 1581 964 ἦ
1594 906 1666 948 ver-

309 983 395 1037 sante
420 975 514 1036 Terra
538 974 656 1036 videtur
680 971 719 1051 Θ
744 976 774 1037 in
799 989 847 1048 ee,
877 984 983 1055 estque
1002 977 1044 1038 ibi
1068 977 1132 1056 ejus
1156 995 1338 1057 apogaeum,
1363 977 1393 1039 in
1418 976 1557 1058 opposito
1581 976 1667 1056 peri-

308 1083 426 1144 gaeum.
474 1056 549 1124 Cum
573 1077 644 1139 ergo
669 1064 831 1126 secundum
856 1061 1058 1144 Gopemicuni
1078 1074 1176 1127 motus
1199 1067 1297 1128 omnis
1321 1075 1353 1128 et
1372 1065 1666 1129 virtusomuismo·

308 1153 389 1214 toria
411 1171 448 1213 ex
473 1150 623 1213 Selenen
647 1160 751 1214 centro
775 1154 840 1215 sive
863 1154 954 1216 corde
989 1155 1019 1216 in
1043 1155 1272 1234 circumpqsitos
1296 1155 1385 1217 orbes
1408 1156 1583 1234 ingeratur,
1617 1154 1666 1215 di·

309 1241 423 1303 mensis
457 1240 496 1302 ad
528 1240 782 1322 propinquitatem
824 1243 968 1318 modulis,
1012 1245 1127 1306 ambiat
1165 1262 1236 1304 vero
1270 1244 1396 1306 Terram
1433 1242 1516 1305 urbis
1548 1243 1667 1304 Lunam

308 1331 436 1392 vehens:
461 1347 533 1408 ergo
557 1329 582 1390 ie
606 1349 755 1392 unacum
779 1330 874 1392 Terra
897 1332 993 1393 hieme
1016 1351 1108 1413 prope
1124 1331 1226 1394 Solem
1250 1334 1378 1408 accedit,
1405 1341 1437 1393 et
1459 1333 1489 1394 in
1510 1331 1667 1393 fortiorem

307 1419 450 1480 virtutem
478 1419 637 1480 motorium
667 1419 847 1497 ingreditur,
882 1429 1001 1482 aestate
1033 1422 1062 1482 in
1086 1421 1324 1495 imbecilliorem,
1358 1440 1424 1482 cum
1458 1419 1573 1482 aSule
1597 1421 1666 1482 lou-

308 1506 432 1588 gissime
456 1507 596 1569 discedit.
642 1507 700 1568 Eic
719 1509 783 1587 jam
806 1509 947 1589 lingenda
969 1519 1018 1572 est
1042 1510 1188 1590 quaedam
1209 1511 1353 1572 virtutum
1371 1509 1567 1572 moturiarum
1591 1527 1666 1570 eon-

309 1595 463 1671 trarietas,
497 1597 615 1675 qualern
638 1595 823 1658 Aristoteles
861 1597 988 1677 primurn
1019 1599 1127 1661 mobile
1165 1600 1244 1661 iuter
1276 1607 1309 1660 et
1346 1598 1477 1660 secunda
1509 1597 1665 1658 confinxit.

309 1687 388 1748 Nam
413 1685 499 1747 Luna
521 1685 644 1764 propria
665 1685 777 1746 virtute
801 1687 933 1763 vehitur,
968 1707 1026 1750 nou
1059 1697 1094 1750 ut
1117 1707 1172 1750 sex
1194 1688 1301 1761 ceteri,
1333 1687 1445 1749 virtute
1470 1685 1552 1747 Solis
1582 1703 1666 1748 com-

308 1773 399 1837 muni.
446 1774 525 1836 Nam
550 1773 582 1834 hi
595 1772 697 1835 Solem
721 1775 998 1852 circumambulant,
1023 1778 1110 1839 Luna
1125 1778 1259 1851 Terram,
1285 1795 1352 1839 cunr
1375 1776 1414 1838 ad
1436 1773 1542 1837 Solem
1557 1773 1665 1848 tendit,

309 1865 388 1924 viam
411 1861 521 1924 ceteris
543 1863 634 1942 plane
658 1864 840 1924 contrariam
862 1867 992 1927 conficit.
1039 1864 1141 1936 Quare
1164 1865 1320 1944 probabile
1335 1873 1393 1937 est,
1418 1865 1555 1942 impediri
1580 1864 1666 1925 illam

308 1973 328 2014 a
351 1951 462 2014 virtute
478 1950 588 2020 Solari
613 1951 712 2031 magis
736 1952 896 2026 alortiori‚
921 1953 1018 2015 minus
1043 1955 1081 2016 ab
1095 1953 1292 2016 imbe'cilliori.
1340 1953 1446 2014 Hieme
1471 1951 1573 2032 igitur,
1599 1971 1666 2014 curu

307 2041 476 2121 propinqua
499 2039 565 2102 Soli
588 2048 647 2115 est,
671 2042 795 2102 multum
818 2043 988 2122 impeditur,
1014 2051 1045 2105 et
1067 2044 1103 2104 lit
1116 2043 1215 2116 tarda,
1240 2051 1359 2104 aestate
1375 2039 1495 2103 liberior
1510 2041 1539 2102 in
1556 2041 1666 2120 majori

309 2129 408 2211 spatio
437 2128 564 2190 celerior
594 2124 706 2190 evadit.
754 2128 900 2210 Quodque
934 2132 971 2193 de
1000 2133 1057 2194 bac
1085 2131 1238 2194 anomalia
1266 2131 1348 2201 dico,
1381 2148 1458 2210 quae
1482 2129 1548 2208 jam
1577 2130 1667 2192 modo

309 2236 377 2280 sese
400 2216 514 2297 prodit,
544 2217 575 2278 id
599 2219 692 2278 multo
716 2219 813 2297 magis
837 2220 930 2282 etiam
952 2221 1115 2283 verisimile
1144 2220 1279 2282 redditur
1306 2238 1361 2300 per
1384 2221 1513 2281 alteram
1537 2237 1666 2280 moma-

310 2306 394 2380 liam,
425 2323 514 2385 quam
543 2305 635 2367 efficit
657 2305 834 2369 Ptolemaeo
858 2310 1058 2386 eccentn'cus,
1088 2307 1255 2388 Gopemico
1285 2309 1447 2370 secundum
1475 2307 1666 2387 epicyclium.

311 2393 373 2456 Cur
395 2393 475 2454 euim
500 2394 576 2455 adeo
601 2396 706 2456 stricte
730 2395 833 2458 Solem
858 2397 912 2459 illa
935 2399 1122 2474 observaret,
1147 2397 1204 2459 uisi
1228 2397 1283 2460 Sol
1305 2397 1370 2477 ipse
1394 2397 1480 2458 illam
1503 2395 1667 2458 efficeret?

310 2485 352 2545 Et
375 2482 511 2563 quamvis
535 2481 670 2562 pluribus
699 2485 799 2546 verbis
828 2485 1035 2549 demonstrare
1063 2505 1198 2567 possem,
1229 2487 1383 2567 utriusque
1413 2486 1518 2546 harum
1547 2483 1666 2560 ἀνωμα·

309 2577 378 2634 λιων
401 2572 527 2632 eandem
551 2573 656 2634 eodem
680 2573 769 2635 modo
793 2593 915 2636 causam
939 2595 1017 2649 esee,
1042 2586 1143 2638 tamen
1169 2575 1247 2656 quia,
1273 2584 1306 2637 ut
1330 2575 1401 2644 disi,
1426 2593 1482 2636 nec
1505 2573 1571 2654 ipse
1596 2575 1666 2654 qui·

311 2663 379 2724 dem
401 2661 521 2740 penitus
546 2661 719 2740 acquiesco:
745 2681 801 2723 non
826 2681 901 2742 opus
926 2683 993 2726 esse
1018 2683 1126 2726 censeo
1149 2664 1285 2744 pluribus
1313 2681 1412 2743 ogere.
1461 2660 1538 2725 cum
1562 2663 1666 2742 itaque

309 2752 365 2812 boc
387 2749 547 2830 praecipue
572 2750 724 2812 videretur
747 2753 919 2826 absurdum,
944 2753 1054 2825 dicere,
1079 2754 1158 2834 quod
1181 2761 1280 2814 ruotns
1304 2753 1408 2815 Lunae
1433 2773 1451 2813 a
1474 2751 1589 2813 virtute
1605 2752 1665 2812 So·

309 2840 347 2901 lis
371 2838 560 2920 impediatur,
585 2857 651 2900 cum
671 2840 811 2902 videatur
833 2843 935 2920 potius
955 2843 1056 2922 juvari
1081 2850 1113 2904 et
1135 2841 1304 2922 promoveri
1322 2841 1442 2911 debere,
1466 2841 1664 2920 quodcunque

310 2929 432 2990 tandem
456 2936 591 2989 centrum
613 2929 741 2990 habeat:
767 2929 851 3008 coepi
876 2931 966 2992 etiam
991 2932 1027 2993 de
1052 2931 1114 2992 alia
1136 2951 1230 2992 causa
1253 2930 1405 3008 cogitare:
1434 2947 1541 3008 nempe
1565 2939 1665 2992 utrum

308 3018 377 3098 ipsa
398 3035 539 3079 mensura
561 3025 692 3078 motuum
716 3019 926 3093 secundorum,
965 3020 1021 3086 hoc
1045 3030 1108 3092 est,
1132 3029 1230 3080 motus
1254 3017 1319 3097 ipse
1343 3017 1431 3098 primi
1454 3017 1575 3079 mobilis
1596 3019 1664 3089 (sen

309 3108 338 3168 in
368 3104 535 3186 Copemico
563 3106 645 3184 globi
679 3106 845 3168 Terrestris
878 3109 1001 3172 diurnus
1034 3109 1148 3182 motus)
1172 3109 1200 3168 in
1233 3127 1326 3170 causa
1357 3107 1406 3168 sit.
1454 3106 1488 3167 ld
1522 3107 1569 3168 ita
1601 3107 1663 3168 lieri

309 3203 424 3274 potest,
460 3195 485 3255 si
513 3213 628 3256 rursum
662 3202 695 3256 ut
723 3203 815 3256 antea
846 3205 975 3276 quatuor
1007 3198 1087 3260 horis
1117 3195 1324 3278 (aequalibus)
1349 3194 1480 3274 spatium
1514 3194 1663 3256 aestivum

311 3286 419 3355 (antea
449 3293 517 3344 erat
553 3284 665 3345 mensis
703 3283 860 3359 hibernus)
889 3286 1012 3348 hiberno
1041 3286 1158 3364 longius
1192 3293 1223 3347 et
1250 3285 1367 3348 tardius
1397 3284 1448 3344 sit.
1493 3283 1553 3344 Hic
1587 3283 1665 3346 enim

308 3373 416 3452 globus
440 3372 551 3433 Terrae
570 3381 704 3434 remotus
728 3393 747 3432 a
770 3371 841 3434 Sole
866 3372 895 3436 in
920 3393 1055 3455 apogaeo
1080 3375 1166 3437 tarde
1189 3374 1369 3442 volveretur,
1394 3371 1479 3452 quasi
1498 3393 1518 3432 a
1537 3371 1664 3434 tenuiori
1716 3381 1722 3390 '

308 3463 429 3535 virtute,
454 3461 542 3540 plane
568 3469 601 3522 ut
622 3461 652 3522 iu
676 3479 742 3522 meo
767 3463 909 3541 opusculo
933 3472 996 3526 tres
1021 3464 1190 3544 superiores
1213 3463 1243 3524 in
1260 3462 1322 3524 suis
1346 3460 1508 3541 epicycliis,
1536 3461 1564 3522 in
1581 3461 1663 3542 peri-

307 3569 385 3630 gaeo
410 3560 441 3612 et
465 3550 577 3610 virtute
603 3549 719 3611 fortiori
744 3550 870 3612 celerius
893 3552 1056 3616 incederet.
1103 3552 1170 3614 Hoc
1193 3551 1281 3612 modo
1306 3571 1325 3610 a
1340 3565 1372 3616 eo
1396 3549 1436 3611 ad
1459 3559 1507 3614 ἑ
1531 3549 1598 3610 dies
1622 3547 1664 3613 90

308 3639 437 3714 circiter,
462 3639 612 3701 tardiores
637 3638 803 3718 nonaginta
825 3642 1016 3720 aequalibus,
1041 3640 1161 3703 circiter
1184 3638 1204 3701 2
1227 3640 1369 3702 horarum
1393 3639 1492 3718 spatio
1517 3639 1664 3700 metiren-

307 3737 356 3790 tur
378 3729 526 3808 majorem
549 3728 654 3788 Lunae
678 3739 800 3800 motum,
824 3749 912 3810 quam
936 3730 1043 3810 reliqui
1068 3749 1087 3790 a
1110 3741 1158 3795 ὲ
1182 3729 1221 3790 ad
1244 3733 1278 3804 ᾗ
1302 3729 1421 3790 veloces
1445 3727 1583 3807 ejusdem
1606 3746 1663 3790 nu-

307 3817 390 3878 meri.
439 3816 551 3878 Cetera
574 3815 710 3878 similiter
733 3818 949 3898 intelligantur.
997 3819 1076 3882 Utra
1098 3818 1176 3880 ratio
1195 3817 1326 3878 valitura
1340 3817 1390 3886 sit,
1414 3823 1446 3877 et
1469 3815 1519 3896 qui
1543 3817 1665 3896 placeat

307 3913 447 3984 utraque,
481 3904 519 3964 ab
542 3904 600 3965 Er.
626 3905 660 3965 T.
688 3905 833 3982 judicium
864 3915 1018 3987 exspecto.
1065 3909 1177 3970 Fateor
1201 3905 1334 3986 quidem,
1368 3905 1393 3966 si
1426 3923 1496 3967 vero
1531 3905 1665 3966 variaret

308 4011 448 4055 mensura
472 4001 584 4068 motus,
614 4012 701 4073 quam
726 4013 829 4056 ornnes
853 3997 1097 4076 aequalissimam
1120 4004 1234 4075 ponunt
1257 4002 1289 4054 et
1311 3994 1481 4074 philosophi
1505 4002 1537 4055 et
1561 4001 1663 4054 astro-
1758 4030 1761 4038 -

309 4082 404 4158 nomi,
429 4101 466 4143 ex
490 4100 524 4142 eo
548 4102 606 4143 nou
631 4083 735 4143 Lunae
761 4085 870 4145 saltem
894 4086 948 4146 sed
972 4094 1138 4146 ceterorum
1163 4083 1254 4144 etiam
1277 4084 1466 4162 planetarum
1489 4090 1592 4144 motus
1616 4083 1664 4143 in-

308 4171 450 4252 aequales
476 4171 675 4250 apparituros.
724 4169 785 4233 Sed
806 4172 833 4234 in
858 4173 945 4235 Luna
969 4174 1083 4235 duabus
1107 4172 1189 4234 horis
1212 4191 1287 4233 uuus
1311 4171 1423 4252 gradus
1443 4171 1609 4246 conficitur,
1634 4171 1663 4232 in

307 4257 379 4322 Sole
404 4258 423 4320 5
448 4259 602 4338 scrupula,
636 4278 713 4341 quae
741 4259 928 4341 aprincipio
952 4261 1069 4324 Arietis
1097 4269 1254 4323 numerata
1282 4259 1514 4323 declinationem
1543 4259 1665 4340 pariunt

307 4369 364 4412 nou
388 4348 533 4429 majorem
553 4345 573 4410 2
597 4348 758 4428 scrupulis,
794 4351 918 4430 etquid
942 4359 1019 4426 tum,
1055 4349 1080 4412 si
1105 4350 1237 4412 dicamus
1260 4349 1291 4412 in
1316 4347 1531 4426 constitutione
1556 4349 1663 4430 aequi-

307 4437 474 4502 noctiorum
504 4437 542 4500 ab
575 4437 818 4500 observatoribus
852 4447 981 4502 erratum
1015 4457 1082 4500 esse
1110 4439 1257 4500 hactenus
1290 4439 1329 4500 ad
1362 4435 1496 4501 2horas
1529 4446 1563 4501 et
1595 4457 1661 4500 esse

310 4519 524 4608 turcopulis
557 4527 699 4606 maiorem
718 4527 938 4590 semicirculum
962 4527 1126 4602 aestivum,
1161 4545 1249 4608 quam
1276 4533 1402 4608 putatus
1426 4525 1468 4588 sit
1494 4527 1664 4590 hactenus?

307 4617 391 4678 Haec
415 4617 493 4678 enim
517 4623 605 4677 tanta
627 4633 685 4677 nou
709 4623 792 4689 aunt,
822 4624 857 4679 nt
885 4617 923 4679 ab
946 4619 1212 4680 instrumentorum
1235 4617 1407 4679 subtilitate
1436 4615 1560 4695 coargui
1590 4633 1663 4695 pos-

307 4705 377 4768 sint.
426 4707 459 4767 ln
484 4705 603 4767 Venere
628 4714 660 4766 et
673 4704 822 4767 Mercurio
844 4706 979 4785 pauxillo
1003 4706 1098 4787 major
1121 4707 1173 4768 liet
1194 4703 1365 4768 differentia
1388 4701 1408 4768 5
1428 4705 1586 4785 scrupulis,
1612 4702 1665 4765 sed
