3586 5518
720 256 803 324 eaput
819 258 885 312 m
1009 361 1019 383 ι
1424 259 1483 326 171

136 411 290 478 existimem
312 423 362 492 te,
387 416 485 480 lector
512 433 620 497 aeque,
654 415 680 478 si
704 416 816 498 aliquid
840 417 968 500 amplius
993 417 1086 482 etiam
1109 417 1245 494 deesset,
1275 425 1488 495 concoctarum

135 509 211 582 atque
239 511 467 568 excusaturum.
512 505 617 586 Neque
650 505 721 568 mihi
745 505 837 586 digna
861 507 980 570 videtur
1013 509 1077 587 ejus
1106 515 1205 570 motus
1235 507 1415 582 diversitas,
1450 506 1489 568 de'

134 609 183 670 qua
209 609 352 672 magnam
386 595 472 664 litem
504 592 685 668 moveaml).
742 593 888 665 Quamvis
926 597 1033 658 melius
1070 616 1103 658 se
1136 597 1216 676 gerit
1250 615 1338 677 quam
1366 593 1485 658 Venus:

135 679 197 740 lecit
222 681 301 744 euim
333 683 421 746 unius
444 691 562 744 tantum
590 684 703 762 gradum
727 684 943 762 differentiam,
975 686 1053 766 quod
1082 686 1189 748 mirum
1218 693 1283 747 est:
1308 684 1383 746 adeo
1407 703 1486 746 nuu-

133 787 209 848 quam
231 789 290 832 uon
316 771 421 834 fallaci
444 779 493 834 est
514 771 642 852 ingenio.
689 771 781 836 Certe
801 793 876 836 unus
900 773 948 836 hic
972 783 1029 850 est,
1054 775 1103 855 qui
1128 775 1350 856 astrologorum
1375 773 1487 836 lamam

133 859 251 922 maxime
282 861 443 940 prostituit
474 868 506 921 et
539 870 738 924 meteororum
770 863 917 924 rationem
949 883 1065 926 ornnem
1098 864 1213 926 turbat.
1258 862 1302 924 Et
1326 862 1355 924 iu
1386 861 1486 923 ventis

134 947 240 1026 quidem
262 949 474 1028 praedicendis
499 951 588 1030 (quos
612 952 782 1013 certissime
806 952 953 1028 concitat,
984 953 1221 1034 quotiescunque
1246 951 1319 1012 locis
1345 960 1393 1012 est
1416 950 1485 1012 ido-

135 1037 203 1109 neis)
226 1057 319 1121 saepe
351 1039 427 1102 adeo
451 1040 602 1102 constanti
632 1059 754 1109 numero
779 1041 900 1124 dierum,
918 1041 1054 1117 aberrat,
1090 1051 1123 1103 ut
1153 1059 1258 1122 parum
1283 1038 1378 1114 absit,
1415 1039 1486 1119 quiu'

135 1133 189 1192 tum
210 1127 274 1205 ejus
297 1127 328 1188 iu
353 1127 542 1208 ephemeride
565 1129 674 1190 vitiose
689 1129 839 1209 proditum
855 1130 998 1194 circulum
1018 1131 1167 1212 corrigere
1192 1128 1305 1209 possim
1314 1129 1357 1201 ο);
1382 1128 1484 1208 itaque

134 1213 258 1294 siquem
282 1223 486 1278 astronomum
510 1235 664 1279 cernerem
687 1219 809 1280 nimium
831 1218 960 1282 sollicite
985 1219 1130 1283 rimandis
1152 1219 1295 1299 planetae
1320 1217 1407 1296 hujus
1431 1235 1482 1280 er·

134 1303 238 1365 ruribus
259 1305 444 1378 incumbere,
476 1305 560 1368 illum
584 1326 639 1387 ego
665 1327 830 1382 nronerem,
863 1316 897 1370 ut
919 1316 1036 1388 tempus
1067 1309 1141 1370 illud
1170 1307 1283 1370 rectius
1308 1307 1483 1380 collocaret,

134 1400 161 1452 et
181 1392 326 1456 Tellurem
349 1403 439 1476 atque
465 1394 540 1457 hano
564 1395 745 1458 ambientem
767 1397 893 1472 Lunam,
918 1395 1111 1476 irapyegusoe
1130 1398 1224 1470 sidus,
1250 1414 1376 1475 quarum
1401 1394 1486 1456 illam

135 1479 263 1560 pedibus,
288 1483 366 1554 haue
390 1483 484 1546 oeulis
506 1485 640 1564 proxime
664 1485 855 1565 attingimus,
881 1487 969 1560 haec,
993 1488 1128 1566 inquam,
1162 1487 1264 1548 sidera
1286 1482 1388 1564 potius
1412 1501 1485 1561 spe-

135 1570 249 1644 culetur,
272 1591 408 1653 quaeque
432 1573 461 1633 in
486 1593 588 1635 eorum
611 1574 741 1636 motibus
765 1575 852 1655 inque
879 1575 1041 1655 eclipsibus
1066 1576 1162 1638 adhuc
1185 1591 1354 1656 peccamus,
1381 1571 1484 1634 limet:

135 1665 193 1720 tum
213 1659 329 1722 demum
348 1679 470 1742 operam
493 1663 532 1724 ad
550 1662 731 1726 Mercurium
759 1663 933 1728 transierat
982 1665 1103 1726 Interea
1133 1663 1160 1726 si
1185 1663 1274 1724 venia
1302 1661 1385 1740 digni
1415 1667 1487 1722 suut

137 1765 241 1810 errores
263 1749 344 1812 circa
367 1751 496 1813 Telluris
515 1759 547 1812 et
569 1752 674 1813 Lunae
699 1760 811 1828 motus,
844 1754 937 1815 multo
966 1753 1063 1833 magis
1097 1751 1128 1814 id
1151 1752 1340 1814 merebuntur
1365 1767 1482 1810 errores

135 1837 163 1898 in
183 1837 337 1913 Mercurio,
362 1838 412 1920 qui
436 1848 468 1901 et
490 1841 634 1903 remotior
658 1841 786 1902 anobis
810 1848 867 1918 est,
892 1850 925 1903 et
948 1843 1010 1905 lere
1033 1860 1151 1921 seruper
1174 1841 1230 1902 sub
1253 1838 1325 1902 Sole
1352 1840 1438 1900 latet.

216 1927 314 2009 Atque
348 1928 397 1990 hic
427 1948 544 1992 rursum
574 1937 608 1992 nt
641 1929 741 2010 priore
772 1931 870 2009 eapite
910 1931 1060 1994 coronidis
1098 1932 1163 1992 loco
1188 1928 1336 2010 epistolae
1366 1935 1484 2010 partem

133 2017 290 2092 ascribam,
325 2036 416 2098 quam
438 2019 621 2081 Maestlinus
646 2021 684 2084 ad
708 2039 755 2082 me
779 2020 877 2082 misit:
910 2020 998 2100 idque
1028 2020 1144 2082 duabus
1168 2019 1206 2080 de
1228 2017 1344 2092 causis,
1377 2014 1485 2095 prima,

132 2105 255 2185 quiade
278 2108 503 2270 rponeoessaria
526 2116 558 2169 te
581 2117 698 2178 mouet,
732 2110 846 2182 altera,
877 2109 948 2190 quia
970 2117 1062 2189 caput
1093 2109 1148 2170 hoo
1177 2107 1291 2189 passim
1319 2105 1486 2168 confirmat.

131 2192 183 2254 Sic
204 2193 271 2256 ille:

222 2283 313 2358 ,Tam
337 2283 483 2346 mirabilis
507 2284 743 2360 estMercurius,
768 2293 801 2346 ut
823 2303 928 2366 parum
951 2284 1091 2360 abluerit,
1117 2285 1185 2366 quin
1210 2285 1302 2346 etiam
1325 2301 1372 2344 me
1396 2280 1487 2344 ieiel·

131 2369 227 2436 lisset.
270 2373 335 2436 Neo
363 2373 488 2446 mirum,
522 2373 591 2454 quia
620 2374 711 2436 etiam
736 2371 902 2454 Goperuico
931 2383 963 2437 et
984 2372 1175 2436 Rheinholdo
1206 2373 1367 2435 admodum
1389 2371 1487 2433 mole-

130 2468 209 2521 stum
224 2461 314 2524 luisse
329 2462 548 2524 animadverto.
596 2461 781 2542 Oopernicus
799 2463 855 2526 hoo
875 2464 915 2526 de
928 2483 960 2524 se
979 2463 1045 2544 ipso
1066 2464 1187 2537 latetur,
1214 2460 1359 2539 „multis
1376 2459 1489 2540 (inquit
1556 2527 1557 2532 η

129 2547 182 2610 lib.
207 2549 245 2612 V.
270 2569 336 2630 cap.
357 2547 427 2626 30.)
451 2551 628 2630 ambagibus
653 2561 684 2614 et
707 2551 860 2615 laboribus
884 2572 938 2615 uos
962 2551 1053 2615 torsit
1076 2553 1133 2613 hoc
1158 2552 1251 2628 sidus,
1277 2557 1311 2612 ut
1329 2549 1395 2628 ejus
1418 2566 1485 2610 mo·

128 2645 178 2698 tus
202 2640 456 2702 serutaremur.““
504 2640 592 2704 Unde
616 2649 827 2722 praeterquam
843 2643 921 2722 quod
937 2643 1037 2704 nullas
1062 2661 1133 2702 suas
1153 2641 1291 2720 proprias
1305 2637 1417 2700 recitat
1431 2637 1487 2699 oh-

127 2729 311 2790 servationes
333 2731 363 2790 iu
389 2733 410 2805 8
434 2729 571 2803 habitas,
603 2731 657 2792 sed
686 2753 705 2792 a
727 2731 904 2793 Bernhardo
928 2731 1067 2796 Waltero
1091 2729 1289 2809 Noribergico
1318 2732 1486 2788 mutuatur:

128 2815 220 2877 ctiam
233 2816 261 2878 in
280 2819 410 2898 apogaei
428 2818 524 2896 ipsius
540 2819 605 2884 loco
620 2820 784 2882 statuendo
808 2820 863 2881 sibi
890 2839 947 2880 non
962 2829 1094 2881 constat.
1127 2818 1207 2880 Nam
1222 2836 1308 2897 quem
1320 2819 1403 2894 (cap.
1416 2808 1487 2886 26.)

128 2901 160 2963 in
184 2906 282 2984 primis
304 2907 453 2968 Antonini
477 2908 573 2981 anuis,
599 2909 681 2970 circa
704 2927 812 2970 annum
837 2907 951 2970 Christi
979 2905 1051 2972 140.
1072 2907 1164 2986 juxta
1187 2904 1354 2968 Ptolemaei
1378 2902 1487 2964 obser-

126 2995 262 3056 vationes
300 2995 417 3058 invenit
449 2996 478 3057 in
521 2991 580 3058 11)ο
611 3009 659 3064 r-n·
699 3006 731 3060 et
758 2997 813 3059 sub
841 2998 965 3059 stellato
994 2997 1064 3058 orbe
1093 2997 1122 3056 in
1151 2990 1232 3058 183ο
1254 2991 1308 3056 20’
1342 3013 1360 3053 a
1390 2990 1487 3070 prima

127 3083 220 3144 stella
240 3083 287 3160 Υι
321 3085 447 3147 eundem
479 3080 561 3148 183ο
591 3083 645 3149 20¹
669 3089 750 3167 (cap.
779 3084 848 3160 29.)
878 3086 997 3166 reponit
1026 3085 1063 3146 ad
1098 3083 1150 3147 21.
1180 3103 1290 3146 anuum
1318 3079 1487 3144 Ptolemaei

126 3169 324 3254 Philadelphi,
348 3174 473 3254 perinde
497 3193 532 3236 ac
556 3175 583 3236 si
607 3176 663 3237 hoc
687 3178 708 3255 8
732 3194 899 3256 apogaeum
923 3175 1003 3236 iutra
1025 3171 1091 3238 400
1107 3170 1414 3236 annos'intermedios
1429 3168 1485 3231 sub

130 3260 257 3337 sphaera
284 3263 410 3325 lixarum
443 3263 598 3326 stellarum
631 3265 785 3327 immotum
810 3264 990 3347 quievisset;
1024 3283 1090 3326 cnm
1123 3271 1225 3324 tamen
1258 3263 1340 3342 (cap.
1370 3255 1422 3322 30.
1456 3257 1486 3320 in

130 3346 201 3422 line)
224 3347 263 3413 63
286 3353 373 3414 annis
397 3371 452 3432 per
475 3371 564 3414 unum
587 3353 712 3434 gradum
737 3362 850 3416 motum
874 3353 967 3416 fuisse
993 3353 1049 3434 ipsi
1073 3353 1227 3425 videatur:
1256 3351 1343 3413 addit
1365 3355 1486 3410 autem:

131 3437 157 3496 si
178 3440 262 3502 modo
285 3442 421 3522 aequalis
446 3441 547 3502 luerit.
592 3441 814 3505 Rbeiuholdum
838 3444 866 3505 in
886 3443 993 3506 iisdem
1008 3441 1237 3504 difficultatibus
1258 3437 1396 3508 haesisse
1420 3436 1487 3500 cal-

132 3527 213 3590 eulus
243 3528 471 3593 Pmtenioarum
503 3531 671 3594 tabularum
702 3533 817 3612 prodit,
855 3551 913 3612 quo
946 3533 1095 3613 arguitur,
1135 3530 1357 3593 Rbeiuholdum
1390 3527 1488 3588 locum

131 3618 253 3698 apogaei
276 3619 363 3700 hujus
388 3621 426 3681 ad
456 3626 573 3698 tempus
607 3621 679 3684 illud
702 3621 894 3701 Philadelphi
924 3621 1105 3684 assumsisse
1129 3619 1256 3682 eundem
1280 3619 1398 3698 quidem
1421 3633 1488 3678 cum

131 3703 306 3785 Copernico,
330 3708 392 3773 rid.
423 3703 579 3773 1830201
603 3729 622 3770 a
645 3710 743 3790 prima
765 3711 858 3772 stella
880 3709 942 3786 ’γ’;·
961 3718 995 3772 at
1018 3711 1056 3771 ad
1080 3707 1249 3772 Ptolemaei
1271 3716 1390 3786 tempus
1414 3705 1487 3766 illud

129 3793 273 3858 inlocum
297 3797 386 3878 louge
411 3797 541 3859 alienum
565 3819 584 3860 a
607 3799 780 3862 manifestis
794 3799 964 3862 Ptolemaei
987 3796 1249 3861 observationibus
1273 3804 1304 3858 et
1328 3792 1488 3873 Coporuioi

128 3886 354 3948 resumtionihus
388 3887 481 3950 cadit.
539 3887 584 3950 Ibi
614 3888 692 3950 enim
725 3891 808 3951 loeus
840 3889 906 3968 ejus
934 3895 1125 3969 computatur
1153 3905 1211 3947 non
1244 3880 1328 3949 183ο
1350 3881 1404 3946 20‘
1432 3899 1489 3944 nec

135 3969 189 4036 10ο
208 3985 268 4050 2,
293 3976 348 4037 sed
377 3971 459 4039 t88⁰
480 3971 534 4039 50⁴
558 3977 613 4040 sub
637 3978 709 4040 orbe
738 3979 878 4053 stellato,
904 3985 935 4040 et
961 3975 1022 4041 15ο
1043 3974 1097 4043 30’
1123 3985 1184 4050 2,
1216 3975 1342 4054 ideoque
1374 3971 1489 4034 numeri

130 4063 169 4126 illi
189 4065 246 4128 mei
268 4066 309 4127 ad
331 4065 503 4128 Ptolemaei
527 4066 646 4146 quidem
670 4069 803 4130 seculum
828 4067 1044 4138 accommodati
1070 4063 1196 4142 sunt,*)
1229 4083 1287 4126 non
1313 4072 1430 4136 antem,
1455 4069 1490 4122 ut

130 4156 213 4217 ceteri
234 4174 290 4235 per
308 4155 411 4218 omnia
434 4155 550 4218 calculo
573 4155 744 4220 tabularum
768 4157 1004 4232 Prutenicarum,
1030 4157 1085 4218 sed
1102 4153 1270 4217 Ptolemaei
1295 4150 1486 4215 observatio·
1590 4155 1594 4164 ’

130 4241 205 4306 nibus
232 4243 431 4318 conveniunt,
466 4263 519 4306 eas
550 4245 629 4306 euim
653 4243 838 4325 Copemicus
866 4265 982 4327 quoque
1011 4256 1042 4307 et
1069 4245 1193 4308 retinuit
1222 4249 1254 4306 et
1281 4249 1403 4304 secutus
1427 4247 1486 4312 est,

133 4339 210 4414 etque
239 4335 364 4397 eosdem
399 4333 469 4395 inde
497 4351 634 4396 numeros
666 4335 817 4414 produxit.
865 4336 916 4396 Ad
944 4341 1079 4398 nostram
1109 4341 1209 4397 autem
1238 4331 1303 4394 sive
1327 4326 1487 4410 coperniei

133 4433 249 4486 mem
286 4441 433 4486 numeros
466 4423 557 4484 hosce
591 4433 766 4503 computare
805 4443 863 4484 non
898 4423 993 4498 volui,
1028 4431 1191 4502 propterea
1223 4421 1302 4503 quod
1332 4420 1350 4480 ii
1397 4417 1485 4494 longe

134 4511 174 4574 elii
192 4513 311 4584 dorent,
344 4519 474 4594 propter
498 4511 754 4575 eeoeutricitatem
778 4511 859 4574 orhis
883 4513 983 4592 magni
1014 4513 1209 4586 diminutam
1241 4517 1273 4572 et
1303 4506 1382 4587 quod
1406 4501 1485 4601 apud

135 4597 313 4682 (lopernicum
349 4599 445 4664 nullis
477 4601 693 4663 recentioribus
726 4601 988 4664 observationibus
1025 4601 1203 4680 investigati
1235 4608 1267 4661 et
1300 4591 1485 4670 comprobati

192 4772 266 4864 pen
285 4799 389 4852 eumen
408 4803 471 4849 sene
489 4795 513 4844 n
532 4795 619 4846 eser·
636 4795 667 4846 v.
687 4793 734 4868 (ee
753 4803 779 4846 o
797 4791 844 4856 es)
862 4809 926 4862 qen
945 4801 984 4846 ue
1002 4793 1064 4862 esp.
1083 4794 1137 4845 xv.
1158 4793 1191 4842 se
1209 4785 1237 4854 u.
1307 4787 1341 4838 rs
