3674 5528
706 274 740 326 ds
755 273 830 328 rebus
848 273 1008 340 υιεειοςιειι
1472 261 1538 334 m

166 431 253 496 llam
277 431 313 496 in
337 433 448 515 impari
471 453 603 508 numero,
626 431 774 513 compari
785 439 972 514 comparato,
998 441 1125 516 apparet
1138 434 1231 497 etiam
1245 447 1399 494 excessus.
1434 427 1538 490 Mares

169 519 267 602 igitur
290 521 501 605 Pythagoraei
525 543 597 586 snas
620 522 734 584 habent
755 523 925 598 mentulas,
950 523 1003 586 scd
1027 524 1165 587 femellae
1189 518 1410 604 Pythagoricae
1433 519 1539 592 carent

169 609 283 673 volvis.

266 699 342 763 Jam
367 701 406 762 ad
430 699 527 780 ipsum
542 699 675 762 auctoris
697 697 868 764 institutum
892 700 990 771 venio,
1014 701 1064 781 qui
1085 707 1184 781 putat,
1209 717 1242 761 se
1265 695 1443 759 chordarum
1465 710 1538 772 pro-

148 789 334 870 'portiones
359 808 398 851 ex
420 789 558 868 sphaeris
582 788 766 852 coelestibus
780 788 950 852 deduxisse.
991 789 1071 851 Mira
1088 788 1244 868 persuasio
1251 805 1260 860 ;
1286 804 1351 848 curu
1371 783 1423 846 ille
1438 780 1538 860 potius

177 897 216 942 ex
253 877 387 958 cognitis
424 877 601 940 chordarum
636 875 879 956 proportionibus
920 877 1088 957 opinionem
1124 875 1297 955 conceperit
1334 874 1370 934 de
1411 887 1537 951 propor-

178 967 260 1028 tione
298 966 496 1046 sphaerarum
526 965 703 1028 coelestium
710 984 720 1039 3
761 965 838 1027 uude
879 967 1040 1028 musicales
1082 985 1170 1028 veras
1203 961 1387 1034 extruxerit,
1425 955 1538 1020 nescio.

180 1056 298 1128 Video,
333 1055 457 1116 eosdem
485 1073 553 1118 esse
585 1071 724 1116 numeros
756 1072 824 1118 cum
851 1053 1055 1131 Calvisianis,
1089 1063 1121 1116 et
1150 1072 1237 1118 aures
1265 1051 1404 1132 probant.
1441 1046 1539 1108 Diffe-

179 1144 282 1207 rentia
314 1143 344 1204 iu
376 1163 412 1206 eo
441 1151 508 1217 cst,
545 1143 623 1222 quod
647 1139 800 1206 Calvisius
829 1143 891 1206 ah
917 1143 1024 1224 incipit
1046 1143 1171 1208 vocibus
1196 1139 1367 1204 adscribere
1391 1153 1538 1210 numeros,

178 1231 374 1296 Reiuhardns
401 1232 441 1294 ab
463 1251 490 1294 e.
537 1231 604 1294 Etsi
628 1238 729 1294 autem
752 1230 860 1294 literae
884 1240 954 1294 suut
976 1233 1133 1295 technicae
1155 1236 1342 1312 possuntque
1367 1242 1539 1290 accommo-

180 1321 247 1384 dari
271 1339 327 1400 pro
350 1319 506 1384 auctomm
530 1319 634 1396 lubitu,
658 1327 760 1382 tamen
784 1327 833 1382 sto
856 1340 923 1384 cum
939 1319 1089 1396 Calvisi03
1115 1341 1209 1383 causa
1230 1324 1383 1398 sequetur,
1407 1315 1434 1376 si
1456 1311 1538 1393 prius

178 1411 237 1472 hoc
261 1408 416 1484 addidero,
441 1427 488 1470 me
513 1407 640 1470 libenter
663 1407 708 1471 uti
731 1407 854 1471 vocibus
876 1409 1027 1490 propriis:
1052 1418 1085 1472 et
1106 1428 1160 1490 pro
1176 1409 1316 1472 lemmate
1331 1403 1431 1468 dicere
1446 1399 1538 1464 semi·

180 1498 311 1571 touium;
344 1498 454 1560 lemma
486 1495 564 1559 euim
597 1504 687 1559 sonat
709 1496 846 1560 relietum
868 1506 939 1578 post
963 1498 1181 1562 abscissionem
1208 1493 1422 1578 proportionis.
1468 1489 1541 1551 Jaur

179 1605 253 1648 vero
277 1586 389 1667 gradus
422 1605 527 1648 vocum
549 1585 685 1662 inrisisse
717 1605 777 1647 non
804 1595 968 1654 nascuntur
1000 1606 1038 1650 ex
1065 1585 1270 1660 abscissione,
1304 1592 1339 1647 nt
1360 1578 1542 1662 opinabatur

179 1675 281 1748 Plato,
307 1676 361 1737 sed
384 1693 422 1736 ex
445 1675 670 1754 comparatione
694 1674 933 1738 harmouiearum
957 1676 1193 1756 proportionum.
1225 1673 1344 1738 Natura
1367 1669 1447 1734 euim
1466 1686 1540 1730 cou-

182 1763 286 1826 stituit
308 1763 495 1826 harmoniam
523 1757 555 1846 Ἲ,
586 1771 618 1824 ει
647 1757 698 1845 ⁸1„
729 1783 852 1844 quarum
876 1763 1045 1828 differentia
1074 1774 1123 1828 est
1149 1757 1206 1847 ⁸l„
1235 1781 1323 1843 quem
1346 1761 1414 1822 dico
1437 1768 1541 1820 tonum

180 1853 347 1933 majorem:
372 1852 416 1914 sic
439 1852 546 1914 eadem
570 1859 679 1914 natura
702 1852 859 1914 coustituit
888 1848 918 1933 Ἴ,
950 1862 981 1916 ει
1002 1847 1056 1934 ⁸l„
1081 1872 1205 1935 quarum
1220 1849 1390 1913 differentia
1404 1853 1453 1908 est
1472 1841 1540 1926 'lm

182 1959 272 2024 quem
294 1941 361 2002 dico
385 1949 488 2003 tonum
512 1941 664 2014 minorem,
690 1949 724 2002 ut
741 1949 806 2014 est;
830 1941 957 2020 denique
973 1950 1081 2004 oratura
1099 1941 1257 2004 constituit
1284 1932 1318 2018 Ἰ,
1338 1944 1370 1999 et
1391 1930 1438 2016 ³1„
1463 1951 1539 2014 qua-

183 2049 249 2093 rum
273 2029 444 2092 differentia
467 2038 516 2092 est
546 2021 634 2110 “tw
661 2029 739 2108 quod
763 2028 829 2092 dico
853 2030 1054 2094 usitatissimo
1068 2031 1189 2094 notione
1205 2027 1405 2091 semitonium.
1443 2021 1540 2086 Reiu-

180 2119 295 2182 hardus
320 2117 470 2197 appellat:
495 2118 658 2180 lemmaet
681 2125 783 2180 tonum
806 2119 963 2198 majorem.
1009 2119 1049 2182 Hi
1073 2127 1144 2183 suut
1167 2117 1279 2198 gradus
1302 2133 1407 2177 voeum
1424 2109 1539 2184 usitati,

181 2215 215 2269 et
238 2205 420 2269 naturaliter
442 2205 578 2270 omnibus
600 2207 774 2284 placentes,
799 2195 905 2286 q'uibns
929 2209 1008 2273 addo
1032 2205 1318 2270 discriminationem
1342 2209 1450 2265 cautus
1473 2199 1539 2261 duri

180 2303 213 2358 et
236 2295 348 2358 mollis.
393 2295 514 2358 Natura
537 2294 614 2356 euim
639 2295 797 2356 constituit
823 2289 859 2378 ¹l,
888 2303 920 2358 et
947 2290 1000 2375 ⁸l„
1032 2315 1156 2378 quarum
1185 2293 1355 2358 differentia
1378 2298 1427 2352 est
1454 2281 1539 2371 ²¹12„

182 2403 274 2465 quam
299 2384 418 2464 appello
442 2383 555 2457 diesin,
588 2383 675 2464 quasi
699 2383 904 2447 remissionem
928 2385 1074 2448 chordae:
1108 2405 1146 2447 aa
1175 2401 1271 2462 neque
1304 2390 1411 2454 tonus,
1445 2395 1542 2457 neque

180 2471 382 2547 semitonium,
408 2470 558 2552 quianon
582 2470 699 2534 canitur
723 2491 742 2534 a
783 2473 802 2534 b
826 2473 855 2534 io
879 2473 912 2546 h,
942 2471 1003 2536 uisi
1024 2473 1239 2536 inmutatione
1264 2469 1345 2543 toni3
1371 2465 1544 2546 agnoscitur

180 2569 287 2623 umen
311 2560 350 2622 ab
373 2560 506 2623 auribus.
553 2558 700 2650 Superest
723 2579 853 2636 comma,
886 2555 975 2642 ⁸⁰l„,
1008 2563 1087 2643 quod
1111 2568 1160 2625 est
1186 2559 1356 2622 differentia
1380 2557 1458 2618 iuter
1485 2546 1538 2634 'lm

180 2659 216 2712 et
241 2643 301 2728 ⁸!,;
331 2668 386 2710 nec
410 2649 584 2728 agnoscitur
607 2649 749 2729 explicite
772 2651 810 2712 ab
835 2653 970 2724 auribus,
1005 2652 1060 2713 sed
1084 2658 1200 2714 tautum
1224 2647 1368 2727 implicite
1392 2663 1445 2724 per
1468 2661 1539 2722 pro·

179 2755 321 2819 gressum
344 2745 374 2800 et
398 2737 620 2813 successionem
644 2755 768 2812 rocum3
793 2739 901 2818 quippe
925 2757 1021 2819 neque
1045 2748 1093 2802 est
1116 2735 1286 2800 differentia
1304 2733 1541 2795 harmonicorum

182 2825 421 2907 proportionum,
446 2826 500 2887 sed
524 2825 759 2888 differentiarum
782 2826 962 2890 differentia.
1390 2887 1394 2899 ,

272 2915 357 2976 Haec
380 2914 471 2994 igitur
494 2915 604 2977 addere
626 2915 718 2978 volui.
765 2916 853 2979 Nunc
876 2935 1000 2980 causam
1023 2914 1132 2982 dicam,
1157 2933 1208 2976 cnr
1232 2911 1271 2974 ab
1294 2909 1314 2970 h
1338 2907 1439 2970 malim
1463 2905 1540 2968 iuci-

179 3021 257 3085 pere
281 3021 420 3066 numeros
442 3001 623 3077 Reinhardi,
657 3023 744 3084 quem
768 3004 806 3065 ab
830 3024 858 3068 e.
904 3004 1060 3068 Usitatum
1088 3010 1138 3064 est
1165 3001 1193 3062 iu
1218 3005 1323 3062 nostra
1346 2995 1475 3068 musica,
1508 2999 1542 3054 ut

178 3100 289 3154 cantus
312 3092 419 3154 molles
443 3091 540 3170 magis
564 3110 750 3156 canamusa
793 3112 808 3153 c
838 3095 868 3155 in
891 3094 925 3166 b,
952 3110 1084 3172 quamn
1130 3090 1200 3152 oin
1225 3087 1281 3152 dis.
1328 3086 1434 3163 ltaque
1459 3084 1543 3145 locus

183 3181 279 3242 diesis
310 3171 381 3260 nl„
412 3179 552 3244 usitatior
567 3187 616 3242 est
630 3180 709 3243 inter
733 3180 752 3242 b
775 3189 808 3242 et
831 3181 866 3256 h;
890 3201 960 3244 nam
984 3201 1004 3242 a
1030 3201 1046 3242 c
1069 3178 1168 3242 mollis
1183 3187 1290 3240 cautus
1304 3194 1358 3255 per
1383 3175 1411 3246 h,
1435 3179 1468 3233 et
1485 3172 1542 3233 du-

180 3289 235 3331 rus
261 3287 315 3348 per
339 3268 358 3329 h
383 3267 580 3332 usitatissime
605 3269 730 3332 canitur.
777 3267 854 3332 Cum
877 3280 978 3344 autem
1002 3270 1032 3331 iu
1059 3269 1112 3332 illo
1140 3273 1306 3351 systemate
1330 3269 1543 3339 ιεαεεσσαρωε,

184 3358 267 3439 quod
290 3357 384 3419 habet
406 3357 484 3418 iufra
508 3365 609 3418 tonum
632 3359 794 3437 majorem,
829 3359 927 3422 medio
951 3360 1017 3423 loeo
1042 3357 1205 3431 minorem,
1230 3372 1320 3433 supra
1349 3349 1541 3413 semitonium

182 3447 229 3521 (iu
255 3447 405 3508 numeris:
444 3441 514 3520 180,
544 3441 615 3522 160,
643 3442 715 3515 144,
743 3443 834 3520 135),
866 3456 974 3510 cantus
997 3446 1097 3510 mollis
1128 3452 1246 3507 statuat
1273 3441 1333 3504 imo
1351 3441 1417 3502 loco
1441 3437 1539 3515 majo·

182 3553 258 3609 rem,
282 3535 380 3596 medio
405 3533 470 3595 loco
494 3533 692 3609 semitonium,
714 3550 834 3597 summo
857 3536 1001 3600 minorem
1018 3544 1119 3598 tonum
1144 3535 1189 3608 (iu
1204 3529 1348 3596 numeris:
1378 3525 1449 3600 180,
1469 3520 1541 3598 160,

184 3621 259 3697 150,
287 3618 375 3696 135),
400 3622 571 3685 differentia
593 3622 685 3700 igitur
708 3622 785 3685 inter
808 3643 900 3686 voees
924 3624 1033 3686 tertias
1060 3620 1122 3688 144
1146 3630 1179 3685 ει
1202 3619 1266 3684 150
1289 3629 1338 3682 εει
1363 3610 1446 3700 ²¹lar·
1483 3612 1544 3674 Εει

181 3711 276 3791 igitur
299 3712 328 3773 iu
353 3711 427 3772 duro
451 3711 544 3772 tertia
567 3729 626 3772 vox
649 3711 687 3772 ab
711 3710 790 3774 infra
814 3712 851 3788 h,
887 3713 916 3774 in
941 3713 1023 3775 molli
1049 3713 1077 3774 b.
1125 3710 1158 3773 Si
1182 3711 1258 3782 hoc,
1293 3726 1365 3780 erpo
1389 3705 1450 3766 ima
1472 3719 1540 3772 vox.

181 3819 238 3882 per
266 3797 328 3862 ¹80
350 3799 490 3880 signata,
524 3806 573 3860 est
595 3819 625 3878 g.
671 3799 713 3861 Ει
737 3799 806 3878 quia
833 3797 896 3865 144
926 3800 1036 3873 esth,
1069 3799 1161 3879 igitur
1192 3799 1286 3860 etiam
1309 3791 1477 3860 Reinhardi
1500 3786 1545 3853 48

184 3889 288 3968 (cnjus
311 3896 361 3950 est
387 3886 449 3950 144
473 3888 610 3967 triplum)
639 3888 697 3950 erit
719 3888 748 3950 h.
795 3887 968 3952 Differimus
990 3889 1083 3969 igitur
1106 3889 1134 3949 in
1160 3906 1212 3962 eo,
1246 3887 1326 3966 qnod
1349 3884 1400 3946 ille
1423 3882 1546 3958 iuterg

180 3979 256 4040 eth
280 3977 391 4040 statuit
422 3971 489 4059 '⁰l0,
514 3985 570 4056 'ego
598 3969 652 4058 ⁸b3
676 3985 783 4040 contra
806 3979 900 4040 illes
942 3977 1062 4040 hiacit
1089 3969 1122 4056 ’1ὓ
1152 3994 1208 4055 ego
1237 3967 1304 4055 ⁹l,-,.
1356 3975 1460 4054 ltaque
1479 3969 1546 4032 sola

183 4085 244 4130 vox
269 4087 288 4128 a
312 4085 369 4127 uno
393 4074 541 4128 commate
565 4066 645 4144 apud
669 4085 716 4127 me
741 4074 790 4129 est
813 4067 912 4136 altior,
938 4085 1028 4148 quam
1052 4067 1131 4145 apud
1155 4063 1249 4126 illum.
1288 4063 1330 4124 Et
1344 4059 1414 4143 quia
1429 4057 1543 4133 nescio,

183 4157 261 4218 unde
277 4154 328 4218 ille
348 4153 395 4216 sui
409 4153 601 4216 monochordi
620 4153 799 4217 divisionem
819 4157 996 4228 extruxerit,
1013 4154 1146 4233 aperiam
1166 4171 1222 4232 ego
1239 4171 1348 4214 causas
1363 4167 1449 4212 meae
1464 4145 1544 4209 divi-

183 4245 287 4308 sionis.
336 4243 416 4305 Nam
439 4242 465 4304 si
489 4250 602 4304 rectam
626 4261 682 4321 ego
706 4243 786 4304 viarn
809 4243 928 4318 insisto,
953 4251 1082 4323 oportet,
1109 4251 1142 4302 ut
1165 4241 1231 4321 ipse
1245 4238 1407 4302 erraverit:
1433 4237 1544 4314 dequo

184 4333 228 4396 sic
245 4330 412 4413 judicabis.
458 4329 583 4392 Aurium
603 4331 749 4410 judicium
769 4331 797 4394 in
822 4331 986 4394 harmoniis
1009 4329 1177 4412 judicandis
1201 4327 1336 4391 admittit
1359 4325 1490 4405 aliquam
1515 4322 1544 4383 iu

184 4423 308 4485 vocibus
333 4419 543 4493 latitudinem,
576 4419 657 4480 iutra
681 4438 768 4499 quern
792 4421 924 4484 incertus
947 4422 1043 4482 fertur
1067 4418 1202 4490 auditne,
1235 4418 1384 4498 quoduam
1407 4411 1449 4474 sit
1471 4408 1545 4473 illud

184 4512 345 4592 genuinum
370 4516 562 4582 momentum,
586 4507 616 4568 io
640 4527 697 4593 quo
721 4509 797 4572 duee
821 4529 912 4572 uoces
935 4507 1048 4588 optime
1073 4505 1329 4577 concordaverint,
1356 4502 1453 4562 altera
1477 4515 1543 4558 ma·
1658 4575 1663 4582 1

182 4609 273 4664 necte
298 4617 386 4671 voce,
411 4595 509 4658 altero
531 4596 689 4676 paullatim
711 4596 841 4659 intensa.
882 4597 949 4660 Hoc
976 4597 1219 4660 animadvertens
1238 4594 1432 4655 Ptolemaeus
1455 4583 1546 4665 petiit

182 4689 301 4754 auditui
325 4683 492 4752 subsidium
515 4705 533 4746 a
559 4685 686 4748 ratione.
734 4685 850 4768 Verum
872 4685 968 4765 ipsius
991 4685 1088 4759 ratio,
1123 4684 1182 4746 etsi
1211 4691 1245 4743 ut
1268 4677 1425 4760 plurimum
1448 4673 1543 4735 satis-
