3628 5518
325 289 387 356 lbi
455 379 461 390 ,
836 290 952 354 Mysum
970 289 1168 358 Commu&

320 468 390 516 uem
413 452 478 533 ejus
501 447 895 525 humilitatendesosndit,
925 451 1004 514 ende
1027 451 1057 516 'm
1080 450 1142 516 illis
1166 469 1221 530 pro
1243 449 1500 532 ecceutrepicyclo
1524 457 1673 512 eccentrus

323 541 454 626 ecceutri
482 539 691 620 9099999199
724 548 878 600 assumtus
912 548 977 601 est:
1011 539 1041 616 iu
1066 538 1214 601 Mercurio
1243 557 1314 600 vero
1342 538 1503 619 peculiaris
1534 537 1673 618 quaedam

323 631 487 703 diameter,
520 646 575 710 per
602 645 690 709 quam
714 628 833 689 accedit
856 636 887 689 et
910 628 1024 691 recedit
1042 650 1066 690 ,9
1088 627 1179 703 Sole,
1214 627 1353 690 similiter
1381 627 1468 706 longe
1497 627 1637 689 remotius
1658 647 1675 688 9

323 716 395 782 Sele
418 711 569 780 luterdum
592 715 811 796 exporrigitur,
842 736 930 796 quam
953 717 1217 797 9191199999991.Ι
1254 715 1452 780 Existimavit
1474 715 1583 796 igitur,
1613 734 1675 776 9991

322 806 444 870 orbibus
467 807 691 886 relinquendam
716 823 785 865 esse
809 805 1048 886 spissitudinem,
1073 825 1150 886 quae
1173 805 1304 868 motibus
1328 804 1571 867 demonstrandis
1594 803 1675 864 sulfi-

322 892 394 960 clat.
442 891 498 958 Oui
523 893 684 975 respondi:
717 893 862 973 primum,
893 895 1090 956 deserendum
1121 913 1188 956 esse
1216 902 1314 956 totum
1342 894 1513 973 negotium,
1543 892 1568 954 si
1591 892 1674 971 duplo

322 985 488 1050 crassiores
512 985 587 1046 liant
609 982 718 1044 orbes:
750 1001 818 1043 narn
841 981 964 1045 nimium
986 988 1286 1063 apoodooospaosoo
1309 983 1461 1045 ademtam
1484 983 1540 1044 iri:
1575 981 1675 1042 deiude

324 1074 399 1139 nibil
422 1073 569 1145 decedere
584 1071 739 1137 nobilitati
753 1069 951 1134 miraculosae
966 1073 1055 1154 hujus
1069 1071 1311 1151 machinationis,
1336 1071 1362 1133 si
1385 1072 1472 1134 modo
1497 1071 1564 1132 riae
1588 1069 1674 1150 ipsae,

322 1163 513 1245 9199919199]
538 1158 708 1239 descriptae
732 1160 877 1240 globulis,
907 1161 1059 1224 retineant
1085 1161 1163 1224 banc
1185 1161 1428 1242 proportionem
1461 1159 1676 1242 quibuscunque

323 1252 367 1320 illi
389 1251 545 1331 agitentur
567 1249 707 1325 orbibus,
737 1250 855 1329 maguis
879 1270 917 1314 au
940 1251 1054 1330 parvis.
1099 1251 1143 1314 Et
1165 1249 1283 1326 addidi,
1308 1270 1383 1330 quae
1408 1268 1474 1330 cap.
1503 1243 1554 1312 16.
1579 1247 1677 1324 habes,

323 1342 361 1403 de
383 1339 513 1402 materia
535 1340 709 1418 figurarum,
735 1356 810 1417 quae
834 1339 918 1400 nulla
940 1340 1002 1414 sit;
1030 1347 1120 1422 atque
1145 1340 1214 1402 iude
1237 1358 1296 1402 uon
1320 1339 1485 1402 absurdum
1507 1356 1589 1410 esse,
1614 1355 1677 1398 cor·

323 1447 398 1510 pore
421 1447 487 1491 cum
511 1427 634 1489 orbibus
662 1426 766 1487 codem
796 1427 863 1488 loco
891 1428 1061 1503 includere;
1096 1429 1155 1490 imo
1188 1421 1260 1492 iero
1292 1429 1340 1490 vel
1369 1428 1434 1490 siue
1463 1426 1586 1490 orbibus
1608 1425 1680 1486 bauo

322 1519 390 1580 viee
415 1517 664 1597 inaequalitatem
686 1515 808 1578 defendi
830 1533 932 1594 posse.
978 1519 1013 1578 Iu
1038 1536 1097 1597 qua
1124 1517 1278 1579 sententia
1305 1516 1393 1578 video
1421 1517 1553 1578 nobilem
1576 1521 1607 1576 et
1628 1532 1678 1576 ex-

323 1605 570 1670 cellentissimum
599 1604 843 1667 mathematicum
867 1606 1039 1686 Tychonem
1061 1606 1181 1678 Brehe,
1210 1606 1347 1676 Danum,
1380 1605 1506 1668 versari.
1555 1601 1679 1666 Causam

315 1706 425 1772 191999
449 1703 481 1756 91
505 1694 623 1764 modum
648 1692 722 1753 haec
747 1704 851 1755 nostra
874 1692 1016 1756 disertius
1039 1695 1183 1758 indicant.
1217 1695 1333 1778 Nempe
1357 1695 1382 1756 si
1402 1695 1508 1757 eedem
1531 1692 1572 1754 sit
1594 1711 1680 1754 eausa

324 1783 481 1847 tarditatis
505 1791 537 1844 et
559 1779 731 1842 velocitatis
755 1779 783 1843 iu
807 1783 991 1861 singulorum
1007 1784 1127 1848 orbibus
1143 1787 1180 1859 ⁸),
1206 1802 1282 1864 quae
1306 1803 1397 1864 supra
1416 1797 1482 1863 cap:
1499 1779 1554 1846 20.
1579 1781 1679 1842 1111119

326 1873 465 1940 uniuerso
488 1870 608 1944 mundo,
635 1871 689 1930 hoc
713 1871 821 1933 modo:
846 1869 897 1933 via
919 1872 1061 1952 planetae
1085 1873 1254 1954 9999911199
1277 1874 1366 1936 tarda
1388 1873 1526 1953 superios
1552 1876 1613 1944 est,
1635 1869 1679 1932 iu-

325 1963 417 2028 ferius
444 1961 542 2024 velun
591 1959 642 2024 Ad
674 1960 730 2022 hoc
763 1960 842 2022 enirn
875 1960 1141 2046 demonstrandum
1169 1969 1307 2029 assumta
1331 1959 1497 2044 Cuperuico
1531 1957 1679 2042 epicyclia,

325 2051 501 2115 Ptolemaeo
523 2055 699 2129 aequantes.
714 2046 743 2121 ¹’)
789 2049 988 2115 Describatur
1010 2049 1102 2130 igitur
1124 2051 1331 2116 conceutricus
1360 2050 1497 2133 aeqrmlis
1528 2050 1595 2112 viae
1617 2048 1680 2130 pla-

325 2141 461 2203 netariae
484 2136 691 2210 eooentricae3
721 2138 806 2216 cujus
829 2147 929 2204 motus
951 2139 1141 2221 undiquaque
1165 2141 1301 2220 aequalis
1324 2141 1397 2215 erit,
1427 2140 1497 2222 quia
1522 2137 1681 2218 aequaliter

326 2230 364 2290 ab
387 2227 501 2308 origiue
525 2232 625 2287 motus
649 2225 755 2288 distat.
793 2226 877 2306 Ergo
899 2228 929 2289 iu
952 2229 1117 2292 medietate
1140 2229 1208 2292 viae
1229 2231 1418 2294 ecoeutricae
1441 2246 1537 2309 supra
1559 2245 1681 2292 conceu-

326 2317 432 2380 tricum
456 2314 598 2377 eminenti
621 2315 737 2375 tardior
758 2315 818 2378 erit
840 2316 978 2394 planeta,
1008 2317 1081 2396 quia
1106 2317 1225 2398 lougius
1250 2341 1269 2382 9
1291 2318 1364 2382 Sole
1387 2318 1503 2380 recedit
1528 2325 1562 2379 91
1584 2313 1682 2378 avir-

326 2415 390 2469 tute
415 2402 553 2466 debiliori
576 2409 731 2464 movetur:
759 2403 790 2464 iu
819 2405 934 2486 reliqua
961 2405 1100 2482 celerior,
1131 2408 1202 2486 quie
1225 2405 1290 2469 Soli
1313 2408 1438 2468 vicinior
1461 2415 1494 2468 91
1517 2407 1548 2468 19
1574 2401 1681 2467 fortiori

326 2496 447 2570 virtute.
481 2492 584 2572 Atque
599 2490 675 2554 11999
691 2491 891 2555 variationem
906 2503 1006 2557 motus
1029 2514 1087 2557 uou
1112 2514 1199 2558 secus
1223 2515 1279 2576 per
1302 2497 1454 2558 circellum
1477 2489 1681 2564 demonstrati,

326 2581 413 2650 acsi
436 2596 504 2644 vere
528 2579 558 2641 19
582 2599 617 2641 99
643 2579 764 2642 91999119
787 2581 912 2662 9199919
934 2593 1104 2648 moveretur
1127 2585 1244 2664 aequali
1263 2594 1357 2660 motu,
1382 2583 1505 2648 cuilibet
1531 2583 1619 2646 facile
1640 2588 1684 2642 est

326 2672 480 2756 colligere.
526 2667 632 2732 Habes
661 2689 784 2735 causare
812 2671 969 2736 tarditatis
1002 2673 1108 2754 hujus,
1142 2673 1298 2736 videamus
1332 2693 1407 2736 nuuc
1434 2679 1470 2736 'et
1496 2689 1681 2734 mensuram:

923 2761 953 2826 A
980 2762 1022 2824 911
1049 2764 1116 2824 1999
1145 2763 1262 2826 animae
1291 2763 1453 2838 moventis,
1484 2783 1529 2826 sc.
1560 2759 1629 2835 Sol,
1659 2757 1682 2818 B

836 2858 969 2915 centrum
997 2850 1065 2914 viae
1088 2849 1221 2927 EFGH,
1257 2870 1345 2932 quam
1376 2852 1521 2932 planeta,
1556 2850 1608 2914 sed
1638 2847 1682 2908 iu·

835 2939 954 3018 aequali
981 2961 1091 3020 passu,
1122 2941 1250 3016 incedit,
1278 2939 1552 3026 ΒΙ191191ΒΔ,
1583 2935 1683 3001 91οΒ

632 3023 665 3097 ’ῑ
774 3063 798 3116 l
835 3028 902 3106 ejus
925 3029 1090 3092 dimidium.
1129 3027 1206 3092 Oum
1229 3029 1321 3110 igitur
1341 3029 1396 3094 EF
1418 3030 1460 3094 eit
1483 3028 1627 3094 remotior
1649 3024 1682 3086 ab

836 3118 880 3190 A,
916 3135 1006 3196 quarn
1033 3116 1092 3180 ΝΟ
1125 3119 1298 3199 quantitate
1326 3119 1400 3192 AB,
1428 3117 1628 3181 conveniebat
1655 3121 1685 3178 91

836 3205 961 3286 9199919
984 3207 1014 3268 19
1036 3207 1090 3268 EF
1119 3215 1182 3268 tam
1209 3209 1314 3270 tardus
1344 3216 1446 3282 esset,
1479 3227 1516 3269 ao
1547 3206 1574 3267 si
1602 3203 1683 3283 duplo

836 3295 954 3375 lougius
977 3295 1017 3357 ab
1039 3297 1069 3357 A
1092 3297 1282 3370 recessisset,
1307 3297 1478 3375 quantitate
1502 3315 1547 3358 sc.
1568 3295 1633 3366 AD,
1656 3297 1685 3352 91

733 3453 736 3459 ,
784 3387 927 3463 11199999
950 3393 1054 3448 999199
1076 3384 1106 3446 D
1130 3392 1272 3449 curreret.
1314 3385 1357 3448 Et
1380 3395 1514 3460 econtra,
1540 3404 1606 3446 curu
1628 3377 1683 3442 HG

838 3472 879 3535 sit
900 3473 1022 3553 propior
1044 3473 1102 3553 ipsi
1125 3474 1156 3535 A
1180 3493 1269 3555 quam
1290 3473 1356 3547 ΡΟ,
1380 3475 1488 3536 eidem
1512 3473 1570 3536 AB
1593 3487 1682 3552 quau·

838 3561 939 3639 titate,
964 3562 1170 3638 conveniebat,
1196 3573 1229 3626 ut
1245 3563 1370 3644 9199919
1387 3563 1416 3625 19
1433 3561 1495 3625 GH
1518 3572 1581 3625 tam
1603 3559 1684 3620 velox

840 3659 942 3726 esset,
976 3671 1012 3713 ae
1044 3651 1070 3713 si
1099 3652 1188 3736 duplo
1220 3652 1343 3733 propius
1371 3652 1410 3713 ad
1438 3654 1468 3714 A
1498 3649 1683 3717 accessisset,

839 3739 975 3802 nimirum
997 3740 1103 3802 itidem
1128 3741 1299 3820 quantitate
1323 3741 1393 3803 AD.
1426 3740 1594 3820 Utrobique
1619 3753 1683 3814 ergo

839 3829 1017 3891 tantundem
1041 3836 1102 3904 eet,
1128 3849 1163 3891 ac
1187 3830 1213 3892 si
1237 3849 1325 3910 super
1348 3831 1376 3892 D
1401 3839 1505 3892 centro
1528 3827 1682 3890 incederet

840 3915 940 3998 Supra
962 3917 1042 3980 enirn
1065 3936 1132 3999 cap.
1158 3915 1210 3982 20.
1236 3940 1273 3981 ea
1296 3927 1429 3982 motuum
1457 3919 1496 3980 ad
1524 3917 1611 3980 orbes
1634 3912 1685 3975 1911

841 4007 1005 4087 proportio.
1022 4010 1048 4082 ⁶)
1095 4006 1196 4079 Quare
1221 4009 1335 4084 sopita,
1366 4029 1442 4089 quae
1469 4005 1683 4070 111119911999

332 4111 444 4156 999999
467 4113 522 4174 999
540 4101 636 4156 1919111
651 4095 793 4158 circulum
808 4106 1031 4174 concurrerunt,
1056 4117 1109 4160 eas
1133 4096 1180 4160 bic
1205 4099 1341 4160 inversas
1366 4106 1398 4160 et
1419 4098 1588 4176 penuixtas
1610 4109 1683 4158 esse.

332 4181 397 4244 lllic
422 4183 503 4246 orbis
527 4182 660 4262 ejusdem
683 4185 799 4263 integer
822 4185 954 4248 ambitus
982 4186 1079 4267 major
1108 4196 1140 4248 et
1167 4188 1310 4250 remotior
1337 4187 1493 4266 periodum
1522 4184 1624 4258 auxit,
1656 4187 1685 4240 91

331 4271 428 4334 911999
450 4280 541 4351 atque
564 4272 686 4352 propior
709 4273 865 4336 diminuit:
891 4275 938 4336 bic
963 4285 1065 4338 autem
1088 4275 1192 4338 circuli
1216 4273 1332 4362 NOPQ
1356 4283 1387 4338 et
1409 4272 1525 4338 EFGH
1550 4270 1684 4352 aequales

331 4367 412 4435 sunt,
437 4367 470 4423 et
491 4361 578 4449 hujus
601 4379 672 4440 pars
697 4362 795 4423 altera
818 4362 970 4436 remotior,
996 4364 1094 4426 altera
1112 4365 1233 4445 propior
1248 4373 1297 4427 est
1311 4373 1414 4427 centro
1429 4363 1468 4439 A,
1494 4362 1569 4428 Soli.
1603 4357 1682 4430 Quu-

332 4457 456 4530 prcpter
478 4449 587 4512 matrix
610 4451 706 4514 virtus
730 4451 759 4512 iu
783 4451 813 4513 A
837 4451 904 4530 agit
933 4451 961 4513 iu
985 4451 1039 4516 EF
1069 4462 1101 4515 et
1129 4455 1158 4516 in
1184 4451 1262 4528 GH,
1296 4464 1440 4534 tanquam
1472 4453 1598 4532 planeta
1628 4445 1683 4509 illic

332 4545 417 4601 99991
439 4537 470 4602 19
492 4538 552 4613 lK,
578 4537 626 4601 1119
651 4538 679 4602 19
704 4541 775 4602 LM.
822 4541 985 4622 Utriusque
1014 4549 1129 4616 991919,
1161 4542 1318 4605 tarditatis
1350 4542 1431 4604 illius
1461 4550 1493 4604 91
1519 4533 1683 4602 velocitatis

333 4627 421 4706 hujus
454 4626 617 4690 communis
650 4647 790 4692 mensura
822 4629 972 4692 iuvenitur
1003 4631 1034 4692 iu
1063 4631 1102 4694 D.
1150 4633 1255 4713 ltaque
1286 4633 1411 4712 planeta
1438 4631 1468 4692 in
1495 4629 1548 4694 EF
1551 4627 1609 4691 GH
1637 4624 1680 4686 111

332 4715 527 4796 progrediens
555 4717 660 4780 tardus
688 4717 835 4796 veloxque
867 4736 922 4780 uec
952 4737 1011 4782 uon
1039 4721 1198 4786 mediceris
1222 4721 1303 4784 circa
1325 4722 1355 4784 R
1377 4728 1409 4782 et
1433 4718 1456 4782 S
1484 4721 1534 4790 lit,
1566 4713 1682 4798 perinde

333 4803 530 4884 1999999119
556 4805 679 4875 lliLM,
711 4806 853 4885 superD
881 4814 1015 4872 centrum
1044 4809 1212 4892 aequaliter
1240 4808 1307 4876 iret.
1354 4810 1425 4876 dau
1452 4808 1520 4872 vide
1548 4803 1680 4876 artifices,
