3586 5518
679 273 761 324 Notae
780 276 895 324 aucwrls.
1405 273 1462 338 111

118 435 248 506 quiequam
266 435 368 490 babetr
394 443 429 491 ut
442 437 549 492 scilicet
570 435 675 492 numeri
689 452 801 500 omnes,
826 436 873 506 qui
892 451 976 490 unum
999 435 1118 506 aliquem
1137 435 1318 500 emetiuutur,
1342 435 1371 490 iu
1385 453 1468 491 unum

116 513 226 577 ιιιιιιι,
249 522 374 585 aequent
387 523 586 572 mensuratum.
627 516 680 570 Est
693 515 801 588 quidem
815 515 971 586 aequalitas
989 515 1133 584 pulchrum
1150 513 1303 586 quippiam,
1328 517 1377 570 sed
1397 515 1468 570 baec

116 593 257 663 aequalitas
270 596 396 650 numeris
411 595 496 666 ipsis,
520 596 628 650 ratione
648 594 826 665 suiipsorum
847 595 1018 666 singulorum
1042 602 1086 648 est
1100 593 1297 656 accidentaria;
1322 612 1372 650 nec
1392 595 1466 666 quic-

114 691 185 746 quan
198 674 278 728 atiert
291 675 328 728 ad
343 691 441 729 eorum
458 675 696 740 constitutionem,
712 677 760 728 sed
774 675 896 730 resultat
909 673 1078 728 necessitate
1092 673 1263 746 geometrica
1277 691 1314 727 ex
1327 673 1388 743 Jam
1402 693 1465 728 con·

114 753 219 815 stitoa's;
241 771 292 806 nec
306 754 358 807 dat
371 754 441 825 ipsis
456 756 517 818 hoc,
541 762 573 809 ut
585 754 642 808 sint
655 754 744 825 magis
760 753 914 817 articulati;
938 770 998 807 cum
1015 761 1108 808 tamen
1123 753 1196 808 cirea
1209 753 1297 824 ipsam
1312 755 1384 808 hanc
1399 755 1465 808 arti·

112 832 266 886 emotionem
280 841 447 903 occupetur,
464 841 494 889 et
508 850 544 889 ea
557 835 754 905 quodammodo
768 833 929 888 deliniatur:
952 833 1017 903 quin
1027 833 1129 904 potius,
1146 833 1191 904 qui
1203 832 1321 902 jubetur
1339 834 1413 887 banc
1427 834 1466 888 sic

111 913 200 966 dictam
212 911 417 982 perfectionem
432 915 576 978 affectare,
601 913 624 967 ιι
638 913 691 967 boc
705 913 765 982 ipso
779 911 1023 976 circumscribitur,
1046 931 1081 966 ne
1103 913 1193 983 possit
1207 927 1313 967 sumere
1333 913 1464 967 articula·

111 991 224 1046 tissinos.
265 993 305 1046 Et
328 1000 364 1046 ut
387 993 464 1062 prius
486 1011 576 1047 sumus
599 991 757 1047 ratiocinati
779 994 814 1046 de
829 993 1004 1056 sectionibus,
1029 991 1068 1046 sic
1089 1008 1160 1046 nunc
1181 993 1266 1046 etiam
1290 995 1322 1046 de
1346 994 1465 1046 numeris

110 1071 292 1126 circuientibus
316 1087 405 1128 unum
420 1074 540 1144 aliquem
554 1074 644 1128 dicere
667 1089 826 1143 possumus:
849 1073 920 1165 quod
935 1073 1041 1126 scilicet
1063 1073 1139 1141 prius
1154 1071 1273 1143 quilibet
1291 1071 1400 1126 illorum
1413 1089 1464 1142 pro

109 1167 135 1204 se
146 1152 202 1220 ipso
220 1153 375 1207 emetiatur
397 1154 569 1224 propositum
582 1169 735 1216 numanum,
760 1169 815 1206 noa
829 1152 966 1222 accipiens
990 1154 1064 1207 hane
1085 1159 1213 1206 naturam
1237 1153 1273 1204 ab
1292 1152 1465 1222 aequalitate

109 1237 260 1300 praetensa,
287 1234 337 1286 sed
353 1241 456 1303 postea
470 1236 576 1288 demum
591 1193 769 1288 accidstiilia
783 1232 917 1303 eirrgulis,
941 1239 974 1286 ut
993 1231 1115 1286 universi
1133 1237 1255 1302 aequent
1268 1239 1463 1286 mensuratum.

107 1310 167 1364 Vide
179 1310 227 1366 lib.
243 1328 307 1366 meo
322 1313 372 1366 lll.
389 1315 521 1368 Hermon.
544 1315 595 1367 sub
617 1313 699 1366 flnem
717 1312 860 1382 capitisd.
885 1313 975 1366 locum
998 1311 1122 1376 similem,
1146 1313 1180 1365 de
1201 1327 1315 1365 occursu
1339 1311 1463 1374 ternarii,

108 1406 150 1458 pro
164 1407 214 1460 quc
228 1390 275 1444 bis
288 1399 337 1446 est
350 1403 482 1448 unumne
497 1392 684 1464 aequalitatis.
727 1393 788 1446 Non
808 1392 874 1461 plus
897 1390 985 1462 igitur
998 1391 1109 1445 virtutis
1121 1397 1154 1446 et
1165 1389 1343 1446 dexteritatis
1358 1391 1466 1444 confert

107 1470 214 1524 numeris
238 1471 313 1524 baec
333 1473 509 1543 aequalitas,
535 1489 615 1544 quam
630 1470 772 1544 agricolae
794 1471 915 1526 inventio
930 1471 1069 1533 thesauri;
1093 1479 1125 1525 ut
1146 1470 1276 1525 credibile
1290 1486 1464 1541 nequaquam

107 1549 149 1612 sit,
177 1550 317 1604 senarium
340 1553 404 1605 Deo
431 1553 549 1606 creatori
572 1547 711 1622 placuisse
735 1557 850 1620 propter
870 1549 942 1604 banc
965 1549 1093 1610 indolem.
1135 1549 1203 1604 Dico
1227 1552 1358 1612 secundo,
1391 1551 1464 1604 banc

107 1629 268 1682 ιιιιιιιιειιι
283 1647 343 1684 non
358 1638 515 1704 competere
529 1631 656 1694 numeris,
681 1637 713 1684 ut
725 1630 942 1685 numerantibus.
984 1631 1014 1683 Id
1037 1629 1120 1683 facilc
1143 1631 1277 1700 probatur
1291 1649 1327 1684 ex
1341 1629 1462 1684 Euclidis

106 1709 145 1762 lib.
159 1707 215 1763 v11.
231 1709 308 1764 Vlll.
326 1711 378 1766 lX.
423 1711 459 1765 Ut
472 1711 544 1765 enim
558 1717 656 1765 auctor
678 1710 727 1764 ille
741 1710 916 1774 demonstret,
941 1709 1031 1764 inesse
1046 1709 1207 1779 quibusdam
1230 1709 1302 1763 hanc
1315 1709 1461 1779 perfectio·

106 1805 165 1849 nem,
187 1788 300 1859 cogitur
313 1791 359 1844 uti
374 1791 493 1844 numeris
508 1791 645 1861 figuratis,
661 1790 686 1843 id
701 1797 753 1853 est,
769 1795 801 1843 ut
814 1788 926 1844 scholae
941 1791 1099 1862 loquuntur,
1115 1789 1233 1843 numeris
1248 1789 1398 1844 numeratis
1414 1804 1462 1842 seu

105 1868 382 1940 parallelogrammis,
399 1871 511 1940 aequali
525 1884 654 1924 mensura
666 1869 760 1922 divisis
776 1869 803 1922 in
817 1871 930 1940 longum
945 1877 974 1922 et
987 1871 1085 1923 latum.
1128 1869 1220 1930 Quare
1237 1868 1260 1921 si
1275 1883 1331 1939 qua
1343 1869 1462 1922 maxime

106 1947 249 2001 nobilitatis
265 1956 340 2002 nota
354 1955 440 2012 esset,
463 1950 534 2003 baec
547 1950 586 2003 sic
600 1949 674 2002 dicta
687 1948 830 2018 perfectio,
851 1948 901 2002 ille
915 1948 1002 2018 primo
1017 1955 1185 2018 competeret
1201 1948 1376 2020 geometricis
1390 1949 1461 2018 tigu-

104 2025 134 2078 ris
137 2027 242 2081 ,Ειιι
255 2043 327 2081 rero
353 2028 480 2082 senarius
495 2045 588 2083 verare
602 2043 680 2082 susm
701 2035 731 2082 et
743 2029 848 2082 realem
870 2028 1044 2082 nobilitatem
1064 2029 1150 2082 babet
1164 2045 1179 2080 e
1194 2028 1365 2098 sexangulo,
1391 2043 1462 2098 quae

104 2200 232 2238 sumerum
246 2186 447 2282 primariorum
461 2189 550 2244 mundi
566 2205 709 2258 corporum
730 2189 763 2241 tit
776 2195 869 2257 aptus.
912 2188 1017 2258 Figura
1040 2188 1112 2242 enim
1134 2188 1185 2242 illa
1199 2187 1330 2248 circulum
1350 2195 1384 2242 ut
1398 2205 1460 2240 con·

104 2255 201 2320 ιιιιιι
219 2253 445 2336 quantitatem'
437 2285 464 2322 ιι
489 2287 538 2322 sex
562 2275 658 2338 partes
681 2267 790 2321 dividit:
815 2283 933 2336 corpora
953 2270 1092 2322 mundana
1113 2275 1248 2322 nunaunt
1269 2273 1366 2337 partes
1381 2267 1461 2322 unius

103 2345 239 2398 continuae
264 2346 446 2418 quantitatis.
488 2349 543 2402 llla
560 2349 655 2418 figura
677 2348 749 2400 inter
771 2348 871 2417 planas
895 2355 952 2402 est:
977 2347 1137 2418 corporibus
1158 2364 1224 2401 vero
1248 2347 1339 2402 mundi
1363 2347 1460 2412 solida,

103 2439 144 2476 seu
157 2425 237 2479 trium
252 2426 458 2482 dimensionum
478 2428 573 2498 spatia
586 2429 653 2480 data
667 2434 731 2480 sunt
751 2429 938 2498 peragranda.
982 2425 1068 2481 Recte
1090 2427 1176 2498 igitur
1196 2427 1341 2496 repudiavi
1360 2425 1461 2482 senarii

103 2501 177 2572 ipsius
199 2522 302 2576 perse
324 2506 490 2560 considerati
505 2509 593 2571 dotes,
619 2522 653 2560 ue
677 2505 857 2560 adsciscerem
877 2506 941 2562 illas
966 2507 1039 2561 inter
1062 2523 1161 2561 causas
1181 2507 1283 2561 senarii
1307 2508 1458 2561 coelorum:

103 2591 167 2636 recte
182 2585 293 2648 censui,
319 2587 475 2655 oportuisse
499 2589 665 2658 praecedere
680 2603 779 2640 causas
801 2587 908 2656 aliquas
926 2586 1077 2651 evidentes,
1102 2581 1251 2657 ex'quibus
1267 2587 1363 2640 deinde
1379 2601 1459 2640 sena-

102 2661 150 2717 rius
170 2663 222 2718 iste
237 2665 384 2720 coeloram
407 2667 481 2720 ultro
505 2668 668 2727 resultaret;
694 2665 794 2720 sicut*
787 2683 814 2720 ιι
828 2665 987 2721 harmonica
1004 2666 1157 2737 disciplina,
1179 2665 1270 2720 causis
1284 2665 1459 2737 praegressis

104 2741 203 2807 idoneis,
226 2746 357 2799 resultet
370 2752 400 2799 et
414 2747 553 2801 ιειιιιιιιιι
567 2745 774 2801 consonantium
788 2745 816 2798 ιι
830 2745 900 2800 idem
914 2751 1041 2801 sdnorum
1065 2754 1094 2802 et
1108 2746 1283 2838 septenarius
1298 2745 1459 2799 divisionum

103 2820 327 2879 harmonicarum.

172 2901 202 2967 ιι)
217 2907 281 2959 lmo
304 2905 386 2958 ideae
410 2906 598 2976 quantitatum
622 2913 687 2960 sunt
709 2912 842 2976 erantque
860 2907 921 2959 Deo
945 2912 1118 2968 coaeternae,
1143 2904 1249 2959 Deus
1242 2921 1317 2976 spse;
1342 2911 1462 2974 suntque

104 2981 183 3036 ιιιιι
196 2985 428 3054 exemplariter'
419 3003 447 3038 ιι
462 2985 558 3040 animis
582 2988 618 3040 ad
632 2985 780 3056 imaginem
792 2985 846 3040 Dei
862 2981 961 3052 (etism
981 2985 1105 3039 essentia
1118 2981 1182 3050 sua)
1202 2984 1293 3049 iactis,
1317 3000 1374 3055 qua
1384 2983 1415 3036 in
1429 2998 1460 3037 re

104 3063 273 3118 ausentiunt
294 3065 419 3135 gentiles
440 3065 599 3136 philosophi
622 3073 652 3119 et
671 3068 797 3120 doctores
821 3065 965 3120 ecclesiae.

173 3137 196 3210 i)
217 3144 395 3214 Scripseram
410 3145 468 3198 ista
479 3146 544 3200 mibi
558 3146 624 3208 soli;
648 3145 841 3216 intelligebam
854 3145 941 3216 igitur
954 3162 1004 3216 pro
1019 3147 1105 3200 Terra
1125 3144 1227 3206 orbem,
1252 3160 1305 3214 quo
1320 3142 1371 3195 illa
1384 3140 1461 3194 vehi·

104 3228 149 3284 tor,
169 3238 333 3294 magnum
359 3240 380 3278 a
393 3225 545 3294 Copernico
559 3225 672 3280 dictum:
695 3226 734 3278 sic
748 3242 797 3294 pro
812 3225 937 3296 quolibet
951 3226 1075 3296 planeta,
1098 3225 1192 3278 orbem
1207 3223 1303 3294 ipsius.
1343 3217 1383 3276 Et
1396 3237 1459 3290 per·

104 3298 165 3354 tinet
187 3303 316 3358 ultimum
340 3320 460 3360 comma:
493 3305 589 3360 Habes
608 3306 743 3360 rationem
766 3303 813 3361 dac.
838 3304 923 3358 etiarn
947 3307 980 3359 ad
997 3305 1076 3362 'hanc
1099 3323 1135 3358 ex
1160 3303 1267 3358 schedis
1290 3301 1462 3371 exscriptam

104 3382 270 3436 ιιιιιιιιιιι.
1095 3411 1098 3421 ν

171 3457 375 3526 k)1,dborevi
398 3462 551 3533 pueriliter,
577 3481 611 3518 ne
626 3463 686 3556 quis
701 3461 764 3518 mihi
788 3462 947 3532 imputaret,
972 3479 1014 3516 me
1031 3469 1194 3517 novatorem
1209 3479 1280 3526 esse,
1303 3459 1462 3516 ostentandi

103 3538 201 3593 solun
192 3543 300 3613 ingenii
316 3559 410 3597 causa
433 3536 530 3597 librum
551 3543 707 3614 scripsisse.
731 3541 773 3596 his
789 3542 906 3612 opposui
920 3549 950 3597 et
964 3548 1057 3596 rotun
1071 3549 1101 3596 et
1122 3542 1322 3612 penitissimum
1344 3553 1461 3612 persua

104 3616 195 3674 sionem
209 3621 242 3674 ds
255 3622 386 3676 veritate
403 3637 505 3686 eorum,
529 3639 600 3693 quae
623 3623 694 3678 liber
708 3621 870 3686 contineret,
895 3630 925 3676 et
938 3621 1065 3704 denique
1077 3624 1203 3678 arddrem
1222 3621 1379 3676 conterendi
1401 3637 1463 3675 cum

103 3695 158 3750 aliis
178 3702 211 3754 de
232 3702 276 3757 bis
301 3699 442 3756 inventis.
482 3703 520 3756 Et
541 3711 630 3768 erant,
647 3704 760 3774 opinor,
783 3701 898 3757 idoneae
922 3717 1024 3756 musae
1044 3682 1212 3773 prolliqandi
1232 3700 1344 3772 pudoris
1366 3699 1463 3770 inepti.
