<?xml version="1.0" encoding="UTF-8"?>
<!DOCTYPE html PUBLIC "-//W3C//DTD XHTML 1.0 Transitional//EN"
    "http://www.w3.org/TR/xhtml1/DTD/xhtml1-transitional.dtd">
<html xmlns="http://www.w3.org/1999/xhtml" xml:lang="en" lang="en">
 <head>
  <title>
</title>
<meta http-equiv="Content-Type" content="text/html;charset=utf-8" />
  <meta name='ocr-system' content='tesseract 3.04.00' />
  <meta name='ocr-capabilities' content='ocr_page ocr_carea ocr_par ocr_line ocrx_word'/>
</head>
<body>
  <div class='ocr_page' id='page_1' title='image "./joanniskepleria22frisgoog_0437.png"; bbox 0 0 3638 5524; ppageno 0'>
   <div class='ocr_carea' id='block_1_1' title="bbox 294 305 1085 372">
    <p class='ocr_par' dir='ltr' id='par_1_1' title="bbox 294 305 1085 372">
     <span class='ocr_line' id='line_1_1' title="bbox 294 305 1085 372; baseline -0.001 -13"><span class='ocrx_word' id='word_1_1' title='bbox 294 305 361 372; x_wconf 72' lang='lat'><strong>410</strong></span> <span class='ocrx_word' id='word_1_2' title='bbox 864 307 964 358; x_wconf 72' lang='lat' dir='ltr'><strong>meas</strong></span> <span class='ocrx_word' id='word_1_3' title='bbox 982 306 1085 372; x_wconf 59' lang='lat' dir='ltr'><strong>sacrm</strong></span> 
     </span>
    </p>
   </div>
   <div class='ocr_carea' id='block_1_2' title="bbox 296 449 1748 550">
    <p class='ocr_par' dir='ltr' id='par_1_2' title="bbox 296 449 1748 550">
     <span class='ocr_line' id='line_1_2' title="bbox 296 449 1748 550; baseline -0.003 -19"><span class='ocrx_word' id='word_1_4' title='bbox 296 489 368 550; x_wconf 88' lang='lat' dir='ltr'><strong>ago,</strong></span> <span class='ocrx_word' id='word_1_5' title='bbox 397 476 431 530; x_wconf 88' lang='lat' dir='ltr'><strong>ut</strong></span> <span class='ocrx_word' id='word_1_6' title='bbox 459 467 620 530; x_wconf 82' lang='lat' dir='ltr'><strong>veritatem</strong></span> <span class='ocrx_word' id='word_1_7' title='bbox 648 483 705 546; x_wconf 90' lang='lat' dir='ltr'><strong>ego</strong></span> <span class='ocrx_word' id='word_1_8' title='bbox 735 466 834 547; x_wconf 84' lang='lat' dir='ltr'><strong>(cujus</strong></span> <span class='ocrx_word' id='word_1_9' title='bbox 865 477 1000 530; x_wconf 81' lang='lat' dir='ltr'><strong>assertor</strong></span> <span class='ocrx_word' id='word_1_10' title='bbox 1028 485 1092 528; x_wconf 90' lang='lat' dir='ltr'><strong>sum</strong></span> <span class='ocrx_word' id='word_1_11' title='bbox 1120 473 1256 546; x_wconf 88' lang='lat' dir='ltr'><strong>promtus</strong></span> <span class='ocrx_word' id='word_1_12' title='bbox 1283 483 1416 546; x_wconf 79' lang='lat' dir='ltr'>semper,</span> <span class='ocrx_word' id='word_1_13' title='bbox 1445 485 1506 528; x_wconf 90' lang='lat' dir='ltr'><strong>uon</strong></span> <span class='ocrx_word' id='word_1_14' title='bbox 1536 483 1655 546; x_wconf 89' lang='lat' dir='ltr'><strong>semper</strong></span> <span class='ocrx_word' id='word_1_15' title='bbox 1741 449 1748 468; x_wconf 90' lang='grc'><strong><em>’</em></strong></span> 
     </span>
    </p>
   </div>
   <div class='ocr_carea' id='block_1_3' title="bbox 256 549 1659 3763">
    <p class='ocr_par' dir='ltr' id='par_1_3' title="bbox 256 549 1659 3763">
     <span class='ocr_line' id='line_1_3' title="bbox 297 549 1652 638; baseline -0.005 -17"><span class='ocrx_word' id='word_1_16' title='bbox 297 549 439 638; x_wconf 90' lang='lat' dir='ltr'><strong>idoneus)</strong></span> <span class='ocrx_word' id='word_1_17' title='bbox 468 557 508 620; x_wconf 92' lang='lat' dir='ltr'><strong>ad</strong></span> <span class='ocrx_word' id='word_1_18' title='bbox 539 573 636 618; x_wconf 87' lang='lat' dir='ltr'><strong>meum</strong></span> <span class='ocrx_word' id='word_1_19' title='bbox 667 557 855 620; x_wconf 90' lang='lat' dir='ltr'><strong>commodum</strong></span> <span class='ocrx_word' id='word_1_20' title='bbox 884 556 1020 636; x_wconf 79' lang='lat' dir='ltr'><strong>dirigam.</strong></span> <span class='ocrx_word' id='word_1_21' title='bbox 1070 557 1102 616; x_wconf 93' lang='lat' dir='ltr'><strong>ln</strong></span> <span class='ocrx_word' id='word_1_22' title='bbox 1132 555 1268 618; x_wconf 90' lang='lat' dir='ltr'><strong>omuibus</strong></span> <span class='ocrx_word' id='word_1_23' title='bbox 1295 556 1500 636; x_wconf 77' lang='lat' dir='ltr'><strong>prognosticis</strong></span> <span class='ocrx_word' id='word_1_24' title='bbox 1527 554 1557 615; x_wconf 91' lang='lat' dir='ltr'><strong>id</strong></span> <span class='ocrx_word' id='word_1_25' title='bbox 1583 571 1652 634; x_wconf 89' lang='lat' dir='ltr'><strong>ago,</strong></span> 
     </span>
     <span class='ocr_line' id='line_1_4' title="bbox 296 643 1654 726; baseline -0.006 -16"><span class='ocrx_word' id='word_1_26' title='bbox 296 655 330 710; x_wconf 90' lang='lat' dir='ltr'><strong>ut</strong></span> <span class='ocrx_word' id='word_1_27' title='bbox 353 648 390 708; x_wconf 88' lang='lat' dir='ltr'><strong>de</strong></span> <span class='ocrx_word' id='word_1_28' title='bbox 408 647 537 726; x_wconf 89' lang='lat' dir='ltr'><strong>promtis</strong></span> <span class='ocrx_word' id='word_1_29' title='bbox 561 645 732 714; x_wconf 85' lang='lat' dir='ltr'><strong>sententiis.</strong></span> <span class='ocrx_word' id='word_1_30' title='bbox 757 645 929 726; x_wconf 89' lang='lat' dir='ltr'><strong>quaemihi</strong></span> <span class='ocrx_word' id='word_1_31' title='bbox 957 663 1046 708; x_wconf 88' lang='lat' dir='ltr'><strong>verae</strong></span> <span class='ocrx_word' id='word_1_32' title='bbox 1070 645 1222 718; x_wconf 89' lang='lat' dir='ltr'><strong>videntur,</strong></span> <span class='ocrx_word' id='word_1_33' title='bbox 1248 653 1369 722; x_wconf 87' lang='lat' dir='ltr'><strong>gustum</strong></span> <span class='ocrx_word' id='word_1_34' title='bbox 1393 645 1523 724; x_wconf 76' lang='lat' dir='ltr'><strong>aliquem</strong></span> <span class='ocrx_word' id='word_1_35' title='bbox 1543 643 1654 723; x_wconf 83' lang='lat' dir='ltr'><strong>jucun-</strong></span> 
     </span>
     <span class='ocr_line' id='line_1_5' title="bbox 296 733 1652 814; baseline -0.005 -15"><span class='ocrx_word' id='word_1_36' title='bbox 296 737 403 799; x_wconf 77' lang='lat' dir='ltr'><strong>ditatis</strong></span> <span class='ocrx_word' id='word_1_37' title='bbox 427 743 459 798; x_wconf 89' lang='lat' dir='ltr'><strong>et</strong></span> <span class='ocrx_word' id='word_1_38' title='bbox 482 733 653 814; x_wconf 87' lang='lat' dir='ltr'><strong>majestatis</strong></span> <span class='ocrx_word' id='word_1_39' title='bbox 676 741 802 798; x_wconf 89' lang='lat' dir='ltr'><strong>naturae</strong></span> <span class='ocrx_word' id='word_1_40' title='bbox 835 733 998 814; x_wconf 77' lang='lat' dir='ltr'>praebeam</span> <span class='ocrx_word' id='word_1_41' title='bbox 1020 735 1081 796; x_wconf 89' lang='lat' dir='ltr'><strong>illis</strong></span> <span class='ocrx_word' id='word_1_42' title='bbox 1104 751 1197 812; x_wconf 89' lang='lat' dir='ltr'><strong>supra</strong></span> <span class='ocrx_word' id='word_1_43' title='bbox 1220 733 1351 796; x_wconf 84' lang='lat' dir='ltr'><strong>definitis</strong></span> <span class='ocrx_word' id='word_1_44' title='bbox 1374 733 1449 795; x_wconf 88' lang='lat' dir='ltr'><strong>meis</strong></span> <span class='ocrx_word' id='word_1_45' title='bbox 1473 733 1652 796; x_wconf 88' lang='lat' dir='ltr'><strong>lectoribus:</strong></span> 
     </span>
     <span class='ocr_line' id='line_1_6' title="bbox 296 821 1653 905; baseline -0.005 -17"><span class='ocrx_word' id='word_1_46' title='bbox 296 827 324 888; x_wconf 90' lang='lat' dir='ltr'><strong>si</strong></span> <span class='ocrx_word' id='word_1_47' title='bbox 353 827 432 888; x_wconf 79' lang='lat' dir='ltr'><strong>forts</strong></span> <span class='ocrx_word' id='word_1_48' title='bbox 454 843 510 905; x_wconf 90' lang='lat' dir='ltr'><strong>per</strong></span> <span class='ocrx_word' id='word_1_49' title='bbox 532 825 589 886; x_wconf 91' lang='lat' dir='ltr'><strong>hoc</strong></span> <span class='ocrx_word' id='word_1_50' title='bbox 611 825 782 886; x_wconf 85' lang='lat' dir='ltr'><strong>excitentur</strong></span> <span class='ocrx_word' id='word_1_51' title='bbox 805 823 844 885; x_wconf 86' lang='lat' dir='ltr'><strong>ad</strong></span> <span class='ocrx_word' id='word_1_52' title='bbox 868 843 916 886; x_wconf 92' lang='lat' dir='ltr'><strong>me</strong></span> <span class='ocrx_word' id='word_1_53' title='bbox 940 831 1026 886; x_wconf 87' lang='lat' dir='ltr'><strong>tanto</strong></span> <span class='ocrx_word' id='word_1_54' title='bbox 1050 822 1158 903; x_wconf 88' lang='lat' dir='ltr'><strong>majori</strong></span> <span class='ocrx_word' id='word_1_55' title='bbox 1182 841 1247 885; x_wconf 88' lang='lat' dir='ltr'><strong>curn</strong></span> <span class='ocrx_word' id='word_1_56' title='bbox 1267 823 1379 884; x_wconf 88' lang='lat' dir='ltr'><strong>salario</strong></span> <span class='ocrx_word' id='word_1_57' title='bbox 1394 823 1544 892; x_wconf 87' lang='lat' dir='ltr'><strong>alendum,</strong></span> <span class='ocrx_word' id='word_1_58' title='bbox 1567 821 1653 900; x_wconf 90' lang='lat' dir='ltr'><strong>cujus</strong></span> 
     </span>
     <span class='ocr_line' id='line_1_7' title="bbox 296 910 1654 993; baseline -0.004 -17"><span class='ocrx_word' id='word_1_59' title='bbox 296 916 379 978; x_wconf 89' lang='lat' dir='ltr'><strong>nulla</strong></span> <span class='ocrx_word' id='word_1_60' title='bbox 402 915 500 976; x_wconf 85' lang='lat' dir='ltr'><strong>adhuc</strong></span> <span class='ocrx_word' id='word_1_61' title='bbox 524 911 661 976; x_wconf 77' lang='lat' dir='ltr'><strong>accessio</strong></span> <span class='ocrx_word' id='word_1_62' title='bbox 685 913 768 976; x_wconf 82' lang='lat' dir='ltr'><strong>sacta</strong></span> <span class='ocrx_word' id='word_1_63' title='bbox 791 914 902 993; x_wconf 91' lang='lat' dir='ltr'><strong>(neque</strong></span> <span class='ocrx_word' id='word_1_64' title='bbox 926 913 995 974; x_wconf 91' lang='lat' dir='ltr'><strong>dum</strong></span> <span class='ocrx_word' id='word_1_65' title='bbox 1018 913 1171 992; x_wconf 89' lang='lat' dir='ltr'><strong>impensae</strong></span> <span class='ocrx_word' id='word_1_66' title='bbox 1195 911 1267 974; x_wconf 90' lang='lat' dir='ltr'><strong>mihi</strong></span> <span class='ocrx_word' id='word_1_67' title='bbox 1286 912 1471 986; x_wconf 88' lang='lat' dir='ltr'><strong>restitutae).</strong></span> <span class='ocrx_word' id='word_1_68' title='bbox 1517 912 1604 974; x_wconf 86' lang='lat' dir='ltr'><strong>Haec</strong></span> <span class='ocrx_word' id='word_1_69' title='bbox 1628 910 1654 970; x_wconf 90' lang='lat' dir='ltr'><strong>si</strong></span> 
     </span>
     <span class='ocr_line' id='line_1_8' title="bbox 293 1001 1653 1084; baseline -0.006 -16"><span class='ocrx_word' id='word_1_70' title='bbox 293 1003 492 1084; x_wconf 79' lang='lat' dir='ltr'><strong>probaveris,</strong></span> <span class='ocrx_word' id='word_1_71' title='bbox 512 1005 578 1084; x_wconf 86' lang='lat' dir='ltr'><strong>jam</strong></span> <span class='ocrx_word' id='word_1_72' title='bbox 601 1019 690 1081; x_wconf 87' lang='lat' dir='ltr'><strong>porro</strong></span> <span class='ocrx_word' id='word_1_73' title='bbox 713 1001 786 1064; x_wconf 90' lang='lat' dir='ltr'><strong>mihi</strong></span> <span class='ocrx_word' id='word_1_74' title='bbox 810 1020 867 1064; x_wconf 92' lang='lat' dir='ltr'><strong>non</strong></span> <span class='ocrx_word' id='word_1_75' title='bbox 884 1001 1086 1078; x_wconf 80' lang='lat' dir='ltr'><strong>succensebis,</strong></span> <span class='ocrx_word' id='word_1_76' title='bbox 1112 1004 1199 1083; x_wconf 92' lang='lat' dir='ltr'><strong>qnod,</strong></span> <span class='ocrx_word' id='word_1_77' title='bbox 1224 1010 1362 1064; x_wconf 75' lang='lat' dir='ltr'><strong>assertor</strong></span> <span class='ocrx_word' id='word_1_78' title='bbox 1376 1001 1562 1081; x_wconf 82' lang='lat' dir='ltr'><strong>astrologiae.</strong></span> <span class='ocrx_word' id='word_1_79' title='bbox 1587 1017 1653 1062; x_wconf 86' lang='lat' dir='ltr'><strong>cunr</strong></span> 
     </span>
     <span class='ocr_line' id='line_1_9' title="bbox 295 1091 1653 1172; baseline -0.004 -18"><span class='ocrx_word' id='word_1_80' title='bbox 295 1094 350 1156; x_wconf 86' lang='lat' dir='ltr'><strong>aim</strong></span> <span class='ocrx_word' id='word_1_81' title='bbox 373 1093 474 1155; x_wconf 87' lang='lat' dir='ltr'><strong>verbis</strong></span> <span class='ocrx_word' id='word_1_82' title='bbox 498 1101 530 1154; x_wconf 92' lang='lat' dir='ltr'><strong>et</strong></span> <span class='ocrx_word' id='word_1_83' title='bbox 554 1109 658 1172; x_wconf 89' lang='lat' dir='ltr'><strong>opere,</strong></span> <span class='ocrx_word' id='word_1_84' title='bbox 689 1091 828 1153; x_wconf 90' lang='lat' dir='ltr'><strong>studeam</strong></span> <span class='ocrx_word' id='word_1_85' title='bbox 852 1100 952 1170; x_wconf 86' lang='lat' dir='ltr'><strong>tamen</strong></span> <span class='ocrx_word' id='word_1_86' title='bbox 981 1092 1058 1154; x_wconf 90' lang='lat' dir='ltr'><strong>hanc</strong></span> <span class='ocrx_word' id='word_1_87' title='bbox 1082 1091 1191 1154; x_wconf 88' lang='lat' dir='ltr'><strong>animia</strong></span> <span class='ocrx_word' id='word_1_88' title='bbox 1220 1092 1371 1153; x_wconf 90' lang='lat' dir='ltr'><strong>hominum</strong></span> <span class='ocrx_word' id='word_1_89' title='bbox 1396 1091 1653 1152; x_wconf 84' lang='lat' dir='ltr'><strong>existimationem</strong></span> 
     </span>
     <span class='ocr_line' id='line_1_10' title="bbox 295 1179 1653 1262; baseline -0.003 -18"><span class='ocrx_word' id='word_1_90' title='bbox 295 1182 483 1262; x_wconf 71' lang='lat' dir='ltr'><strong>implentem,</strong></span> <span class='ocrx_word' id='word_1_91' title='bbox 509 1199 567 1243; x_wconf 91' lang='lat' dir='ltr'><strong>non</strong></span> <span class='ocrx_word' id='word_1_92' title='bbox 591 1201 660 1243; x_wconf 92' lang='lat' dir='ltr'><strong>esse</strong></span> <span class='ocrx_word' id='word_1_93' title='bbox 682 1199 729 1244; x_wconf 85' lang='lat' dir='ltr'><strong>me</strong></span> <span class='ocrx_word' id='word_1_94' title='bbox 753 1199 898 1260; x_wconf 84' lang='lat' dir='ltr'><strong>nugacem</strong></span> <span class='ocrx_word' id='word_1_95' title='bbox 923 1182 1119 1262; x_wconf 81' lang='lat' dir='ltr'><strong>astrologum.</strong></span> <span class='ocrx_word' id='word_1_96' title='bbox 1166 1183 1201 1244; x_wconf 89' lang='lat' dir='ltr'><strong>ld</strong></span> <span class='ocrx_word' id='word_1_97' title='bbox 1230 1181 1284 1242; x_wconf 93' lang='lat' dir='ltr'><strong>hoc</strong></span> <span class='ocrx_word' id='word_1_98' title='bbox 1315 1201 1393 1243; x_wconf 92' lang='lat' dir='ltr'><strong>anno</strong></span> <span class='ocrx_word' id='word_1_99' title='bbox 1422 1181 1495 1256; x_wconf 84' lang='lat' dir='ltr'><strong>leci,</strong></span> <span class='ocrx_word' id='word_1_100' title='bbox 1530 1179 1653 1259; x_wconf 87' lang='lat' dir='ltr'><strong>rejectis</strong></span> 
     </span>
     <span class='ocr_line' id='line_1_11' title="bbox 297 1269 1654 1352; baseline -0.001 -20"><span class='ocrx_word' id='word_1_101' title='bbox 297 1271 428 1352; x_wconf 86' lang='lat' dir='ltr'><strong>quartis,</strong></span> <span class='ocrx_word' id='word_1_102' title='bbox 453 1269 690 1333; x_wconf 85' lang='lat' dir='ltr'><strong>revolutionibus</strong></span> <span class='ocrx_word' id='word_1_103' title='bbox 714 1271 834 1344; x_wconf 88' lang='lat' dir='ltr'><strong>annuis,</strong></span> <span class='ocrx_word' id='word_1_104' title='bbox 860 1289 917 1350; x_wconf 92' lang='lat' dir='ltr'><strong>quo</strong></span> <span class='ocrx_word' id='word_1_105' title='bbox 941 1271 1059 1334; x_wconf 88' lang='lat' dir='ltr'><strong>nomine</strong></span> <span class='ocrx_word' id='word_1_106' title='bbox 1076 1273 1175 1335; x_wconf 83' lang='lat' dir='ltr'><strong>ctiam</strong></span> <span class='ocrx_word' id='word_1_107' title='bbox 1198 1273 1401 1334; x_wconf 89' lang='lat' dir='ltr'><strong>revolutiones</strong></span> <span class='ocrx_word' id='word_1_108' title='bbox 1424 1280 1597 1334; x_wconf 88' lang='lat' dir='ltr'><strong>meustmae</strong></span> <span class='ocrx_word' id='word_1_109' title='bbox 1622 1277 1654 1330; x_wconf 91' lang='lat' dir='ltr'><strong>et</strong></span> 
     </span>
     <span class='ocr_line' id='line_1_12' title="bbox 295 1358 1651 1443; baseline -0.002 -21"><span class='ocrx_word' id='word_1_110' title='bbox 295 1368 468 1439; x_wconf 89' lang='lat' dir='ltr'><strong>quartamm</strong></span> <span class='ocrx_word' id='word_1_111' title='bbox 490 1358 607 1422; x_wconf 89' lang='lat' dir='ltr'><strong>censeri</strong></span> <span class='ocrx_word' id='word_1_112' title='bbox 630 1361 709 1422; x_wconf 92' lang='lat' dir='ltr'><strong>volo.</strong></span> <span class='ocrx_word' id='word_1_113' title='bbox 756 1361 917 1442; x_wconf 79' lang='lat' dir='ltr'><strong>Nunquam</strong></span> <span class='ocrx_word' id='word_1_114' title='bbox 931 1363 992 1424; x_wconf 89' lang='lat' dir='ltr'><strong>illis</strong></span> <span class='ocrx_word' id='word_1_115' title='bbox 1007 1362 1164 1443; x_wconf 89' lang='lat' dir='ltr'><strong>quicquam</strong></span> <span class='ocrx_word' id='word_1_116' title='bbox 1178 1362 1280 1436; x_wconf 88' lang='lat' dir='ltr'><strong>tribui,</strong></span> <span class='ocrx_word' id='word_1_117' title='bbox 1304 1361 1349 1424; x_wconf 89' lang='lat' dir='ltr'><strong>uti</strong></span> <span class='ocrx_word' id='word_1_118' title='bbox 1363 1360 1536 1424; x_wconf 87' lang='lat' dir='ltr'><strong>meminisse</strong></span> <span class='ocrx_word' id='word_1_119' title='bbox 1550 1367 1651 1440; x_wconf 91' lang='lat' dir='ltr'><strong>potes.</strong></span> 
     </span>
     <span class='ocr_line' id='line_1_13' title="bbox 295 1447 1652 1530; baseline -0.001 -19"><span class='ocrx_word' id='word_1_120' title='bbox 295 1449 433 1513; x_wconf 87' lang='lat' dir='ltr'><strong>Sufficiet</strong></span> <span class='ocrx_word' id='word_1_121' title='bbox 460 1449 566 1530; x_wconf 89' lang='lat' dir='ltr'><strong>cuique</strong></span> <span class='ocrx_word' id='word_1_122' title='bbox 595 1448 654 1511; x_wconf 88' lang='lat' dir='ltr'><strong>diei</strong></span> <span class='ocrx_word' id='word_1_123' title='bbox 684 1457 936 1530; x_wconf 89' lang='lat' dir='ltr'><strong>aspectus-suus.</strong></span> <span class='ocrx_word' id='word_1_124' title='bbox 981 1453 1199 1517; x_wconf 90' lang='lat' dir='ltr'><strong>Revolutiones</strong></span> <span class='ocrx_word' id='word_1_125' title='bbox 1228 1451 1380 1513; x_wconf 89' lang='lat' dir='ltr'><strong>homiuum</strong></span> <span class='ocrx_word' id='word_1_126' title='bbox 1408 1449 1580 1512; x_wconf 85' lang='lat' dir='ltr'><strong>sturbium</strong></span> <span class='ocrx_word' id='word_1_127' title='bbox 1603 1447 1652 1510; x_wconf 90' lang='lat' dir='ltr'><strong>hic</strong></span> 
     </span>
     <span class='ocr_line' id='line_1_14' title="bbox 299 1537 1653 1623; baseline -0.003 -21"><span class='ocrx_word' id='word_1_128' title='bbox 299 1540 425 1620; x_wconf 87' lang='lat' dir='ltr'><strong>excipio.</strong></span> <span class='ocrx_word' id='word_1_129' title='bbox 476 1539 570 1602; x_wconf 86' lang='lat' dir='ltr'><strong>Aliud</strong></span> <span class='ocrx_word' id='word_1_130' title='bbox 598 1545 647 1600; x_wconf 88' lang='lat' dir='ltr'><strong>est</strong></span> <span class='ocrx_word' id='word_1_131' title='bbox 675 1539 779 1614; x_wconf 87' lang='lat' dir='ltr'><strong>homo,</strong></span> <span class='ocrx_word' id='word_1_132' title='bbox 818 1540 900 1602; x_wconf 90' lang='lat' dir='ltr'><strong>alind</strong></span> <span class='ocrx_word' id='word_1_133' title='bbox 928 1549 1144 1623; x_wconf 86' lang='lat' dir='ltr'><strong>tempestatum</strong></span> <span class='ocrx_word' id='word_1_134' title='bbox 1176 1541 1281 1604; x_wconf 90' lang='lat' dir='ltr'><strong>series.</strong></span> <span class='ocrx_word' id='word_1_135' title='bbox 1331 1541 1431 1604; x_wconf 88' lang='lat' dir='ltr'><strong>Unum</strong></span> <span class='ocrx_word' id='word_1_136' title='bbox 1458 1538 1530 1601; x_wconf 89' lang='lat' dir='ltr'><strong>mihi</strong></span> <span class='ocrx_word' id='word_1_137' title='bbox 1553 1537 1653 1618; x_wconf 83' lang='lat' dir='ltr'><strong>possit</strong></span> 
     </span>
     <span class='ocr_line' id='line_1_15' title="bbox 300 1628 1651 1711; baseline -0.001 -21"><span class='ocrx_word' id='word_1_138' title='bbox 300 1629 406 1710; x_wconf 89' lang='lat' dir='ltr'><strong>objici,</strong></span> <span class='ocrx_word' id='word_1_139' title='bbox 432 1628 583 1690; x_wconf 88' lang='lat' dir='ltr'><strong>conditum</strong></span> <span class='ocrx_word' id='word_1_140' title='bbox 607 1647 674 1690; x_wconf 90' lang='lat' dir='ltr'><strong>esse</strong></span> <span class='ocrx_word' id='word_1_141' title='bbox 697 1629 839 1691; x_wconf 88' lang='lat' dir='ltr'><strong>mundum</strong></span> <span class='ocrx_word' id='word_1_142' title='bbox 862 1629 891 1692; x_wconf 92' lang='lat' dir='ltr'><strong>in</strong></span> <span class='ocrx_word' id='word_1_143' title='bbox 915 1639 998 1693; x_wconf 91' lang='lat' dir='ltr'><strong>certo</strong></span> <span class='ocrx_word' id='word_1_144' title='bbox 1021 1638 1132 1711; x_wconf 88' lang='lat' dir='ltr'><strong>puncto</strong></span> <span class='ocrx_word' id='word_1_145' title='bbox 1156 1631 1270 1692; x_wconf 89' lang='lat' dir='ltr'><strong>zodiaci</strong></span> <span class='ocrx_word' id='word_1_146' title='bbox 1296 1629 1367 1693; x_wconf 90' lang='lat' dir='ltr'><strong>Sole</strong></span> <span class='ocrx_word' id='word_1_147' title='bbox 1391 1635 1549 1691; x_wconf 86' lang='lat' dir='ltr'><strong>versante:</strong></span> <span class='ocrx_word' id='word_1_148' title='bbox 1576 1647 1651 1688; x_wconf 89' lang='lat' dir='ltr'><strong>ean-</strong></span> 
     </span>
     <span class='ocr_line' id='line_1_16' title="bbox 297 1715 1653 1800; baseline -0.003 -20"><span class='ocrx_word' id='word_1_149' title='bbox 297 1720 367 1780; x_wconf 86' lang='lat' dir='ltr'><strong>dem</strong></span> <span class='ocrx_word' id='word_1_150' title='bbox 390 1736 462 1798; x_wconf 89' lang='lat' dir='ltr'><strong>ergo</strong></span> <span class='ocrx_word' id='word_1_151' title='bbox 486 1715 632 1779; x_wconf 87' lang='lat' dir='ltr'><strong>rationem</strong></span> <span class='ocrx_word' id='word_1_152' title='bbox 656 1735 725 1780; x_wconf 91' lang='lat' dir='ltr'><strong>esse</strong></span> <span class='ocrx_word' id='word_1_153' title='bbox 748 1719 863 1782; x_wconf 90' lang='lat' dir='ltr'><strong>reditus</strong></span> <span class='ocrx_word' id='word_1_154' title='bbox 883 1719 964 1783; x_wconf 89' lang='lat' dir='ltr'><strong>Solis</strong></span> <span class='ocrx_word' id='word_1_155' title='bbox 988 1721 1027 1783; x_wconf 87' lang='lat' dir='ltr'><strong>ad</strong></span> <span class='ocrx_word' id='word_1_156' title='bbox 1050 1721 1081 1783; x_wconf 91' lang='lat' dir='ltr'><strong>id</strong></span> <span class='ocrx_word' id='word_1_157' title='bbox 1103 1727 1255 1800; x_wconf 89' lang='lat' dir='ltr'><strong>puuctum,</strong></span> <span class='ocrx_word' id='word_1_158' title='bbox 1279 1739 1356 1800; x_wconf 89' lang='lat' dir='ltr'><strong>quae</strong></span> <span class='ocrx_word' id='word_1_159' title='bbox 1376 1727 1424 1780; x_wconf 89' lang='lat' dir='ltr'><strong>est</strong></span> <span class='ocrx_word' id='word_1_160' title='bbox 1438 1718 1554 1781; x_wconf 91' lang='lat' dir='ltr'><strong>reditus</strong></span> <span class='ocrx_word' id='word_1_161' title='bbox 1570 1715 1653 1778; x_wconf 91' lang='lat' dir='ltr'><strong>Solis</strong></span> 
     </span>
     <span class='ocr_line' id='line_1_17' title="bbox 298 1801 1654 1890; baseline -0.002 -21"><span class='ocrx_word' id='word_1_162' title='bbox 298 1809 336 1869; x_wconf 90' lang='lat' dir='ltr'><strong>ad</strong></span> <span class='ocrx_word' id='word_1_163' title='bbox 359 1813 501 1888; x_wconf 89' lang='lat' dir='ltr'><strong>punctum</strong></span> <span class='ocrx_word' id='word_1_164' title='bbox 524 1805 706 1869; x_wconf 89' lang='lat' dir='ltr'><strong>nativitatis.</strong></span> <span class='ocrx_word' id='word_1_165' title='bbox 752 1801 943 1890; x_wconf 87' lang='lat' dir='ltr'><strong>Respondeo,</strong></span> <span class='ocrx_word' id='word_1_166' title='bbox 969 1829 1040 1890; x_wconf 87' lang='lat' dir='ltr'><strong>ergo</strong></span> <span class='ocrx_word' id='word_1_167' title='bbox 1057 1809 1211 1872; x_wconf 87' lang='lat' dir='ltr'><strong>differatur</strong></span> <span class='ocrx_word' id='word_1_168' title='bbox 1230 1809 1382 1887; x_wconf 88' lang='lat' dir='ltr'><strong>negotium</strong></span> <span class='ocrx_word' id='word_1_169' title='bbox 1397 1825 1433 1870; x_wconf 89' lang='lat' dir='ltr'><strong>eo</strong></span> <span class='ocrx_word' id='word_1_170' title='bbox 1452 1825 1557 1888; x_wconf 90' lang='lat' dir='ltr'><strong>usque,</strong></span> <span class='ocrx_word' id='word_1_171' title='bbox 1583 1805 1654 1866; x_wconf 90' lang='lat' dir='ltr'><strong>dnm</strong></span> 
     </span>
     <span class='ocr_line' id='line_1_18' title="bbox 297 1893 1653 1980; baseline -0.004 -19"><span class='ocrx_word' id='word_1_172' title='bbox 297 1907 379 1962; x_wconf 89' lang='lat' dir='ltr'><strong>recte</strong></span> <span class='ocrx_word' id='word_1_173' title='bbox 403 1915 458 1959; x_wconf 90' lang='lat' dir='ltr'><strong>nos</strong></span> <span class='ocrx_word' id='word_1_174' title='bbox 482 1897 611 1960; x_wconf 87' lang='lat' dir='ltr'><strong>doceant</strong></span> <span class='ocrx_word' id='word_1_175' title='bbox 634 1897 817 1978; x_wconf 87' lang='lat' dir='ltr'><strong>chronologi,</strong></span> <span class='ocrx_word' id='word_1_176' title='bbox 838 1917 895 1979; x_wconf 92' lang='lat' dir='ltr'><strong>quo</strong></span> <span class='ocrx_word' id='word_1_177' title='bbox 912 1899 980 1961; x_wconf 87' lang='lat' dir='ltr'><strong>anni</strong></span> <span class='ocrx_word' id='word_1_178' title='bbox 994 1907 1130 1980; x_wconf 89' lang='lat' dir='ltr'><strong>tempore</strong></span> <span class='ocrx_word' id='word_1_179' title='bbox 1146 1897 1186 1960; x_wconf 89' lang='lat' dir='ltr'><strong>sit</strong></span> <span class='ocrx_word' id='word_1_180' title='bbox 1204 1897 1342 1960; x_wconf 89' lang='lat' dir='ltr'><strong>conditus</strong></span> <span class='ocrx_word' id='word_1_181' title='bbox 1356 1897 1494 1958; x_wconf 91' lang='lat' dir='ltr'><strong>muudus.</strong></span> <span class='ocrx_word' id='word_1_182' title='bbox 1534 1893 1653 1965; x_wconf 85' lang='lat' dir='ltr'><strong>Quam-</strong></span> 
     </span>
     <span class='ocr_line' id='line_1_19' title="bbox 297 1987 1652 2069; baseline -0.004 -19"><span class='ocrx_word' id='word_1_183' title='bbox 297 1989 343 2050; x_wconf 90' lang='lat' dir='ltr'><strong>vis</strong></span> <span class='ocrx_word' id='word_1_184' title='bbox 368 1987 427 2050; x_wconf 90' lang='lat' dir='ltr'><strong>etsi</strong></span> <span class='ocrx_word' id='word_1_185' title='bbox 450 1987 480 2048; x_wconf 93' lang='lat' dir='ltr'><strong>id</strong></span> <span class='ocrx_word' id='word_1_186' title='bbox 504 1995 670 2060; x_wconf 86' lang='lat' dir='ltr'><strong>teneamus,</strong></span> <span class='ocrx_word' id='word_1_187' title='bbox 696 2007 714 2047; x_wconf 90' lang='lat' dir='ltr'><strong>a</strong></span> <span class='ocrx_word' id='word_1_188' title='bbox 736 1987 844 2050; x_wconf 91' lang='lat' dir='ltr'><strong>baculo</strong></span> <span class='ocrx_word' id='word_1_189' title='bbox 867 1996 968 2050; x_wconf 89' lang='lat' dir='ltr'><strong>tamen</strong></span> <span class='ocrx_word' id='word_1_190' title='bbox 994 1988 1032 2050; x_wconf 89' lang='lat' dir='ltr'><strong>ad</strong></span> <span class='ocrx_word' id='word_1_191' title='bbox 1048 1989 1189 2069; x_wconf 87' lang='lat' dir='ltr'><strong>angulum</strong></span> <span class='ocrx_word' id='word_1_192' title='bbox 1208 2006 1265 2049; x_wconf 92' lang='lat' dir='ltr'><strong>non</strong></span> <span class='ocrx_word' id='word_1_193' title='bbox 1282 1987 1416 2068; x_wconf 88' lang='lat' dir='ltr'><strong>seqnitur</strong></span> <span class='ocrx_word' id='word_1_194' title='bbox 1430 1991 1652 2066; x_wconf 85' lang='lat' dir='ltr'><strong>argumentum.</strong></span> 
     </span>
     <span class='ocr_line' id='line_1_20' title="bbox 256 2073 1654 2156; baseline -0.004 -16"><span class='ocrx_word' id='word_1_195' title='bbox 256 2143 260 2151; x_wconf 63' lang='grc'>,</span> <span class='ocrx_word' id='word_1_196' title='bbox 297 2079 331 2140; x_wconf 90' lang='lat' dir='ltr'><strong>Iu</strong></span> <span class='ocrx_word' id='word_1_197' title='bbox 355 2078 453 2140; x_wconf 89' lang='lat' dir='ltr'><strong>reditu</strong></span> <span class='ocrx_word' id='word_1_198' title='bbox 478 2075 595 2156; x_wconf 85' lang='lat' dir='ltr'><strong>quidem</strong></span> <span class='ocrx_word' id='word_1_199' title='bbox 620 2075 700 2139; x_wconf 90' lang='lat' dir='ltr'><strong>Solis</strong></span> <span class='ocrx_word' id='word_1_200' title='bbox 730 2076 835 2138; x_wconf 89' lang='lat' dir='ltr'><strong>eadem</strong></span> <span class='ocrx_word' id='word_1_201' title='bbox 859 2084 908 2140; x_wconf 90' lang='lat' dir='ltr'><strong>est</strong></span> <span class='ocrx_word' id='word_1_202' title='bbox 929 2079 1021 2150; x_wconf 88' lang='lat' dir='ltr'><strong>ratio,</strong></span> <span class='ocrx_word' id='word_1_203' title='bbox 1051 2085 1084 2140; x_wconf 88' lang='lat' dir='ltr'><strong>at</strong></span> <span class='ocrx_word' id='word_1_204' title='bbox 1107 2094 1165 2139; x_wconf 89' lang='lat' dir='ltr'><strong>non</strong></span> <span class='ocrx_word' id='word_1_205' title='bbox 1190 2077 1218 2138; x_wconf 92' lang='lat' dir='ltr'><strong>in</strong></span> <span class='ocrx_word' id='word_1_206' title='bbox 1244 2076 1397 2156; x_wconf 88' lang='lat' dir='ltr'><strong>subjecto,</strong></span> <span class='ocrx_word' id='word_1_207' title='bbox 1427 2075 1506 2155; x_wconf 91' lang='lat' dir='ltr'><strong>quod</strong></span> <span class='ocrx_word' id='word_1_208' title='bbox 1529 2073 1654 2135; x_wconf 89' lang='lat' dir='ltr'><strong>revolu-</strong></span> 
     </span>
     <span class='ocr_line' id='line_1_21' title="bbox 297 2163 1651 2245; baseline -0.007 -16"><span class='ocrx_word' id='word_1_209' title='bbox 297 2167 429 2229; x_wconf 86' lang='lat' dir='ltr'><strong>tionibus</strong></span> <span class='ocrx_word' id='word_1_210' title='bbox 453 2163 628 2226; x_wconf 89' lang='lat' dir='ltr'><strong>variandum</strong></span> <span class='ocrx_word' id='word_1_211' title='bbox 651 2166 836 2245; x_wconf 85' lang='lat' dir='ltr'><strong>proponitur.</strong></span> <span class='ocrx_word' id='word_1_212' title='bbox 883 2164 1031 2230; x_wconf 90' lang='lat' dir='ltr'><strong>Similiter</strong></span> <span class='ocrx_word' id='word_1_213' title='bbox 1055 2179 1177 2229; x_wconf 87' lang='lat' dir='ltr'><strong>causam</strong></span> <span class='ocrx_word' id='word_1_214' title='bbox 1192 2166 1296 2238; x_wconf 91' lang='lat' dir='ltr'><strong>habes,</strong></span> <span class='ocrx_word' id='word_1_215' title='bbox 1321 2185 1373 2227; x_wconf 90' lang='lat' dir='ltr'><strong>cnr</strong></span> <span class='ocrx_word' id='word_1_216' title='bbox 1387 2165 1520 2226; x_wconf 88' lang='lat' dir='ltr'><strong>animam</strong></span> <span class='ocrx_word' id='word_1_217' title='bbox 1537 2163 1651 2224; x_wconf 88' lang='lat' dir='ltr'><strong>Terrae</strong></span> 
     </span>
     <span class='ocr_line' id='line_1_22' title="bbox 297 2249 1654 2334; baseline -0.005 -17"><span class='ocrx_word' id='word_1_218' title='bbox 297 2255 426 2317; x_wconf 86' lang='lat' dir='ltr'><strong>tribuam</strong></span> <span class='ocrx_word' id='word_1_219' title='bbox 453 2255 483 2316; x_wconf 92' lang='lat' dir='ltr'><strong>in</strong></span> <span class='ocrx_word' id='word_1_220' title='bbox 508 2251 690 2315; x_wconf 88' lang='lat' dir='ltr'><strong>Germanico</strong></span> <span class='ocrx_word' id='word_1_221' title='bbox 718 2255 831 2334; x_wconf 92' lang='lat' dir='ltr'><strong>scripto</strong></span> <span class='ocrx_word' id='word_1_222' title='bbox 859 2254 1045 2318; x_wconf 85' lang='lat' dir='ltr'><strong>brevissimis</strong></span> <span class='ocrx_word' id='word_1_223' title='bbox 1073 2255 1184 2318; x_wconf 91' lang='lat' dir='ltr'><strong>verbis.</strong></span> <span class='ocrx_word' id='word_1_224' title='bbox 1231 2255 1310 2316; x_wconf 89' lang='lat' dir='ltr'><strong>Nam</strong></span> <span class='ocrx_word' id='word_1_225' title='bbox 1339 2273 1388 2316; x_wconf 86' lang='lat' dir='ltr'><strong>res</strong></span> <span class='ocrx_word' id='word_1_226' title='bbox 1412 2253 1480 2332; x_wconf 90' lang='lat' dir='ltr'><strong>ipsa</strong></span> <span class='ocrx_word' id='word_1_227' title='bbox 1507 2253 1572 2314; x_wconf 88' lang='lat' dir='ltr'><strong>scic</strong></span> <span class='ocrx_word' id='word_1_228' title='bbox 1600 2249 1654 2312; x_wconf 86' lang='lat' dir='ltr'><strong>tibi</strong></span> 
     </span>
     <span class='ocr_line' id='line_1_23' title="bbox 297 2337 1654 2422; baseline -0.006 -16"><span class='ocrx_word' id='word_1_229' title='bbox 297 2363 355 2406; x_wconf 90' lang='lat' dir='ltr'><strong>non</strong></span> <span class='ocrx_word' id='word_1_230' title='bbox 379 2342 559 2422; x_wconf 89' lang='lat' dir='ltr'><strong>displicebit.</strong></span> <span class='ocrx_word' id='word_1_231' title='bbox 605 2342 816 2406; x_wconf 82' lang='lat' dir='ltr'><strong>Fundamenta</strong></span> <span class='ocrx_word' id='word_1_232' title='bbox 844 2345 1001 2407; x_wconf 90' lang='lat' dir='ltr'><strong>universae</strong></span> <span class='ocrx_word' id='word_1_233' title='bbox 1031 2345 1186 2407; x_wconf 88' lang='lat' dir='ltr'><strong>doctrinae</strong></span> <span class='ocrx_word' id='word_1_234' title='bbox 1208 2337 1468 2422; x_wconf 83' lang='lat' dir='ltr'><strong>&#39;meteorologicas</strong></span> <span class='ocrx_word' id='word_1_235' title='bbox 1500 2339 1654 2421; x_wconf 85' lang='lat' dir='ltr'><strong>proposui.</strong></span> 
     </span>
     <span class='ocr_line' id='line_1_24' title="bbox 297 2430 1654 2514; baseline -0.003 -20"><span class='ocrx_word' id='word_1_236' title='bbox 297 2432 376 2495; x_wconf 87' lang='lat' dir='ltr'><strong>illud</strong></span> <span class='ocrx_word' id='word_1_237' title='bbox 399 2431 538 2493; x_wconf 85' lang='lat' dir='ltr'><strong>existimo</strong></span> <span class='ocrx_word' id='word_1_238' title='bbox 562 2431 617 2502; x_wconf 88' lang='lat' dir='ltr'><strong>tibi</strong></span> <span class='ocrx_word' id='word_1_239' title='bbox 637 2432 799 2512; x_wconf 89' lang='lat' dir='ltr'><strong>jucundum</strong></span> <span class='ocrx_word' id='word_1_240' title='bbox 823 2434 914 2495; x_wconf 88' lang='lat' dir='ltr'><strong>etiam</strong></span> <span class='ocrx_word' id='word_1_241' title='bbox 939 2433 1016 2496; x_wconf 82' lang='lat' dir='ltr'><strong>fore:</strong></span> <span class='ocrx_word' id='word_1_242' title='bbox 1042 2433 1119 2514; x_wconf 89' lang='lat' dir='ltr'><strong>qnod</strong></span> <span class='ocrx_word' id='word_1_243' title='bbox 1144 2453 1207 2496; x_wconf 91' lang='lat' dir='ltr'><strong>rem</strong></span> <span class='ocrx_word' id='word_1_244' title='bbox 1231 2431 1450 2514; x_wconf 87' lang='lat' dir='ltr'><strong>quotidianam,</strong></span> <span class='ocrx_word' id='word_1_245' title='bbox 1476 2430 1654 2492; x_wconf 87' lang='lat' dir='ltr'><strong>admiratio-</strong></span> 
     </span>
     <span class='ocr_line' id='line_1_25' title="bbox 296 2518 1655 2602; baseline -0.004 -19"><span class='ocrx_word' id='word_1_246' title='bbox 296 2523 343 2583; x_wconf 86' lang='lat' dir='ltr'><strong>nis</strong></span> <span class='ocrx_word' id='word_1_247' title='bbox 371 2529 473 2583; x_wconf 89' lang='lat' dir='ltr'><strong>tamen</strong></span> <span class='ocrx_word' id='word_1_248' title='bbox 503 2521 650 2582; x_wconf 87' lang='lat' dir='ltr'><strong>maximae</strong></span> <span class='ocrx_word' id='word_1_249' title='bbox 683 2523 788 2602; x_wconf 87' lang='lat' dir='ltr'><strong>(qnam</strong></span> <span class='ocrx_word' id='word_1_250' title='bbox 817 2523 961 2602; x_wconf 88' lang='lat' dir='ltr'><strong>astrologi</strong></span> <span class='ocrx_word' id='word_1_251' title='bbox 986 2523 1266 2602; x_wconf 88' lang='lat' dir='ltr'><strong>superstitionibus,</strong></span> <span class='ocrx_word' id='word_1_252' title='bbox 1298 2520 1468 2602; x_wconf 88' lang='lat' dir='ltr'><strong>philosophi</strong></span> <span class='ocrx_word' id='word_1_253' title='bbox 1497 2518 1655 2581; x_wconf 87' lang='lat' dir='ltr'><strong>calumniis</strong></span> 
     </span>
     <span class='ocr_line' id='line_1_26' title="bbox 297 2608 1655 2692; baseline -0.004 -20"><span class='ocrx_word' id='word_1_254' title='bbox 297 2611 436 2685; x_wconf 88' lang='lat' dir='ltr'><strong>obruunt,</strong></span> <span class='ocrx_word' id='word_1_255' title='bbox 461 2617 495 2671; x_wconf 91' lang='lat' dir='ltr'><strong>ut</strong></span> <span class='ocrx_word' id='word_1_256' title='bbox 517 2609 664 2672; x_wconf 89' lang='lat' dir='ltr'><strong>hactenus</strong></span> <span class='ocrx_word' id='word_1_257' title='bbox 689 2611 847 2674; x_wconf 85' lang='lat' dir='ltr'><strong>anemius</strong></span> <span class='ocrx_word' id='word_1_258' title='bbox 872 2612 1058 2692; x_wconf 89' lang='lat' dir='ltr'><strong>investigata</strong></span> <span class='ocrx_word' id='word_1_259' title='bbox 1081 2613 1137 2684; x_wconf 83' lang='lat' dir='ltr'><strong>sit)</strong></span> <span class='ocrx_word' id='word_1_260' title='bbox 1161 2611 1191 2672; x_wconf 92' lang='lat' dir='ltr'><strong>iu</strong></span> <span class='ocrx_word' id='word_1_261' title='bbox 1216 2612 1311 2673; x_wconf 85' lang='lat' dir='ltr'><strong>lucem</strong></span> <span class='ocrx_word' id='word_1_262' title='bbox 1333 2610 1419 2682; x_wconf 89' lang='lat' dir='ltr'><strong>sisto,</strong></span> <span class='ocrx_word' id='word_1_263' title='bbox 1445 2608 1585 2690; x_wconf 86' lang='lat' dir='ltr'><strong>qnodque</strong></span> <span class='ocrx_word' id='word_1_264' title='bbox 1601 2609 1655 2667; x_wconf 87' lang='lat' dir='ltr'><strong>hoc</strong></span> 
     </span>
     <span class='ocr_line' id='line_1_27' title="bbox 296 2699 1654 2780; baseline -0.002 -21"><span class='ocrx_word' id='word_1_265' title='bbox 296 2708 387 2780; x_wconf 86' lang='lat' dir='ltr'><strong>pacto</strong></span> <span class='ocrx_word' id='word_1_266' title='bbox 412 2699 629 2779; x_wconf 90' lang='lat' dir='ltr'><strong>quodammodo</strong></span> <span class='ocrx_word' id='word_1_267' title='bbox 659 2699 854 2780; x_wconf 90' lang='lat' dir='ltr'><strong>philosophos</strong></span> <span class='ocrx_word' id='word_1_268' title='bbox 885 2719 988 2763; x_wconf 89' lang='lat' dir='ltr'><strong>omues</strong></span> <span class='ocrx_word' id='word_1_269' title='bbox 1018 2701 1158 2763; x_wconf 90' lang='lat' dir='ltr'><strong>cohortor</strong></span> <span class='ocrx_word' id='word_1_270' title='bbox 1187 2700 1225 2762; x_wconf 90' lang='lat' dir='ltr'><strong>ad</strong></span> <span class='ocrx_word' id='word_1_271' title='bbox 1248 2699 1515 2778; x_wconf 87' lang='lat' dir='ltr'><strong>investigationem</strong></span> <span class='ocrx_word' id='word_1_272' title='bbox 1544 2717 1654 2758; x_wconf 84' lang='lat' dir='ltr'><strong>causa-</strong></span> 
     </span>
     <span class='ocr_line' id='line_1_28' title="bbox 296 2785 1657 2870; baseline -0.005 -18"><span class='ocrx_word' id='word_1_273' title='bbox 296 2807 375 2863; x_wconf 88' lang='lat' dir='ltr'><strong>mm,</strong></span> <span class='ocrx_word' id='word_1_274' title='bbox 405 2807 456 2850; x_wconf 88' lang='lat' dir='ltr'><strong>cnr</strong></span> <span class='ocrx_word' id='word_1_275' title='bbox 474 2786 615 2865; x_wconf 87' lang='lat' dir='ltr'><strong>planetae</strong></span> <span class='ocrx_word' id='word_1_276' title='bbox 634 2785 697 2868; x_wconf 70' lang='lat' dir='ltr'><strong>vper</strong></span> <span class='ocrx_word' id='word_1_277' title='bbox 725 2795 867 2868; x_wconf 90' lang='lat' dir='ltr'><strong>aspectus</strong></span> <span class='ocrx_word' id='word_1_278' title='bbox 897 2797 1013 2853; x_wconf 89' lang='lat' dir='ltr'><strong>tanturn</strong></span> <span class='ocrx_word' id='word_1_279' title='bbox 1042 2797 1216 2870; x_wconf 85' lang='lat' dir='ltr'><strong>operentur,</strong></span> <span class='ocrx_word' id='word_1_280' title='bbox 1251 2809 1308 2850; x_wconf 92' lang='lat' dir='ltr'><strong>non</strong></span> <span class='ocrx_word' id='word_1_281' title='bbox 1337 2789 1410 2849; x_wconf 90' lang='lat' dir='ltr'><strong>item</strong></span> <span class='ocrx_word' id='word_1_282' title='bbox 1434 2789 1504 2860; x_wconf 86' lang='lat' dir='ltr'><strong>(aut</strong></span> <span class='ocrx_word' id='word_1_283' title='bbox 1527 2805 1588 2847; x_wconf 91' lang='lat' dir='ltr'><strong>uon</strong></span> <span class='ocrx_word' id='word_1_284' title='bbox 1613 2786 1657 2846; x_wconf 88' lang='lat' dir='ltr'><strong>ita</strong></span> 
     </span>
     <span class='ocr_line' id='line_1_29' title="bbox 297 2875 1657 2958; baseline -0.004 -18"><span class='ocrx_word' id='word_1_285' title='bbox 297 2877 431 2950; x_wconf 80' lang='lat' dir='ltr'><strong>fortiter)</strong></span> <span class='ocrx_word' id='word_1_286' title='bbox 455 2894 510 2956; x_wconf 90' lang='lat' dir='ltr'><strong>per</strong></span> <span class='ocrx_word' id='word_1_287' title='bbox 533 2895 581 2937; x_wconf 90' lang='lat' dir='ltr'><strong>se:</strong></span> <span class='ocrx_word' id='word_1_288' title='bbox 607 2895 712 2956; x_wconf 87' lang='lat' dir='ltr'><strong>nempe</strong></span> <span class='ocrx_word' id='word_1_289' title='bbox 736 2889 770 2939; x_wconf 92' lang='lat' dir='ltr'><strong>ut</strong></span> <span class='ocrx_word' id='word_1_290' title='bbox 794 2879 930 2958; x_wconf 85' lang='lat' dir='ltr'><strong>exemplo</strong></span> <span class='ocrx_word' id='word_1_291' title='bbox 954 2888 1038 2954; x_wconf 88' lang='lat' dir='ltr'><strong>utar,</strong></span> <span class='ocrx_word' id='word_1_292' title='bbox 1071 2886 1216 2941; x_wconf 90' lang='lat' dir='ltr'><strong>curante</strong></span> <span class='ocrx_word' id='word_1_293' title='bbox 1241 2877 1391 2940; x_wconf 88' lang='lat' dir='ltr'><strong>octiduum</strong></span> <span class='ocrx_word' id='word_1_294' title='bbox 1415 2894 1481 2938; x_wconf 90' lang='lat' dir='ltr'><strong>cum</strong></span> <span class='ocrx_word' id='word_1_295' title='bbox 1506 2875 1657 2936; x_wconf 88' lang='lat' dir='ltr'><strong>distarent</strong></span> 
     </span>
     <span class='ocr_line' id='line_1_30' title="bbox 295 2962 1659 3047; baseline -0.004 -20"><span class='ocrx_word' id='word_1_296' title='bbox 295 2963 316 3044; x_wconf 67' lang='grc' dir='ltr'><em>ἢ</em></span> <span class='ocrx_word' id='word_1_297' title='bbox 341 2973 373 3028; x_wconf 91' lang='lat' dir='ltr'><strong>et</strong></span> <span class='ocrx_word' id='word_1_298' title='bbox 396 2975 421 3036; x_wconf 62' lang='grc' dir='ltr'>ὁ</span> <span class='ocrx_word' id='word_1_299' title='bbox 445 2983 488 3044; x_wconf 86' lang='lat' dir='ltr'><strong>gr.</strong></span> <span class='ocrx_word' id='word_1_300' title='bbox 514 2962 566 3039; x_wconf 84' lang='lat'><strong>50,</strong></span> <span class='ocrx_word' id='word_1_301' title='bbox 591 2985 649 3027; x_wconf 91' lang='lat' dir='ltr'><strong>non</strong></span> <span class='ocrx_word' id='word_1_302' title='bbox 674 2967 785 3028; x_wconf 77' lang='lat' dir='ltr'><strong>fnemnt</strong></span> <span class='ocrx_word' id='word_1_303' title='bbox 806 2968 927 3047; x_wconf 90' lang='lat' dir='ltr'><strong>pluviae</strong></span> <span class='ocrx_word' id='word_1_304' title='bbox 952 2975 983 3030; x_wconf 90' lang='lat' dir='ltr'><strong>et</strong></span> <span class='ocrx_word' id='word_1_305' title='bbox 1006 2962 1133 3031; x_wconf 83' lang='lat' dir='ltr'><strong>nebulae</strong></span> <span class='ocrx_word' id='word_1_306' title='bbox 1157 2975 1189 3029; x_wconf 92' lang='lat' dir='ltr'><strong>et</strong></span> <span class='ocrx_word' id='word_1_307' title='bbox 1211 2968 1305 3040; x_wconf 90' lang='lat' dir='ltr'><strong>nives,</strong></span> <span class='ocrx_word' id='word_1_308' title='bbox 1335 2965 1423 3027; x_wconf 90' lang='lat' dir='ltr'><strong>hodie</strong></span> <span class='ocrx_word' id='word_1_309' title='bbox 1448 2983 1514 3026; x_wconf 89' lang='lat' dir='ltr'><strong>curu</strong></span> <span class='ocrx_word' id='word_1_310' title='bbox 1540 2964 1659 3024; x_wconf 89' lang='lat' dir='ltr'><strong>distant</strong></span> 
     </span>
     <span class='ocr_line' id='line_1_31' title="bbox 296 3052 1657 3136; baseline -0.005 -17"><span class='ocrx_word' id='word_1_311' title='bbox 296 3075 341 3136; x_wconf 85' lang='lat' dir='ltr'><strong>gr.</strong></span> <span class='ocrx_word' id='word_1_312' title='bbox 368 3052 420 3130; x_wconf 90' lang='grc'><strong>60,</strong></span> <span class='ocrx_word' id='word_1_313' title='bbox 445 3053 507 3115; x_wconf 87' lang='lat' dir='ltr'><strong>sint</strong></span> <span class='ocrx_word' id='word_1_314' title='bbox 528 3053 620 3116; x_wconf 89' lang='lat' dir='ltr'><strong>illae?</strong></span> <span class='ocrx_word' id='word_1_315' title='bbox 644 3073 709 3116; x_wconf 85' lang='lat' dir='ltr'><strong>curn</strong></span> <span class='ocrx_word' id='word_1_316' title='bbox 733 3064 834 3117; x_wconf 89' lang='lat' dir='ltr'><strong>tanrerr</strong></span> <span class='ocrx_word' id='word_1_317' title='bbox 858 3057 1036 3118; x_wconf 89' lang='lat' dir='ltr'><strong>tantundem</strong></span> <span class='ocrx_word' id='word_1_318' title='bbox 1060 3057 1134 3119; x_wconf 90' lang='lat' dir='ltr'><strong>lucis</strong></span> <span class='ocrx_word' id='word_1_319' title='bbox 1154 3055 1292 3136; x_wconf 90' lang='lat' dir='ltr'><strong>utrinqne</strong></span> <span class='ocrx_word' id='word_1_320' title='bbox 1306 3055 1449 3128; x_wconf 87' lang='lat' dir='ltr'><strong>habeant,</strong></span> <span class='ocrx_word' id='word_1_321' title='bbox 1475 3053 1657 3133; x_wconf 89' lang='lat' dir='ltr'><strong>eosdemque</strong></span> 
     </span>
     <span class='ocr_line' id='line_1_32' title="bbox 298 3143 1657 3223; baseline -0.004 -17"><span class='ocrx_word' id='word_1_322' title='bbox 298 3145 360 3206; x_wconf 85' lang='lat' dir='ltr'><strong>fere</strong></span> <span class='ocrx_word' id='word_1_323' title='bbox 385 3152 468 3206; x_wconf 90' lang='lat' dir='ltr'><strong>ortus</strong></span> <span class='ocrx_word' id='word_1_324' title='bbox 491 3150 523 3204; x_wconf 90' lang='lat' dir='ltr'><strong>et</strong></span> <span class='ocrx_word' id='word_1_325' title='bbox 547 3163 672 3206; x_wconf 89' lang='lat' dir='ltr'><strong>occasus</strong></span> <span class='ocrx_word' id='word_1_326' title='bbox 696 3153 846 3206; x_wconf 89' lang='lat' dir='ltr'><strong>tueantur.</strong></span> <span class='ocrx_word' id='word_1_327' title='bbox 895 3145 1025 3220; x_wconf 78' lang='lat' dir='ltr'><strong>Quarto,</strong></span> <span class='ocrx_word' id='word_1_328' title='bbox 1052 3147 1155 3207; x_wconf 87' lang='lat' dir='ltr'><strong>eadem</strong></span> <span class='ocrx_word' id='word_1_329' title='bbox 1171 3144 1325 3206; x_wconf 84' lang='lat' dir='ltr'><strong>excusatio</strong></span> <span class='ocrx_word' id='word_1_330' title='bbox 1345 3143 1478 3223; x_wconf 88' lang='lat' dir='ltr'><strong>pertinet</strong></span> <span class='ocrx_word' id='word_1_331' title='bbox 1500 3143 1597 3203; x_wconf 89' lang='lat' dir='ltr'><strong>etiarn</strong></span> <span class='ocrx_word' id='word_1_332' title='bbox 1620 3143 1657 3202; x_wconf 88' lang='lat' dir='ltr'><strong>ad</strong></span> 
     </span>
     <span class='ocr_line' id='line_1_33' title="bbox 297 3231 1657 3313; baseline -0.003 -19"><span class='ocrx_word' id='word_1_333' title='bbox 297 3233 493 3313; x_wconf 89' lang='lat' dir='ltr'><strong>appendicem</strong></span> <span class='ocrx_word' id='word_1_334' title='bbox 521 3233 559 3292; x_wconf 90' lang='lat' dir='ltr'><strong>dc</strong></span> <span class='ocrx_word' id='word_1_335' title='bbox 583 3231 697 3312; x_wconf 88' lang='lat' dir='ltr'><strong>eclipsi.</strong></span> <span class='ocrx_word' id='word_1_336' title='bbox 753 3234 885 3312; x_wconf 86' lang='lat' dir='ltr'><strong>Magna</strong></span> <span class='ocrx_word' id='word_1_337' title='bbox 918 3250 992 3296; x_wconf 90' lang='lat' dir='ltr'><strong>sum</strong></span> <span class='ocrx_word' id='word_1_338' title='bbox 1025 3255 1110 3297; x_wconf 87' lang='lat' dir='ltr'><strong>usus</strong></span> <span class='ocrx_word' id='word_1_339' title='bbox 1146 3233 1400 3305; x_wconf 88' lang='lat' dir='ltr'><strong>immodestia,</strong></span> <span class='ocrx_word' id='word_1_340' title='bbox 1435 3231 1467 3292; x_wconf 90' lang='lat' dir='ltr'><strong>si</strong></span> <span class='ocrx_word' id='word_1_341' title='bbox 1488 3231 1657 3310; x_wconf 86' lang='lat' dir='ltr'><strong>prodeat</strong></span> 
     </span>
     <span class='ocr_line' id='line_1_34' title="bbox 295 3320 1655 3403; baseline -0.004 -20"><span class='ocrx_word' id='word_1_342' title='bbox 295 3321 364 3383; x_wconf 95' lang='lat' dir='ltr'><strong>hoc</strong></span> <span class='ocrx_word' id='word_1_343' title='bbox 393 3321 672 3400; x_wconf 89' lang='lat' dir='ltr'><strong>prognosticum</strong></span> <span class='ocrx_word' id='word_1_344' title='bbox 707 3321 740 3383; x_wconf 92' lang='lat' dir='ltr'><strong>in</strong></span> <span class='ocrx_word' id='word_1_345' title='bbox 775 3320 1018 3386; x_wconf 89' lang='lat' dir='ltr'><strong>Germaniam.</strong></span> <span class='ocrx_word' id='word_1_346' title='bbox 1073 3324 1262 3385; x_wconf 83' lang='lat' dir='ltr'><strong>Audacter</strong></span> <span class='ocrx_word' id='word_1_347' title='bbox 1291 3321 1491 3403; x_wconf 89' lang='lat' dir='ltr'><strong>polliceor,</strong></span> <span class='ocrx_word' id='word_1_348' title='bbox 1527 3328 1655 3382; x_wconf 90' lang='lat' dir='ltr'><strong>osten-</strong></span> 
     </span>
     <span class='ocr_line' id='line_1_35' title="bbox 297 3407 1657 3493; baseline -0.003 -22"><span class='ocrx_word' id='word_1_349' title='bbox 297 3411 382 3472; x_wconf 89' lang='lat' dir='ltr'><strong>dere</strong></span> <span class='ocrx_word' id='word_1_350' title='bbox 406 3429 456 3471; x_wconf 88' lang='lat' dir='ltr'><strong>me</strong></span> <span class='ocrx_word' id='word_1_351' title='bbox 480 3417 815 3489; x_wconf 72' lang='lat' dir='ltr'><strong>posse-tractatum</strong></span> <span class='ocrx_word' id='word_1_352' title='bbox 834 3411 1018 3492; x_wconf 88' lang='lat' dir='ltr'><strong>integrum</strong></span> <span class='ocrx_word' id='word_1_353' title='bbox 1043 3413 1083 3475; x_wconf 90' lang='lat' dir='ltr'><strong>de</strong></span> <span class='ocrx_word' id='word_1_354' title='bbox 1108 3431 1163 3488; x_wconf 89' lang='lat' dir='ltr'><strong>ca,</strong></span> <span class='ocrx_word' id='word_1_355' title='bbox 1189 3413 1309 3493; x_wconf 90' lang='lat' dir='ltr'><strong>qualis</strong></span> <span class='ocrx_word' id='word_1_356' title='bbox 1333 3429 1418 3472; x_wconf 84' lang='lat' dir='ltr'><strong>vero</strong></span> <span class='ocrx_word' id='word_1_357' title='bbox 1442 3407 1657 3470; x_wconf 85' lang='lat' dir='ltr'><strong>tractatus?</strong></span> 
     </span>
     <span class='ocr_line' id='line_1_36' title="bbox 295 3495 1657 3581; baseline -0.005 -18"><span class='ocrx_word' id='word_1_358' title='bbox 295 3499 428 3563; x_wconf 87' lang='lat' dir='ltr'><strong>Nullus</strong></span> <span class='ocrx_word' id='word_1_359' title='bbox 452 3498 582 3575; x_wconf 92' lang='lat' dir='ltr'><strong>adhuc,</strong></span> <span class='ocrx_word' id='word_1_360' title='bbox 607 3499 641 3561; x_wconf 90' lang='lat' dir='ltr'><strong>si</strong></span> <span class='ocrx_word' id='word_1_361' title='bbox 663 3517 785 3562; x_wconf 86' lang='lat' dir='ltr'><strong>vorum</strong></span> <span class='ocrx_word' id='word_1_362' title='bbox 809 3501 941 3563; x_wconf 83' lang='lat' dir='ltr'><strong>fatear.</strong></span> <span class='ocrx_word' id='word_1_363' title='bbox 989 3501 1051 3563; x_wconf 87' lang='lat' dir='ltr'><strong>Sed</strong></span> <span class='ocrx_word' id='word_1_364' title='bbox 1075 3509 1174 3563; x_wconf 91' lang='lat' dir='ltr'><strong>tamen</strong></span> <span class='ocrx_word' id='word_1_365' title='bbox 1200 3501 1226 3563; x_wconf 91' lang='lat' dir='ltr'><strong>si</strong></span> <span class='ocrx_word' id='word_1_366' title='bbox 1251 3500 1317 3581; x_wconf 89' lang='lat' dir='ltr'><strong>quis</strong></span> <span class='ocrx_word' id='word_1_367' title='bbox 1340 3505 1472 3578; x_wconf 86' lang='lat' dir='ltr'><strong>peteret,</strong></span> <span class='ocrx_word' id='word_1_368' title='bbox 1497 3495 1657 3558; x_wconf 89' lang='lat' dir='ltr'><strong>Maestlini</strong></span> 
     </span>
     <span class='ocr_line' id='line_1_37' title="bbox 297 3585 1657 3669; baseline -0.004 -18"><span class='ocrx_word' id='word_1_369' title='bbox 297 3589 402 3651; x_wconf 89' lang='lat' dir='ltr'><strong>literae</strong></span> <span class='ocrx_word' id='word_1_370' title='bbox 426 3606 480 3668; x_wconf 93' lang='lat' dir='ltr'><strong>pro</strong></span> <span class='ocrx_word' id='word_1_371' title='bbox 505 3595 552 3648; x_wconf 88' lang='lat' dir='ltr'><strong>nie</strong></span> <span class='ocrx_word' id='word_1_372' title='bbox 577 3589 779 3669; x_wconf 89' lang='lat' dir='ltr'><strong>loquerentur,</strong></span> <span class='ocrx_word' id='word_1_373' title='bbox 805 3589 853 3651; x_wconf 94' lang='lat' dir='ltr'><strong>ubi</strong></span> <span class='ocrx_word' id='word_1_374' title='bbox 877 3591 1005 3652; x_wconf 86' lang='lat' dir='ltr'><strong>maxime</strong></span> <span class='ocrx_word' id='word_1_375' title='bbox 1030 3610 1154 3652; x_wconf 90' lang='lat' dir='ltr'><strong>necesse</strong></span> <span class='ocrx_word' id='word_1_376' title='bbox 1178 3597 1271 3652; x_wconf 89' lang='lat' dir='ltr'><strong>esset.</strong></span> <span class='ocrx_word' id='word_1_377' title='bbox 1317 3589 1398 3650; x_wconf 91' lang='lat' dir='ltr'><strong>Nam</strong></span> <span class='ocrx_word' id='word_1_378' title='bbox 1423 3585 1531 3648; x_wconf 89' lang='lat' dir='ltr'><strong>statim</strong></span> <span class='ocrx_word' id='word_1_379' title='bbox 1555 3604 1657 3647; x_wconf 91' lang='lat' dir='ltr'><strong>meuse</strong></span> 
     </span>
     <span class='ocr_line' id='line_1_38' title="bbox 295 3673 1655 3763; baseline -0.003 -25"><span class='ocrx_word' id='word_1_380' title='bbox 295 3677 408 3740; x_wconf 89' lang='lat' dir='ltr'><strong>Martio</strong></span> <span class='ocrx_word' id='word_1_381' title='bbox 442 3676 539 3739; x_wconf 90' lang='lat' dir='ltr'><strong>adhuc</strong></span> <span class='ocrx_word' id='word_1_382' title='bbox 569 3676 677 3756; x_wconf 89' lang='lat' dir='ltr'><strong>scripsi</strong></span> <span class='ocrx_word' id='word_1_383' title='bbox 707 3679 746 3739; x_wconf 90' lang='lat' dir='ltr'><strong>ad</strong></span> <span class='ocrx_word' id='word_1_384' title='bbox 770 3674 789 3741; x_wconf 88' lang='lat'><strong>3</strong></span> <span class='ocrx_word' id='word_1_385' title='bbox 813 3680 957 3759; x_wconf 89' lang='lat' dir='ltr'><strong>paginas,</strong></span> <span class='ocrx_word' id='word_1_386' title='bbox 992 3679 1165 3763; x_wconf 84' lang='lat' dir='ltr'><strong>petentibus</strong></span> <span class='ocrx_word' id='word_1_387' title='bbox 1193 3677 1238 3740; x_wconf 90' lang='lat' dir='ltr'><strong>ita</strong></span> <span class='ocrx_word' id='word_1_388' title='bbox 1266 3675 1443 3758; x_wconf 89' lang='lat' dir='ltr'><strong>quibusdam</strong></span> <span class='ocrx_word' id='word_1_389' title='bbox 1468 3673 1655 3748; x_wconf 87' lang='lat' dir='ltr'><strong>Abbatihus,</strong></span> 
     </span>
    </p>
   </div>
   <div class='ocr_carea' id='block_1_4' title="bbox 187 3762 1723 3848">
    <p class='ocr_par' dir='ltr' id='par_1_4' title="bbox 187 3762 1723 3848">
     <span class='ocr_line' id='line_1_39' title="bbox 187 3762 1723 3848; baseline -0.002 -22"><span class='ocrx_word' id='word_1_390' title='bbox 187 3787 197 3800; x_wconf 87' lang='lat'><strong>··</strong></span> <span class='ocrx_word' id='word_1_391' title='bbox 296 3767 351 3827; x_wconf 89' lang='lat' dir='ltr'><strong>sed</strong></span> <span class='ocrx_word' id='word_1_392' title='bbox 374 3763 560 3845; x_wconf 82' lang='lat' dir='ltr'><strong>populariter</strong></span> <span class='ocrx_word' id='word_1_393' title='bbox 594 3765 659 3828; x_wconf 91' lang='lat' dir='ltr'><strong>sine</strong></span> <span class='ocrx_word' id='word_1_394' title='bbox 689 3774 829 3846; x_wconf 91' lang='lat' dir='ltr'><strong>computo</strong></span> <span class='ocrx_word' id='word_1_395' title='bbox 857 3767 966 3829; x_wconf 88' lang='lat' dir='ltr'><strong>seriem</strong></span> <span class='ocrx_word' id='word_1_396' title='bbox 991 3769 1120 3848; x_wconf 84' lang='lat' dir='ltr'><strong>explicui</strong></span> <span class='ocrx_word' id='word_1_397' title='bbox 1149 3775 1239 3829; x_wconf 87' lang='lat' dir='ltr'><strong>natas</strong></span> <span class='ocrx_word' id='word_1_398' title='bbox 1264 3766 1411 3846; x_wconf 86' lang='lat' dir='ltr'><strong>paulatim</strong></span> <span class='ocrx_word' id='word_1_399' title='bbox 1436 3764 1513 3826; x_wconf 89' lang='lat' dir='ltr'><strong>artis</strong></span> <span class='ocrx_word' id='word_1_400' title='bbox 1537 3782 1577 3824; x_wconf 83' lang='lat' dir='ltr'><strong>ex</strong></span> <span class='ocrx_word' id='word_1_401' title='bbox 1601 3762 1656 3824; x_wconf 90' lang='lat' dir='ltr'><strong>ob·</strong></span> <span class='ocrx_word' id='word_1_402' title='bbox 1719 3841 1723 3846; x_wconf 88' lang='lat'><strong>.</strong></span> 
     </span>
    </p>
   </div>
   <div class='ocr_carea' id='block_1_5' title="bbox 296 3852 1658 4826">
    <p class='ocr_par' dir='ltr' id='par_1_5' title="bbox 296 3852 1658 4826">
     <span class='ocr_line' id='line_1_40' title="bbox 296 3852 1655 3937; baseline -0.002 -23"><span class='ocrx_word' id='word_1_403' title='bbox 296 3853 534 3923; x_wconf 89' lang='lat' dir='ltr'><strong>servatiouibus‚</strong></span> <span class='ocrx_word' id='word_1_404' title='bbox 569 3854 795 3937; x_wconf 85' lang='lat' dir='ltr'><strong>hypothesibus,</strong></span> <span class='ocrx_word' id='word_1_405' title='bbox 820 3856 951 3929; x_wconf 89' lang='lat' dir='ltr'><strong>tabuiis,</strong></span> <span class='ocrx_word' id='word_1_406' title='bbox 986 3856 1226 3936; x_wconf 84' lang='lat' dir='ltr'><strong>ephemeridibus</strong></span> <span class='ocrx_word' id='word_1_407' title='bbox 1255 3873 1348 3935; x_wconf 87' lang='lat' dir='ltr'><strong>usque</strong></span> <span class='ocrx_word' id='word_1_408' title='bbox 1379 3853 1418 3916; x_wconf 87' lang='lat' dir='ltr'><strong>ad</strong></span> <span class='ocrx_word' id='word_1_409' title='bbox 1440 3852 1655 3932; x_wconf 90' lang='lat' dir='ltr'><strong>prognostica:</strong></span> 
     </span>
     <span class='ocr_line' id='line_1_41' title="bbox 298 3939 1655 4022; baseline -0.003 -18"><span class='ocrx_word' id='word_1_410' title='bbox 298 3941 401 4004; x_wconf 91' lang='lat' dir='ltr'><strong>addidi</strong></span> <span class='ocrx_word' id='word_1_411' title='bbox 426 3939 660 4022; x_wconf 86' lang='lat' dir='ltr'><strong>descriptionem</strong></span> <span class='ocrx_word' id='word_1_412' title='bbox 684 3963 769 4006; x_wconf 87' lang='lat' dir='ltr'><strong>meac</strong></span> <span class='ocrx_word' id='word_1_413' title='bbox 795 3943 1033 4019; x_wconf 88' lang='lat' dir='ltr'><strong>observationis,</strong></span> <span class='ocrx_word' id='word_1_414' title='bbox 1058 3945 1158 4008; x_wconf 88' lang='lat' dir='ltr'><strong>omnia</strong></span> <span class='ocrx_word' id='word_1_415' title='bbox 1182 3944 1220 4007; x_wconf 90' lang='lat' dir='ltr'><strong>ad</strong></span> <span class='ocrx_word' id='word_1_416' title='bbox 1245 3961 1342 4006; x_wconf 89' lang='lat' dir='ltr'><strong>meum</strong></span> <span class='ocrx_word' id='word_1_417' title='bbox 1366 3941 1555 4004; x_wconf 89' lang='lat' dir='ltr'><strong>commodum</strong></span> <span class='ocrx_word' id='word_1_418' title='bbox 1578 3940 1655 4002; x_wconf 88' lang='lat' dir='ltr'><strong>mei-</strong></span> 
     </span>
     <span class='ocr_line' id='line_1_42' title="bbox 298 4029 1656 4112; baseline -0.003 -19"><span class='ocrx_word' id='word_1_419' title='bbox 298 4050 353 4111; x_wconf 87' lang='lat' dir='ltr'><strong>que</strong></span> <span class='ocrx_word' id='word_1_420' title='bbox 378 4029 467 4092; x_wconf 88' lang='lat' dir='ltr'><strong>officii</strong></span> <span class='ocrx_word' id='word_1_421' title='bbox 498 4031 702 4094; x_wconf 85' lang='lat' dir='ltr'><strong>fundationem</strong></span> <span class='ocrx_word' id='word_1_422' title='bbox 733 4033 837 4096; x_wconf 82' lang='lat' dir='ltr'><strong>direxi.</strong></span> <span class='ocrx_word' id='word_1_423' title='bbox 884 4033 980 4097; x_wconf 89' lang='lat' dir='ltr'><strong>Nemo</strong></span> <span class='ocrx_word' id='word_1_424' title='bbox 1013 4041 1115 4097; x_wconf 91' lang='lat' dir='ltr'><strong>tamen</strong></span> <span class='ocrx_word' id='word_1_425' title='bbox 1144 4034 1173 4096; x_wconf 91' lang='lat' dir='ltr'><strong>id</strong></span> <span class='ocrx_word' id='word_1_426' title='bbox 1208 4033 1287 4112; x_wconf 89' lang='lat' dir='ltr'><strong>quod</strong></span> <span class='ocrx_word' id='word_1_427' title='bbox 1320 4030 1427 4110; x_wconf 90' lang='lat' dir='ltr'><strong>scripsi</strong></span> <span class='ocrx_word' id='word_1_428' title='bbox 1457 4029 1543 4090; x_wconf 90' lang='lat' dir='ltr'><strong>vidit.</strong></span> <span class='ocrx_word' id='word_1_429' title='bbox 1595 4029 1656 4091; x_wconf 91' lang='lat' dir='ltr'><strong>Sed</strong></span> 
     </span>
     <span class='ocr_line' id='line_1_43' title="bbox 296 4117 1656 4203; baseline -0.001 -23"><span class='ocrx_word' id='word_1_430' title='bbox 296 4118 394 4199; x_wconf 87' lang='lat' dir='ltr'><strong>major</strong></span> <span class='ocrx_word' id='word_1_431' title='bbox 423 4117 565 4182; x_wconf 82' lang='lat' dir='ltr'><strong>fortassis</strong></span> <span class='ocrx_word' id='word_1_432' title='bbox 593 4121 722 4183; x_wconf 85' lang='lat' dir='ltr'><strong>andacia</strong></span> <span class='ocrx_word' id='word_1_433' title='bbox 752 4121 973 4202; x_wconf 88' lang='lat' dir='ltr'><strong>interponentis</strong></span> <span class='ocrx_word' id='word_1_434' title='bbox 1002 4143 1069 4185; x_wconf 88' lang='lat' dir='ltr'><strong>sese</strong></span> <span class='ocrx_word' id='word_1_435' title='bbox 1103 4123 1182 4184; x_wconf 90' lang='lat' dir='ltr'><strong>inter</strong></span> <span class='ocrx_word' id='word_1_436' title='bbox 1210 4121 1364 4203; x_wconf 91' lang='lat' dir='ltr'><strong>opiniones</strong></span> <span class='ocrx_word' id='word_1_437' title='bbox 1393 4119 1552 4180; x_wconf 85' lang='lat' dir='ltr'><strong>artificum.</strong></span> <span class='ocrx_word' id='word_1_438' title='bbox 1600 4117 1656 4178; x_wconf 79' lang='lat' dir='ltr'><strong>llic</strong></span> 
     </span>
     <span class='ocr_line' id='line_1_44' title="bbox 297 4207 1657 4292; baseline -0.001 -23"><span class='ocrx_word' id='word_1_439' title='bbox 297 4209 376 4270; x_wconf 88' lang='lat' dir='ltr'><strong>euim</strong></span> <span class='ocrx_word' id='word_1_440' title='bbox 399 4225 456 4268; x_wconf 92' lang='lat' dir='ltr'><strong>non</strong></span> <span class='ocrx_word' id='word_1_441' title='bbox 480 4215 615 4280; x_wconf 92' lang='lat' dir='ltr'><strong>tautum,</strong></span> <span class='ocrx_word' id='word_1_442' title='bbox 641 4211 719 4291; x_wconf 91' lang='lat' dir='ltr'><strong>quod</strong></span> <span class='ocrx_word' id='word_1_443' title='bbox 742 4210 804 4272; x_wconf 91' lang='lat' dir='ltr'><strong>ista</strong></span> <span class='ocrx_word' id='word_1_444' title='bbox 821 4211 984 4274; x_wconf 84' lang='lat' dir='ltr'><strong>vernacula</strong></span> <span class='ocrx_word' id='word_1_445' title='bbox 1007 4212 1111 4292; x_wconf 90' lang='lat' dir='ltr'><strong>lingna</strong></span> <span class='ocrx_word' id='word_1_446' title='bbox 1134 4211 1277 4285; x_wconf 90' lang='lat' dir='ltr'><strong>scribam,</strong></span> <span class='ocrx_word' id='word_1_447' title='bbox 1303 4210 1358 4272; x_wconf 91' lang='lat' dir='ltr'><strong>sed</strong></span> <span class='ocrx_word' id='word_1_448' title='bbox 1381 4209 1483 4281; x_wconf 89' lang='lat' dir='ltr'><strong>etiam,</strong></span> <span class='ocrx_word' id='word_1_449' title='bbox 1509 4207 1590 4287; x_wconf 90' lang='lat' dir='ltr'><strong>quod</strong></span> <span class='ocrx_word' id='word_1_450' title='bbox 1615 4208 1657 4268; x_wconf 86' lang='lat' dir='ltr'><strong>ita</strong></span> 
     </span>
     <span class='ocr_line' id='line_1_45' title="bbox 297 4293 1658 4376; baseline -0.002 -17"><span class='ocrx_word' id='word_1_451' title='bbox 297 4297 437 4371; x_wconf 89' lang='lat' dir='ltr'><strong>seutiam,</strong></span> <span class='ocrx_word' id='word_1_452' title='bbox 463 4295 630 4360; x_wconf 87' lang='lat' dir='ltr'><strong>miraberis.</strong></span> <span class='ocrx_word' id='word_1_453' title='bbox 676 4301 807 4362; x_wconf 88' lang='lat' dir='ltr'><strong>Fcceras</strong></span> <span class='ocrx_word' id='word_1_454' title='bbox 830 4308 863 4362; x_wconf 92' lang='lat' dir='ltr'><strong>tn</strong></span> <span class='ocrx_word' id='word_1_455' title='bbox 887 4301 1067 4362; x_wconf 91' lang='lat' dir='ltr'><strong>mentionem</strong></span> <span class='ocrx_word' id='word_1_456' title='bbox 1092 4299 1189 4362; x_wconf 88' lang='lat' dir='ltr'><strong>obiter</strong></span> <span class='ocrx_word' id='word_1_457' title='bbox 1208 4299 1416 4362; x_wconf 86' lang='lat' dir='ltr'><strong>diminuendae</strong></span> <span class='ocrx_word' id='word_1_458' title='bbox 1436 4293 1658 4376; x_wconf 74' lang='lat' dir='ltr'><strong>issanpcrqsoc</strong></span> 
     </span>
     <span class='ocr_line' id='line_1_46' title="bbox 296 4383 1654 4470; baseline -0.004 -20"><span class='ocrx_word' id='word_1_459' title='bbox 296 4383 427 4461; x_wconf 85' lang='lat' dir='ltr'><strong>Solaria,</strong></span> <span class='ocrx_word' id='word_1_460' title='bbox 462 4403 521 4466; x_wconf 86' lang='lat' dir='ltr'><strong>qna</strong></span> <span class='ocrx_word' id='word_1_461' title='bbox 551 4395 582 4449; x_wconf 90' lang='lat' dir='ltr'><strong>et</strong></span> <span class='ocrx_word' id='word_1_462' title='bbox 604 4392 882 4468; x_wconf 75' lang='grc' dir='ltr'><strong><em>προσθαφαιρεσεις</em></strong></span> <span class='ocrx_word' id='word_1_463' title='bbox 907 4388 1150 4452; x_wconf 89' lang='lat' dir='ltr'><strong>diminuerentur.</strong></span> <span class='ocrx_word' id='word_1_464' title='bbox 1197 4389 1233 4451; x_wconf 93' lang='lat' dir='ltr'><strong>Id</strong></span> <span class='ocrx_word' id='word_1_465' title='bbox 1262 4407 1318 4470; x_wconf 91' lang='lat' dir='ltr'><strong>ego</strong></span> <span class='ocrx_word' id='word_1_466' title='bbox 1346 4386 1390 4449; x_wconf 93' lang='lat' dir='ltr'><strong>uti</strong></span> <span class='ocrx_word' id='word_1_467' title='bbox 1414 4385 1514 4448; x_wconf 90' lang='lat' dir='ltr'><strong>obiter</strong></span> <span class='ocrx_word' id='word_1_468' title='bbox 1534 4385 1654 4464; x_wconf 85' lang='lat' dir='ltr'><strong>arripui,</strong></span> 
     </span>
     <span class='ocr_line' id='line_1_47' title="bbox 296 4471 1655 4559; baseline -0.004 -21"><span class='ocrx_word' id='word_1_469' title='bbox 296 4477 340 4539; x_wconf 94' lang='lat' dir='ltr'><strong>sic</strong></span> <span class='ocrx_word' id='word_1_470' title='bbox 364 4475 457 4540; x_wconf 84' lang='lat' dir='ltr'><strong>etiam</strong></span> <span class='ocrx_word' id='word_1_471' title='bbox 480 4473 579 4539; x_wconf 88' lang='lat' dir='ltr'><strong>obiter</strong></span> <span class='ocrx_word' id='word_1_472' title='bbox 593 4476 775 4551; x_wconf 82' lang='lat' dir='ltr'><strong>confirmavi,</strong></span> <span class='ocrx_word' id='word_1_473' title='bbox 800 4477 926 4540; x_wconf 86' lang='lat' dir='ltr'><strong>diceudo</strong></span> <span class='ocrx_word' id='word_1_474' title='bbox 950 4497 988 4540; x_wconf 86' lang='lat' dir='ltr'><strong>ex</strong></span> <span class='ocrx_word' id='word_1_475' title='bbox 1011 4477 1216 4559; x_wconf 88' lang='lat' dir='ltr'><strong>magnitudine</strong></span> <span class='ocrx_word' id='word_1_476' title='bbox 1236 4477 1364 4540; x_wconf 88' lang='lat' dir='ltr'><strong>aestatis</strong></span> <span class='ocrx_word' id='word_1_477' title='bbox 1380 4495 1438 4537; x_wconf 90' lang='lat' dir='ltr'><strong>uon</strong></span> <span class='ocrx_word' id='word_1_478' title='bbox 1455 4493 1546 4556; x_wconf 90' lang='lat' dir='ltr'><strong>posse</strong></span> <span class='ocrx_word' id='word_1_479' title='bbox 1561 4471 1655 4535; x_wconf 86' lang='lat' dir='ltr'><strong>statui</strong></span> 
     </span>
     <span class='ocr_line' id='line_1_48' title="bbox 298 4561 1655 4647; baseline -0.002 -21"><span class='ocrx_word' id='word_1_480' title='bbox 298 4567 334 4628; x_wconf 90' lang='lat' dir='ltr'><strong>de</strong></span> <span class='ocrx_word' id='word_1_481' title='bbox 358 4561 595 4640; x_wconf 88' lang='lat' dir='ltr'><strong>eccentricitate‚</strong></span> <span class='ocrx_word' id='word_1_482' title='bbox 620 4573 744 4646; x_wconf 90' lang='lat' dir='ltr'><strong>propter</strong></span> <span class='ocrx_word' id='word_1_483' title='bbox 768 4567 939 4646; x_wconf 88' lang='lat' dir='ltr'><strong>analogiam</strong></span> <span class='ocrx_word' id='word_1_484' title='bbox 964 4569 1149 4647; x_wconf 89' lang='lat' dir='ltr'><strong>snpericmm</strong></span> <span class='ocrx_word' id='word_1_485' title='bbox 1178 4568 1368 4646; x_wconf 89' lang='lat' dir='ltr'><strong>planetarum</strong></span> <span class='ocrx_word' id='word_1_486' title='bbox 1392 4565 1422 4627; x_wconf 91' lang='lat' dir='ltr'><strong>in</strong></span> <span class='ocrx_word' id='word_1_487' title='bbox 1447 4562 1655 4644; x_wconf 89' lang='lat' dir='ltr'><strong>aequantibus,</strong></span> 
     </span>
     <span class='ocr_line' id='line_1_49' title="bbox 298 4645 1652 4736; baseline -0.003 -20"><span class='ocrx_word' id='word_1_488' title='bbox 298 4645 375 4733; x_wconf 86' lang='lat' dir='ltr'><strong>quas</strong></span> <span class='ocrx_word' id='word_1_489' title='bbox 398 4653 500 4734; x_wconf 90' lang='lat' dir='ltr'><strong>ntique</strong></span> <span class='ocrx_word' id='word_1_490' title='bbox 525 4655 617 4717; x_wconf 89' lang='lat' dir='ltr'><strong>etiam</strong></span> <span class='ocrx_word' id='word_1_491' title='bbox 640 4653 744 4717; x_wconf 86' lang='lat' dir='ltr'><strong>Solem</strong></span> <span class='ocrx_word' id='word_1_492' title='bbox 767 4663 886 4730; x_wconf 85' lang='lat' dir='ltr'><strong>teneat,</strong></span> <span class='ocrx_word' id='word_1_493' title='bbox 912 4655 938 4716; x_wconf 90' lang='lat' dir='ltr'><strong>si</strong></span> <span class='ocrx_word' id='word_1_494' title='bbox 962 4657 1094 4719; x_wconf 88' lang='lat' dir='ltr'><strong>rationes</strong></span> <span class='ocrx_word' id='word_1_495' title='bbox 1118 4655 1343 4736; x_wconf 87' lang='lat' dir='ltr'><strong>philosophicas</strong></span> <span class='ocrx_word' id='word_1_496' title='bbox 1367 4671 1540 4734; x_wconf 88' lang='lat' dir='ltr'><strong>sequamur.</strong></span> <span class='ocrx_word' id='word_1_497' title='bbox 1587 4651 1652 4712; x_wconf 88' lang='lat' dir='ltr'><strong>Ve-</strong></span> 
     </span>
     <span class='ocr_line' id='line_1_50' title="bbox 297 4741 1651 4826; baseline -0.001 -24"><span class='ocrx_word' id='word_1_498' title='bbox 297 4759 363 4803; x_wconf 87' lang='lat' dir='ltr'><strong>mm</strong></span> <span class='ocrx_word' id='word_1_499' title='bbox 386 4745 456 4804; x_wconf 89' lang='lat' dir='ltr'><strong>dum</strong></span> <span class='ocrx_word' id='word_1_500' title='bbox 478 4741 555 4806; x_wconf 89' lang='lat' dir='ltr'><strong>beas</strong></span> <span class='ocrx_word' id='word_1_501' title='bbox 569 4744 731 4824; x_wconf 89' lang='lat' dir='ltr'><strong>perpendo,</strong></span> <span class='ocrx_word' id='word_1_502' title='bbox 756 4742 876 4806; x_wconf 85' lang='lat' dir='ltr'><strong>invenio</strong></span> <span class='ocrx_word' id='word_1_503' title='bbox 900 4743 939 4806; x_wconf 90' lang='lat' dir='ltr'><strong>ad</strong></span> <span class='ocrx_word' id='word_1_504' title='bbox 958 4745 1127 4826; x_wconf 88' lang='lat' dir='ltr'><strong>juvandum</strong></span> <span class='ocrx_word' id='word_1_505' title='bbox 1141 4745 1287 4809; x_wconf 89' lang='lat' dir='ltr'><strong>calculum</strong></span> <span class='ocrx_word' id='word_1_506' title='bbox 1306 4742 1472 4807; x_wconf 87' lang='lat' dir='ltr'><strong>vernalium</strong></span> <span class='ocrx_word' id='word_1_507' title='bbox 1486 4749 1518 4803; x_wconf 91' lang='lat' dir='ltr'><strong>et</strong></span> <span class='ocrx_word' id='word_1_508' title='bbox 1532 4747 1651 4802; x_wconf 88' lang='lat' dir='ltr'><strong>autum-</strong></span> 
     </span>
    </p>
   </div>
   <div class='ocr_carea' id='block_1_6' title="bbox 0 0 1830 5524">
    <p class='ocr_par' dir='ltr' id='par_1_6' title="bbox 0 0 1830 5524">
     <span class='ocr_line' id='line_1_51' title="bbox 0 0 1830 5524; baseline 0 0"><span class='ocrx_word' id='word_1_509' title='bbox 0 0 1830 5524; x_wconf 95' lang='lat' dir='ltr'><strong> </strong></span> 
     </span>
    </p>
   </div>
  </div>
 </body>
</html>
