3542 5528
301 259 343 330 tl
886 263 1047 316 eumuna

301 441 416 486 rursum
447 425 554 486 stellae
581 425 611 487 A
634 423 793 486 maximam
820 431 853 486 et
880 421 1032 486 minimam
1055 421 1251 486 altitudinem.
1298 421 1429 485 Necesse
1456 421 1552 501 igitur
1575 418 1640 492 fuit,

300 514 329 574 in
353 512 481 574 maxima
505 511 660 574 altitudine
682 511 838 591 provenire
861 529 962 574 arcum
985 511 1052 586 AB,
1077 512 1125 592 qni
1148 512 1244 592 major
1266 511 1357 574 debet
1374 531 1442 572 esse
1462 527 1550 590 quarn
1572 507 1642 582 ΑΚ,

301 600 326 662 si
349 619 419 664 vere
443 601 606 680 amplitudo
629 601 710 662 orbis
733 599 849 663 ELDM
872 610 920 662 est
952 599 1100 663 sensibilis
1133 600 1209 663 iuter
1239 600 1325 662 fisse.
1377 598 1504 663 collatis
1534 598 1644 659 obser·

302 689 468 752 sationibus
492 689 723 769 deprehendisse
746 688 865 766 videor,
891 690 967 769 quod
992 689 1158 766 differentia
1181 706 1415 770 arcuum,.quae
1438 697 1486 750 est
1509 687 1576 762 KB,
1601 685 1645 746 sit

300 775 341 842 33
372 781 432 841 iere
462 778 663 858 scrupulorum
695 797 714 840 a
741 772 781 842 4⁰
798 777 884 854 Yad
906 773 1003 853 Nee,
1033 779 1227 858 quadrantem
1256 778 1368 841 circuli.
1414 777 1500 841 Unde
1529 793 1644 854 seque-

300 877 394 943 retur,
422 867 640 948 proportionem
672 867 747 930 coeli
771 867 922 930 terrestris
950 867 1013 928 sive
1036 867 1101 947 ejus
1124 867 1261 930 diametri
1288 868 1328 929 ad
1357 868 1534 930 diametrum
1563 865 1644 924 iira-

300 975 364 1018 rum
393 975 460 1018 esse
493 965 526 1018 ut
552 955 637 1018 unius
661 956 700 1018 ad
726 951 797 1020 100.
844 956 905 1020 Sed
927 955 1068 1032 videor,
1104 956 1241 1037 inquam,
1274 954 1515 1037 deprehendisse.
1561 952 1646 1016 Nam

299 1045 463 1126 hujusmodi
487 1045 671 1114 observatio,
695 1063 749 1126 per
770 1047 968 1108 instrumenta
990 1065 1046 1109 uon
1071 1045 1234 1126 exquisita,
1260 1046 1373 1108 lubrica
1395 1053 1452 1108 est.

376 1183 406 1235 In
431 1187 542 1251 margine
569 1187 621 1251 ipse
644 1193 749 1236 annotat
775 1185 914 1250 Keplerus:
947 1190 1001 1249 jam
1018 1185 1083 1236 eninr
1109 1185 1147 1234 bis
1169 1188 1228 1250 ipsis
1258 1185 1342 1236 diebus
1375 1185 1501 1237 observari
1531 1182 1646 1246 ejusdem

298 1255 386 1308 sudas
403 1255 565 1308 humilitatem
582 1257 755 1317 meddiansm,
774 1264 850 1308 noctu
866 1257 891 1307 ιι
912 1255 959 1314 12,
988 1271 1051 1322 quse
1069 1256 1196 1307 videbatur
1217 1257 1276 1308 mihi
1298 1257 1436 1308 coincidere
1454 1272 1512 1308 curu
1529 1255 1574 1304 ills
1591 1253 1645 1304 De-

298 1328 388 1378 cembri
406 1328 499 1379 habite
535 1329 677 1394 Altrobique
704 1329 777 1394 igitur
803 1335 909 1380 erratum
936 1333 975 1379 est
999 1328 1025 1378 in
1052 1327 1227 1379 observatione.
1265 1327 1361 1393 (comp.
1385 1345 1441 1379 cum
1458 1328 1497 1378 his
1516 1341 1562 1386 se,
1580 1339 1648 1391 quse

298 1397 420 1463 Keplerns
448 1399 559 1450 (ielileeo
588 1401 743 1464 perscripsit,
777 1401 884 1452 inritans
911 1400 993 1460 hune,
1020 1406 1049 1450 ut
1075 1399 1180 1450 eandem
1212 1397 1404 1451 observationem
1429 1402 1456 1450 in
1482 1414 1511 1448 se
1540 1398 1649 1461 recipiet

298 1483 355 1536 pag.
374 1466 416 1527 ⁴2.
436 1477 462 1522 st
479 1473 658 1536 responsionem
677 1471 799 1535 Tychouis
816 1471 849 1522 sd
866 1471 968 1536 Kepleri
985 1471 1069 1522 literas
1087 1469 1118 1520 de
1134 1471 1222 1522 eadem
1240 1473 1391 1538 quaestione,
1407 1486 1468 1538 pap.
1486 1466 1544 1531 tr.)

385 1578 491 1658 Itaque
519 1579 652 1658 pluribus
675 1577 933 1640 observationibus
956 1577 1103 1641 dubitatio
1127 1579 1221 1640 omnis
1250 1578 1434 1640 excludenda
1466 1586 1535 1653 est,
1568 1593 1647 1656 quse

299 1686 348 1730 res
376 1665 497 1746 aliquod
519 1677 637 1748 tempus
659 1667 792 1748 requirit.
817 1697 858 1710 -
883 1666 961 1730 Sunt
983 1677 1015 1730 et
1037 1667 1089 1728 alii
1111 1667 1199 1744 modi,
1224 1666 1278 1729 sed
1301 1667 1490 1730 difficiliores.

386 1753 452 1818 Hoe
475 1756 525 1818 ubi
548 1765 630 1820 eerto
653 1757 815 1820 innotuerit
838 1757 890 1832 (et
910 1755 1022 1826 velim,
1053 1757 1127 1818 alios
1160 1775 1273 1837 quoque
1297 1765 1484 1818 astronomos
1511 1753 1544 1816 in
1568 1754 1648 1815 haue

299 1863 360 1907 rem
382 1844 514 1907 intentos
538 1848 635 1922 esse),
663 1845 790 1924 primum
813 1846 977 1908 retexenda
1000 1845 1058 1908 erit
1080 1844 1218 1907 universa
1241 1845 1426 1907 astronomia
1453 1850 1485 1905 et
1512 1861 1649 1924 geogra-

299 1933 385 2014 phia,
410 1934 742 2014 demonstrandumque,
767 1934 879 2016 qnod
870 1953 900 1997 ru
924 1955 1109 2013 personuere
1131 1935 1263 1996 varietur
1289 1953 1343 2015 per
1371 1934 1447 1996 hanc
1471 1932 1603 1994 Telluris
1630 1951 1650 1991 a

300 2031 402 2086 centro
435 2023 605 2086 sensibilem
637 2023 822 2085 distantiam.
871 2023 981 2085 Postea
1012 2023 1276 2108 suppeditarentur
1306 2021 1378 2084 mihi
1408 2021 1543 2084 rationes
1565 2020 1649 2103 phy-

299 2112 382 2174 sicae
406 2111 442 2173 de
466 2113 565 2174 causis
589 2113 674 2192 hujus
703 2111 923 2193 proportionis;
949 2111 1030 2193 prius
1058 2113 1134 2174 enirn
1162 2119 1281 2193 oportet
1302 2132 1337 2174 so
1360 2105 1405 2172 ιιι
1427 2118 1580 2186 constare,
1610 2127 1651 2170 ex

300 2218 356 2282 quo
380 2221 415 2262 sc
438 2206 510 2262 decu
533 2201 706 2263 deducatur.
735 2202 834 2282 Atque
859 2208 929 2263 tune
951 2219 997 2263 me
1021 2202 1207 2281 accingerem
1231 2201 1270 2262 ad
1288 2209 1459 2304 susceptam
1473 2197 1648 2260 materiem.

388 2286 477 2359 Quod
508 2298 607 2352 autem
636 2291 727 2352 etiam
754 2289 929 2351 erratione
954 2297 1107 2352 ventomm
1140 2297 1171 2352 et
1193 2298 1290 2351 motus
1313 2290 1437 2352 marium
1460 2287 1630 2350 deduciar
1594 2305 1648 2348 ar-

300 2387 442 2459 gumenta
477 2378 632 2441 existimas
670 2398 723 2460 pro
754 2389 836 2441 motu
865 2379 1005 2454 Telluris,
1043 2377 1177 2459 equidem
1206 2389 1238 2441 et
1265 2396 1320 2458 ego
1350 2378 1509 2441 nonnullas
1539 2377 1647 2438 harum

216 2501 219 2510 ·
299 2485 394 2530 rerum
419 2467 616 2548 cogitationes
640 2467 750 2542 habeo;
779 2477 810 2530 et
837 2485 903 2529 oum
933 2485 1026 2548 nuper
1049 2466 1254 2542 Galilaeus,
1283 2467 1447 2529 Pataviuns
1471 2466 1647 2528 mathema-

299 2555 386 2632 ticus,
409 2555 440 2618 iu
463 2555 557 2620 literis
582 2557 620 2619 ad
643 2577 689 2619 me
713 2557 833 2639 seriptis
857 2556 899 2629 (v.
923 2575 994 2636 pag.
1019 2551 1076 2631 40)
1100 2563 1231 2618 testatus
1259 2564 1359 2631 esset,
1388 2573 1420 2618 se
1448 2555 1648 2635 plurimarum

300 2663 396 2708 rerum
425 2647 604 2708 naturalium
634 2664 741 2709 causas
775 2665 812 2708 ex
843 2644 1057 2727 hypothesibus
1089 2643 1245 2726 Ceperuiei
1276 2645 1442 2708 rectissime
1471 2641 1647 2716 deduxisse,

298 2753 373 2815 quas
396 2735 449 2796 alii
470 2736 594 2797 reddere
618 2755 655 2798 ex
677 2735 799 2798 usitatis
822 2733 1035 2814 nonpossint,
1060 2741 1278 2815 nequetamen
1302 2733 1331 2796 iu
1356 2733 1455 2814 speeie
1481 2732 1647 2813 quidquam

297 2833 550 2900 commemorarer,
566 2843 621 2904 ego
637 2826 693 2886 hoe
717 2826 753 2886 de
778 2824 868 2886 marie
892 2824 970 2885 fluxu
994 2823 1164 2903 suspicatus
1187 2843 1262 2885 sum.
1300 2822 1362 2884 Sed
1382 2831 1494 2895 tamen,
1515 2821 1567 2883 ubi
1581 2839 1647 2883 rem

299 2911 471 2993 diligentius
492 2915 653 2994 perpendo,
678 2932 735 2975 non
760 2913 894 2976 videmur
916 2933 934 2974 a
958 2913 1044 2974 Luna
1067 2912 1220 2974 discedere
1244 2912 1366 2986 debere,
1391 2911 1491 2992 quoad
1510 2910 1649 2974 rationes
1769 2941 1770 3000 3

299 3003 428 3065 fluxuum
459 3021 496 3064 ex
526 3022 562 3066 ea
590 3004 734 3065 deducere
765 3003 903 3084 quimus:
932 3002 1010 3082 quod
1038 3001 1155 3081 quidem
1183 3001 1245 3063 heri
1272 3019 1362 3082 posse
1385 3001 1537 3063 existimo.
1563 2997 1648 3069 Ὠιι
1769 3001 1770 3078 j

298 3091 376 3153 euim
397 3092 508 3154 Terrae
531 3093 625 3154 ructui
647 3091 753 3155 tribuit
775 3099 886 3155 motum
910 3091 1053 3164 marium,
1078 3107 1157 3151 mere
1187 3090 1348 3152 violentum
1378 3095 1490 3152 motum
1515 3087 1649 3162 statuit;
1769 3085 1770 3094 ’

298 3189 332 3242 at
353 3181 403 3259 qui
426 3180 529 3243 Lunae
553 3180 647 3242 muria
670 3181 743 3242 dicit
765 3180 990 3253 adhaerescere,
1013 3197 1050 3240 ex
1072 3188 1159 3258 parte
1181 3180 1350 3241 naturalem
1373 3179 1455 3242 iacit

387 3265 475 3338 Quod
506 3269 543 3330 de
572 3269 665 3332 Phil.
690 3269 947 3350 Laudspergio
977 3267 1096 3341 scribis,
1126 3267 1157 3328 id
1190 3276 1261 3330 ante
1291 3268 1387 3347 ipsum
1420 3267 1649 3329 Reinmarus

299 3357 417 3420 Ursus
441 3357 530 3420 feeit·
555 3358 630 3419 flras
654 3357 824 3438 quiescere,
862 3359 971 3420 Terrae
995 3365 1131 3418 centrum
1153 3340 1319 3437 qhiescere,
1350 3356 1538 3436 superficiem
1566 3356 1650 3418 eirea
1768 3421 1769 3450 ,

300 3457 450 3521 centrum,
482 3454 514 3508 et
541 3445 641 3508 Solem
666 3447 729 3527 (qui
753 3453 887 3510 centrum
910 3447 951 3509 sit
974 3443 1145 3508 omniumb
1173 3445 1375 3526 planetarum)
1407 3445 1489 3509 circa
1521 3446 1650 3508 Terram

299 3535 486 3597 circumduci.
533 3535 616 3598 Idem
639 3536 700 3598 iere
724 3535 924 3615 Maginus
917 3555 945 3598 ιιι
964 3535 1054 3597 ltalia
1076 3535 1158 3608 iecit,
1181 3535 1317 3616 quamvis
1340 3544 1372 3598 et
1386 3533 1650 3597 circumferentiae

299 3623 380 3704 globi
412 3623 523 3686 Terrae
555 3633 666 3686 motum
699 3625 736 3686 ad
765 3625 840 3688 fixas
867 3625 1040 3687 transierat
1092 3624 1190 3696 Idem,
1228 3624 1282 3686 sed
1311 3624 1518 3704 philosophice
1549 3623 1650 3703 magis

299 3731 388 3794 quam
412 3713 628 3786 astronomiae,
651 3713 849 3776 Roeslinus
872 3715 902 3776 in
926 3713 1063 3788 Alsatia,
1089 3712 1167 3774 idem
1190 3713 1311 3794 Tycho
1334 3713 1452 3776 Brahe
1480 3713 1512 3774 in
1536 3711 1648 3782 Dania,

300 3801 348 3883 qui
369 3802 481 3880 primus
504 3803 636 3876 videtur,
658 3803 847 3882 praestitere.
894 3801 1036 3864 Summa:
1062 3801 1242 3903 hypotheses
1271 3820 1328 3864 non
1357 3820 1453 3864 novae
1477 3810 1565 3876 sunt,
1595 3799 1649 3862 sed
1767 3869 1768 3878 χ

300 3890 397 3952 iorma
419 3908 510 3966 ιιονι;
534 3892 647 3953 mistae
670 3911 713 3953 sc
738 3899 808 3954 sunt
830 3911 867 3954 ex
891 3891 1020 3969 antiquis
1044 3897 1075 3950 et
1097 3889 1181 3951 novis
1204 3888 1371 3973 Coperaici.
1417 3889 1483 3970 Ego
1512 3909 1587 3953 vero
1605 3889 1649 3951 sic

300 3997 423 4041 censeo:
457 3997 523 4041 oum
555 3980 716 4042 astronomi
748 3981 920 4042 sacerdotes
958 3975 1014 4040 Dei
1052 3978 1191 4041 altissimi
1228 3999 1265 4041 ex
1294 3987 1380 4059 parte
1412 3979 1481 4041 libri
1519 3988 1648 4043 naturae

303 4087 404 4142 armus,
428 4068 533 4130 decere
556 4088 614 4130 non
636 4068 747 4149 ingenii
770 4069 897 4143 laudern,
921 4069 975 4130 sed
999 4065 1152 4130 Crantoris
1174 4068 1331 4149 praecipue
1356 4068 1473 4130 leudem
1495 4078 1655 4150 spectare·

304 4154 362 4228 Qui
385 4156 440 4218 hoc
464 4156 521 4219 sibi
543 4176 717 4238 persuasum
740 4157 872 4226 habet,
865 4177 891 4219 ιι
909 4177 967 4220 non
988 4155 1074 4218 facile
1089 4156 1169 4220 aliud
1188 4157 1373 4237 quidquam
1365 4177 1393 4219 ιιι
1414 4157 1511 4220 locem
1526 4159 1649 4233 emittit,

304 4265 392 4326 quam
415 4265 514 4308 secum
536 4247 599 4325 ipse
623 4247 726 4321 credit,
747 4265 801 4308 nee
824 4254 934 4307 temere
954 4245 1054 4326 quid
1046 4266 1076 4308 ιιι
1098 4246 1312 4327 hypothesibus
1335 4254 1441 4320 mutat,
1457 4247 1516 4309 nisi
1536 4247 1651 4311 certius

304 4353 341 4397 ex
364 4334 423 4397 illis
445 4334 649 4415 phaenomena
671 4334 868 4396 demonstrari
890 4353 979 4414 posse
1007 4343 1126 4414 speret3
1154 4353 1208 4398 nee
1240 4335 1362 4398 nimium
1391 4335 1565 4412 desiderat,
1596 4335 1651 4398 illa
1766 4351 1767 4364 ¹

304 4443 413 4505 magna
435 4422 558 4498 lumina,
582 4424 786 4487 Ptolemaeum
809 4430 842 4484 et
864 4421 1058 4504 Cupernioum
1081 4425 1151 4495 tuo..
1179 4423 1360 4487 inventionis
1382 4423 1479 4504 gloria
1501 4443 1649 4506 praever-

303 4521 378 4576 tere.
422 4511 523 4592 Atque
548 4512 638 4575 etiam
660 4513 748 4588 mihi,
768 4511 815 4574 cui
836 4511 1066 4592 persuasissima
1088 4520 1136 4575 est
1158 4510 1316 4592 Gopemici
1342 4514 1510 4590 sententis,
1542 4513 1651 4595 religio

305 4611 352 4665 est
381 4601 461 4664 alind
483 4618 661 4681 proponere,
694 4600 742 4664 vel
765 4602 796 4664 ιιι
818 4601 935 4663 laudem
957 4601 1082 4681 ingenii,
1111 4600 1161 4664 vel
1188 4601 1227 4662 ad
1250 4603 1379 4683 gratiam
1402 4601 1572 4680 hominnm,
1601 4603 1651 4684 qui

305 4692 491 4754 absurditate
515 4691 680 4752 sententiae
703 4689 820 4771 plurimi
844 4690 1037 4752 offenduntur.
1084 4689 1203 4752 Sufficit
1229 4691 1304 4754 haee
1327 4690 1438 4773 gloria,
1467 4710 1562 4773 posse
1587 4691 1650 4756 Co-

304 4781 439 4860 peruioo,
470 4779 510 4844 ad
536 4797 674 4862 maguam
708 4795 791 4840 aram
822 4797 911 4842 sacra
943 4778 1082 4854 facienti,
1118 4787 1223 4860 portae
1252 4783 1357 4862 templi
1383 4799 1452 4844 mea
1473 4781 1650 4846 inventione
