3638 5524
315 281 382 350 420
869 280 909 332 ns
928 281 1106 333 1111111111

315 443 417 522 Vulgo
442 460 513 502 vero
538 439 615 520 quud
639 439 715 502 haec
738 447 952 522 proponuntur,
978 439 1008 500 in
1034 459 1090 520 quo
1114 441 1209 500 minor
1232 457 1303 518 spes
1327 440 1461 501 fructus:
1484 437 1517 500 id
1539 438 1568 500 si
1590 438 1679 518 quis-

315 534 396 614 piam
418 529 628 610 reprehendit,
662 548 728 591 eum
763 530 854 591 velim
876 529 1075 610 perpendere,
1110 527 1188 608 quod
1220 527 1281 589 alia
1303 527 1355 588 via
1384 529 1422 590 ad
1447 527 1587 590 literatos
1609 526 1681 590 hinc

317 621 385 682 inde
404 619 570 700 ,latitantes
594 637 652 678 non
676 619 895 696 perveniamus,
922 617 979 679 uisi
1002 617 1054 679 via
1075 616 1206 696 publica.
1252 616 1352 692 Adde,
1379 616 1459 697 quod
1477 615 1525 680 hic
1549 615 1632 678 idem
1650 616 1682 678 iu

316 708 450 772 curanda
473 706 556 786 vulgi
580 707 754 768 curiositate
778 705 933 769 observari
956 713 1073 787 potest,
1108 706 1186 786 quod
1209 707 1240 767 in
1258 723 1355 785 'aegro
1380 726 1399 766 a
1422 705 1546 767 medicis
1570 705 1681 768 obser·

315 807 413 872 vatur,
438 804 472 858 ut
495 795 674 858 inordinatis
698 805 730 858 et
752 795 927 876 perniciosis
946 795 1028 875 vulgi
1053 793 1211 858 desideriis
1234 795 1408 878 abutamur,
1433 795 1472 856 ad
1494 793 1680 874 ingerendas

316 890 385 958 (ceu
409 887 629 947 medicamenta
653 885 769 966 aliqua)
804 885 1051 947 commonitiones
1084 883 1249 964 ejusmodi,
1284 883 1384 963 specie
1415 883 1681 964 prognosticorum

315 978 451 1044 velatas,
485 994 560 1056 quae
590 974 629 1036 ad
652 975 729 1036 hunc
753 973 844 1036 animi
867 975 1003 1038 morbum
1026 973 1190 1036 tollendum
1216 971 1345 1045 iaciunt,
1379 991 1514 1052 quaeque
1543 972 1608 1034 alia
1629 971 1682 1033 via

316 1066 453 1144 ingerere
478 1065 530 1124 vix
552 1079 720 1142 possemus.
768 1060 1029 1133 Quemadmodum
1061 1061 1154 1142 igitur
1184 1081 1241 1123 non
1270 1061 1339 1123 ideo
1363 1080 1429 1124 cum
1453 1078 1545 1141 aegro
1569 1061 1683 1123 delirat

315 1154 458 1227 medicus,
484 1152 564 1233 qnod
587 1151 743 1230 ingerendi
766 1151 977 1216 medicamenti
1001 1169 1096 1214 causa
1119 1149 1260 1214 deliranti
1284 1167 1376 1231 aegro
1399 1150 1500 1212 verbis
1523 1157 1556 1212 et
1577 1150 1680 1230 specie

316 1243 459 1304 simulata
491 1241 696 1303 obsecundat:
730 1241 775 1303 ita
807 1249 839 1302 et
869 1243 906 1304 de
938 1260 986 1302 me
1019 1259 1107 1321 spero
1140 1247 1223 1302 recte
1256 1239 1424 1301 sentientes
1455 1239 1529 1301 nihil
1561 1239 1680 1300 sinistri

315 1332 537 1411 suspicaturus,
571 1330 648 1409 quod
682 1331 794 1410 optimo
824 1330 922 1392 auimo
953 1349 1019 1392 cum
1046 1330 1136 1410 vulgo
1165 1347 1263 1391 rerum
1287 1329 1452 1390 futurarum
1475 1336 1509 1389 et
1530 1345 1679 1390 novarum

317 1420 424 1500 cupido
457 1418 575 1499 publice
599 1419 636 1480 de
661 1417 769 1481 futuris
793 1419 908 1498 loquor.
950 1419 1057 1499 Iniqua
1076 1417 1200 1497 judicia,
1227 1435 1303 1497 quae
1326 1417 1439 1479 nullum
1463 1416 1513 1479 vel
1526 1418 1678 1479 maximae

316 1507 478 1588 dignitatis
503 1508 618 1570 culmen
642 1527 700 1569 uon
724 1509 895 1588 pervadunt
917 1516 950 1571 et
979 1507 1177 1582 cavillantur,
1207 1506 1317 1569 nedum
1349 1514 1382 1568 ut
1412 1506 1486 1568 haec
1518 1506 1680 1568 humiliora

313 1596 394 1660 vitae
420 1596 522 1658 munia
546 1605 577 1658 et
599 1595 736 1658 ludibriis
760 1597 850 1659 obvia
873 1597 992 1659 intacta
1014 1597 1203 1678 relinquant,
1229 1595 1373 1676 occipite,
1398 1603 1431 1658 ut
1451 1594 1501 1657 ille
1516 1595 1677 1677 praecipit,

313 1705 404 1748 cacco
428 1685 584 1766 excipiam.

403 1775 504 1836 Hasce
528 1792 598 1835 vero
623 1793 717 1842 meas,
741 1772 902 1836 illustriss.
927 1772 1064 1848 Domine,
1089 1771 1126 1834 de
1150 1791 1229 1835 anno
1253 1765 1584 1836 futuro'mcditatioues
1609 1791 1677 1836 cum

314 1863 518 1945 disputatione
542 1862 741 1942 pulcherrima
772 1863 808 1924 de
841 1861 972 1924 siderum
1004 1860 1180 1936 influxibus,
1214 1861 1297 1923 Tuae
1325 1861 1514 1942 potissimum
1539 1859 1677 1924 0111111-

314 1954 376 2014 diui
401 1953 510 2028 dicare,
537 1951 689 2018 streuulae
714 1952 789 2026 loco,
814 1949 914 2012 volui:
939 1952 1018 2030 quod
1040 1968 1217 2031 persuasum
1241 1949 1378 2025 habeam,
1403 1949 1439 2013 G.
1456 1951 1491 2012 T.
1517 1958 1551 2013 et
1568 1951 1677 2013 litera-

315 2042 355 2104 tis
381 2041 533 2114 omnibus,
569 2049 601 2101 11
629 2038 763 2120 inprimis
786 2040 893 2102 harum
917 2039 1027 2101 artium
1051 2038 1216 2101 cultoribus
1239 2039 1374 2120 impense
1397 2039 1517 2102 favere:
1543 2039 1623 2120 quod
1647 2049 1680 2102 et

313 2130 414 2191 verbis
438 2131 605 2192 luculenter
629 2149 661 2189 es
686 2136 828 2203 testatus,
853 2127 982 2206 primum
1005 2133 1127 2206 recepto
1142 2128 1171 2189 iu
1187 2127 1350 2190 amicitiam
1365 2127 1606 2212 celebratissima
1625 2128 1677 2192 illo

314 2229 345 2280 et
368 2219 505 2298 generosi
530 2217 701 2280 stemmatis
725 2217 790 2278 viro
814 2217 956 2299 Tychoue
982 2217 1132 2291 Brahaeo,
1157 2217 1303 2296 phoenice
1323 2225 1581 2282 astronomcmm:
1607 2217 1677 2280 dein

314 2327 351 2368 eo
373 2315 500 2381 mortuo,
525 2307 597 2368 mihi
622 2325 737 2387 quoque
763 2307 967 2368 declaratione
992 2305 1104 2367 doloris
1129 2312 1161 2366 et
1183 2305 1324 2368 desiderii
1343 2307 1388 2368 tui
1412 2307 1495 2370 edita
1522 2315 1556 2368 et
1575 2306 1678 2386 reipsa

312 2395 446 2476 quotidie
472 2395 612 2468 testaris;
637 2396 705 2457 dum
730 2395 759 2456 in
784 2391 931 2457 anla'tua
954 2394 1048 2456 habes
1073 2393 1272 2456 clarissimum
1295 2393 1390 2457 virum
1409 2395 1449 2458 D.
1470 2397 1677 2458 Hermanuuru

313 2485 486 2558 Buldemm,
511 2484 668 2556 medicum,
693 2481 913 2546 mathematum
937 2481 1186 2558 amantissimum,
1212 2490 1244 2545 et
1267 2483 1296 2545 iu
1311 2483 1368 2546 hoc
1385 2485 1551 2547 studiomm
1566 2503 1677 2565 genere

311 2572 548 2654 polyhistorem:
575 2592 631 2653 quo
656 2592 723 2636 cum
746 2572 793 2634 his
818 2573 854 2634 de
878 2573 967 2636 rebus
991 2571 1167 2658 quotidiana
1186 2571 1285 2653 agites
1300 2573 1460 2654 colloquia.
1479 2569 1523 2648 ¹¹)
1560 2573 1676 2654 Accipe

216 2689 218 2693 ’
314 2661 417 2742 igitur,
443 2659 646 2724 illustrissime
661 2661 799 2734 Domine,
824 2662 1014 2740 conjecturas
1024 2660 1117 2723 hasce
1140 2661 1292 2741 physicas,
1317 2671 1348 2724 et
1367 2681 1432 2724 cum
1450 2662 1586 2743 politicis
1602 2681 1677 2724 con-

305 2750 442 2830 jecturis,
469 2770 543 2830 quas
567 2751 622 2812 tihi
647 2758 678 2812 et
702 2749 814 2813 ordinis
838 2751 971 2830 dignitas
996 2758 1028 2812 et
1050 2749 1124 2830 reip.
1150 2751 1366 2830 contemplatio
1390 2751 1578 2834 suppeditat,
1599 2770 1676 2832 quas

309 2839 488 2902 creberrime
513 2840 646 2918 appello,
672 2837 784 2900 confer.
832 2837 898 2901 Soli
917 2859 1044 2920 namque
1069 2839 1117 2918 qui
1142 2838 1264 2916 publica
1287 2859 1353 2902 cum
1380 2841 1498 2903 ratione
1528 2843 1675 2917 tractant,

311 2929 347 2990 de
371 2947 558 3008 prognoseos
583 2929 670 3007 hujus
694 2927 816 2990 fortuna
838 2928 1006 2990 rectissime
1026 2926 1222 3007 judicabunt:
1247 2929 1457 3010 philosophica
1471 2937 1504 2991 et
1517 2931 1678 3011 paradoxa

307 3015 434 3097 physica
475 3016 682 3096 philosophiae
721 3018 909 3096 professores
949 3016 1007 3080 sibi
1049 3035 1122 3078 sane
1165 3037 1305 3099 suaeque¹
1329 3038 1475 3082 censurae
1509 3018 1676 3082 vindicent

309 3105 404 3179 Vale,
424 3106 575 3185 longaeva
599 3112 630 3167 et
654 3105 735 3167 facili
760 3113 885 3167 senecta
907 3126 989 3182 usus,
1015 3111 1047 3167 et
1068 3105 1147 3168 huuc
1170 3105 1323 3170 ineuntem
1346 3128 1457 3171 aunum
1479 3109 1678 3174 foelicissime

308 3195 481 3274 transigas:
506 3214 612 3276 meque
637 3192 673 3256 C.
694 3194 729 3256 T.
755 3195 995 3256 commendatum
1018 3193 1144 3258 habeas.

737 3282 772 3346 C.
797 3283 833 3346 T.
857 3284 994 3366 subjecte
1019 3283 1121 3346 colens

1054 3371 1100 3436 M.
1124 3371 1197 3439 JoIa
1219 3369 1360 3460 Keplcr,
1382 3371 1633 3440 Mathematicus.

897 3635 1028 3700 Thesis
1051 3637 1075 3700 I.

394 3721 605 3785 Mathematici
628 3724 758 3786 officium
780 3725 870 3804 vulgo
892 3733 1032 3804 putatur,
1057 3744 1156 3787 annua
1179 3724 1311 3795 scribere
1335 3707 1548 3806 Prognostica.
1597 3727 1672 3794 Guru

306 3828 377 3888 crgo
411 3811 449 3871 ad
483 3812 647 3874 instantem
680 3832 788 3875 anuum
817 3823 932 3875 anate
953 3812 1076 3876 Christo
1100 3811 1261 3876 Salvatore
1289 3811 1373 3878 1602
1397 3817 1578 3893 statuerim,
1613 3839 1670 3880 uon

304 3907 368 3958 tam
390 3899 529 3978 publicae
553 3901 733 3975 curiositati,
758 3921 846 3982 quam
871 3902 968 3964 officio
992 3903 1182 3982 philosophi,
1207 3904 1236 3964 iu
1261 3903 1314 3966 illa
1336 3904 1545 3984 reprimenda,
1573 3907 1668 3970 satis·

304 3985 419 4048 facere:
445 3989 482 4050 ab
507 4009 542 4050 eo
565 3989 755 4070 potissimum
780 3993 933 4067 exordiar,
952 3993 1046 4072 ¹quod
1074 3991 1224 4054 tutissime
1253 3985 1312 4055 dici
1334 4001 1456 4072 potest:
1489 3982 1667 4076 prognosti-

304 4093 406 4138 corum
430 4075 486 4138 hoc
510 4098 587 4140 anno
611 4089 789 4160 proventum
813 4081 945 4142 futurum
968 4080 1106 4156 uberem,
1131 4098 1198 4143 cum
1213 4091 1368 4146 crescente
1382 4083 1466 4163 vulgi
1491 4085 1667 4150 curiositate

306 4163 409 4242 plures
432 4164 544 4229 indies
569 4169 785 4232 adnumerum
809 4170 956 4232 accedant
980 4178 1129 4232 auctores.

887 4259 1018 4321 Thesis
1042 4259 1083 4322 11.

388 4343 424 4404 Iu
456 4341 516 4406 illis
544 4343 655 4407 libellis
686 4345 788 4426 aliqua
811 4345 963 4423 dicentur,
988 4366 1065 4428 quae
1087 4348 1270 4429 probaturus
1294 4353 1343 4410 est
1366 4355 1507 4424 eventus,
1532 4351 1662 4430 plurima

299 4448 390 4503 vero,
424 4451 499 4511 quae
527 4439 645 4514 tempus
674 4443 706 4497 et
733 4435 919 4516 experientia
941 4443 976 4499 ut
998 4456 1078 4499 vana
1101 4445 1133 4499 et
1155 4435 1242 4499 irrita
1264 4435 1427 4500 refutabit:
1453 4456 1579 4518 quorum
1602 4441 1661 4504 ista

298 4520 408 4592 ventis,
431 4521 670 4585 illamemoriae
694 4523 881 4604 penitissime
905 4525 1117 4598 inscribentur,
1139 4533 1174 4590 ut
1196 4523 1280 4606 vulgi
1303 4543 1369 4587 mos
1393 4521 1452 4590 est.

875 4613 1007 4677 Thesis
1030 4615 1086 4678 Ill.

385 4693 507 4757 Etenim
531 4697 628 4778 qualis
652 4719 752 4777 causa,
777 4701 851 4764 talis
874 4703 1010 4766 effectus.
1043 4701 1201 4784 Astrologi
1222 4721 1292 4765 vero
1312 4721 1423 4767 causas
1446 4703 1656 4770 vaticiniorum

297 4797 417 4843 suorum
440 4785 607 4864 respiciunt
628 4789 741 4869 partim
765 4790 883 4872 quidem
906 4791 1058 4876 physicas,
1082 4793 1193 4873 partim
1216 4791 1366 4873 politicas,
1391 4801 1481 4876 parte
1504 4814 1577 4858 vero
1598 4791 1655 4878 pc·
