3638 5524
668 287 825 356 sumna
842 289 995 344 seuseu..
1289 321 1294 330 -
1441 289 1508 360 420

157 455 299 530 quatenns
322 447 449 530 antiqua
472 446 617 528 dogmata
638 446 729 527 paulo
752 447 942 528 generaliora
964 447 1054 512 facio.
1100 449 1180 516 Nam
1207 449 1305 531 primo
1328 450 1406 532 quod
1430 449 1508 516 'ler-

158 557 220 600 ram
240 537 368 614 attinet,
393 555 462 598 csse
485 536 581 598 totius
604 536 687 616 ejus,
713 543 861 618 qnatenus
884 545 963 615 tota,
989 538 1115 602 formam
1138 540 1329 615 nobiliorem,
1359 559 1447 621 quam
1471 559 1509 606 aa
1528 599 1545 628 ,

157 635 216 703 εει,
244 645 322 710 quae
346 627 376 689 in
401 625 537 706 qualibet
559 625 650 706 gleba
674 625 863 706 agnoscitur,
892 646 978 690 nemo
1002 628 1136 708 negabit.
1182 628 1261 692 Eam
1283 647 1355 692 veru
1379 630 1509 694 formam

156 734 191 778 ex
220 715 392 780 animalium
422 714 600 777 facultatum
627 732 737 794 genere
770 733 854 788 esse,
892 734 985 796 opera
1016 717 1111 796 ipsius
1145 724 1292 798 arguunt,
1334 736 1410 798 quae
1438 727 1509 782 sunt

58 807 65 814 '
153 805 307 884 generatio
330 802 537 880 metallorum,
566 805 755 876 conservabo
779 804 889 868 caloris
912 805 1092 881 Terrestris,
1118 807 1276 870 exsudatio
1301 825 1445 887 vaporum
1468 809 1507 872 ad

154 892 316 969 fluviorum,
341 891 521 975 pluviarum,
545 901 773 973 ceterorumque
796 901 996 956 meteororum
1006 895 1296 974 progenerationem.
1344 894 1431 967 Quae
1455 915 1506 959 ar-

154 990 264 1062 guunt,
297 984 425 1048 formam
455 981 521 1061 ejus
550 1001 618 1046 esee
648 1001 707 1045 non
731 981 842 1046 saltem
865 983 1134 1058 conservatricem,
1168 984 1265 1066 qualis
1293 984 1324 1047 in
1348 986 1507 1067 lapidibus,

152 1067 205 1134 sed
226 1073 347 1136 omnino
370 1071 601 1152 vegetatricem.

703 1159 839 1222 Thasia
861 1159 961 1223 XLII.

237 1239 346 1322 Neque
370 1249 472 1309 tamen
496 1246 564 1310 ideo
587 1265 712 1310 necesse
736 1257 784 1311 εει
807 1268 943 1312 crescere
958 1249 1081 1312 Terram
1105 1257 1158 1312 aut
1176 1250 1242 1313 loco
1266 1249 1389 1312 moveri.
1427 1250 1508 1314 Nam

153 1346 245 1410 neque
269 1329 404 1396 humana
426 1343 475 1398 est
498 1337 563 1418 ejus
587 1337 702 1410 anima,
737 1356 832 1419 neque
856 1337 996 1400 animalis
1020 1339 1157 1419 proprie,
1187 1357 1283 1418 neque
1311 1338 1409 1418 qualis
1432 1340 1505 1402 stir-

152 1417 239 1498 pium,
265 1420 321 1482 sed
344 1423 507 1502 peculiaris
530 1425 657 1507 speciei,
684 1444 760 1506 quae
783 1426 985 1490 definitionem
1009 1427 1047 1489 sb
1071 1445 1161 1508 opera
1184 1446 1239 1490 suo
1263 1427 1403 1503 sortitur,
1428 1428 1509 1490 sicut

152 1506 228 1568 aliae
252 1527 371 1591 quoque
399 1513 518 1594 species
542 1515 715 1578 animalium
743 1516 933 1582 facultatum.
978 1516 1023 1578 Ει
1050 1534 1127 1596 quae
1155 1516 1234 1580 ratio
1257 1523 1378 1578 veteres
1406 1518 1508 1597 coegit

151 1594 274 1659 tertiam
298 1599 416 1664 animae
439 1603 571 1683 speciem
594 1604 623 1666 in
638 1604 753 1685 plantis
776 1605 935 1683 collocare,
960 1605 1067 1668 eadem
1085 1623 1141 1670 nos
1160 1604 1251 1685 cogit,
1276 1613 1414 1686 quartam
1429 1607 1507 1668 hanc

151 1684 299 1750 collocare
322 1689 353 1752 in
377 1691 481 1756 Terra.
603 1701 607 1714 ¹

696 1780 828 1845 Thasie
851 1781 967 1846 XLIII.

237 1860 304 1926 Sed
327 1884 384 1927 aec
408 1867 481 1931 illud
499 1869 677 1946 absurdum,
702 1871 850 1935 animales
873 1872 1048 1944 facultates,
1073 1887 1149 1950 quae
1173 1869 1309 1936 discursu
1332 1890 1390 1934 non
1414 1878 1507 1936 utun-

150 1957 205 2038 tur,
230 1951 441 2034 intelligentes
464 1975 532 2020 esse
554 1958 748 2040 geometriae,
773 1978 867 2042 eaque
891 1979 946 2024 ceu
969 1959 1099 2041 quodam
1121 1959 1241 2040 obiecto
1264 1961 1389 2024 moveri.
1426 1959 1507 2024 Sunt

150 2042 292 2124 exempla
313 2045 457 2108 confossa
479 2046 508 2108 in
532 2055 662 2127 promtu.
708 2048 777 2112 Non
802 2049 998 2112 ratiocinatur
1022 2048 1138 2111 arboris
1162 2048 1292 2112 facultas
1305 2049 1509 2129 plastica;.et

149 2135 249 2192 mmen
276 2127 433 2195 creatoris
458 2133 547 2215 jussa
579 2145 611 2199 ut
643 2137 802 2217 plurimum
833 2139 1007 2220 exsequitur
1034 2135 1280 2200 inordinatione
1305 2139 1508 2202 foliorumad

148 2219 397 2284 commoditatem
429 2223 544 2287 fructus
576 2225 674 2308 adque
707 2234 824 2290 certum
865 2229 963 2290 licem.
1018 2223 1097 2298 Quin
1129 2227 1224 2290 otiam
1256 2227 1508 2308 pulchritudinem

150 2325 225 2384 eam,
252 2328 333 2390 quae
357 2331 396 2374 ex
417 2313 548 2376 numeris
572 2322 629 2390 εει,
654 2316 755 2378 omnia
777 2316 895 2378 semina
916 2316 1058 2379 retinent.
1105 2311 1251 2388 Quinario
1272 2316 1402 2396 plurima
1415 2317 1507 2396 plan·

149 2404 247 2482 tarum
272 2416 387 2478 genera
409 2409 546 2478 utuntur3
570 2421 628 2466 non
652 2405 836 2468 necessitate
859 2406 1005 2469 materiae
1029 2423 1067 2467 ex
1090 2404 1197 2468 arbore
1225 2404 1257 2466 in
1280 2423 1401 2484 pomum
1424 2405 1507 2468 deri·

148 2493 235 2562 vata,
271 2485 303 2549 in
328 2506 387 2569 qua
411 2489 599 2555 derivatione
622 2494 698 2556 haec
722 2494 849 2576 quinarii
872 2494 1012 2558 custodia
1034 2493 1230 2574 impossibilis
1254 2500 1317 2568 est3
1346 2495 1401 2558 sed
1423 2514 1508 2558 com-

150 2575 356 2638 municatione
380 2579 536 2642 facultatis
558 2581 726 2662 plasticae,
755 2601 831 2665 quae
855 2583 950 2646 babet
972 2581 1100 2664 quinarii
1129 2582 1321 2662 congenitam
1339 2584 1508 2663 pulchritu-

150 2664 259 2728 dinem.
320 2663 383 2728 Sed
416 2667 575 2748 ignobilior
605 2669 684 2734 baec
716 2673 813 2735 adhuc
838 2673 917 2735 ratio
950 2680 1010 2745 est,
1049 2671 1204 2751 minusque
1237 2671 1399 2745 mirabilis,
1439 2672 1510 2753 quia

150 2753 286 2816 facultas
314 2754 396 2818 intra
418 2776 451 2819 se
473 2758 569 2839 ipsam
593 2769 696 2824 manet
718 2770 750 2824 et
772 2761 939 2842 quinarium
971 2777 1057 2840 quem
1085 2759 1179 2822 habet
1205 2768 1366 2841 propagat.
1419 2760 1509 2824 Dabo

150 2844 324 2924 exemplum
357 2847 623 2912 accommodatius.
667 2851 736 2914 Non
769 2851 966 2914 ratiocinatur
989 2848 1135 2924 rusticus,
1170 2867 1259 2928 quam
1285 2849 1509 2930 proportionem

148 2932 368 3012 geometricam
396 2934 532 2999 obtineat
560 2957 621 3000 vox
644 2939 684 3002 ad
708 2959 822 3004 vocem.
868 2939 912 3002 Et
938 2946 1039 3000 tamen
1063 2937 1117 2999 illa
1140 2936 1241 3000 fidium
1270 2937 1425 3000 harmonia
1451 2957 1508 3000 ex-

150 3029 257 3084 tracea
285 3039 340 3101 per
363 3042 451 3086 aures
475 3025 580 3089 rustici
602 3028 634 3090 in
647 3037 779 3092 mentem
798 3027 931 3092 illabitur
945 3026 1154 3106 hominemque
1169 3025 1333 3101 exhilarat3
1357 3044 1416 3088 uon
1434 3045 1508 3090 sans

148 3109 305 3173 mistionis
330 3129 435 3174 vocum
457 3115 673 3190 moderatione,
696 3135 755 3181 non
780 3117 841 3181 leni
863 3116 979 3180 aurium
1002 3114 1187 3178 demulsioue
1211 3115 1319 3196 (saepe
1338 3114 1418 3178 enim
1439 3113 1508 3178 vio-

148 3199 222 3262 lenti
246 3199 318 3264 soni
343 3220 432 3264 aures
455 3202 580 3268 laedunt
602 3213 635 3269 et
656 3207 848 3270 nihilomiuus
871 3205 1070 3270 consonantia
1091 3204 1247 3268 delectant
1270 3206 1340 3278 sua)
1364 3223 1423 3270 nen
1446 3203 1510 3268 ulla

149 3287 209 3350 alia
233 3289 273 3352 de
298 3308 409 3365 cauea,
443 3311 520 3374 quae
547 3294 701 3378 bucusque
729 3295 855 3370 inveniri
877 3293 1027 3377 potuerit·
1062 3293 1116 3358 sed
1148 3295 1226 3356 hanc
1255 3312 1344 3356 unam
1372 3293 1508 3369 obrem,
1596 3375 1602 3384 ἱ

148 3377 232 3458 quia,
264 3387 301 3440 ut
329 3377 360 3440 in
382 3379 575 3446 Harmonicis
597 3385 746 3464 probabo,
776 3382 1129 3450 formamconsonautiis
1153 3381 1295 3446 conciliat
1325 3383 1510 3462 geometrica

145 3466 248 3548 aliqua
280 3467 363 3530 ratio
391 3469 449 3532 toti
478 3473 588 3534 mundo
616 3474 731 3555 reliquo
755 3474 931 3550 familiaris,
965 3472 1097 3535 maxime
1126 3471 1249 3545 animis,
1278 3489 1352 3552 quos
1387 3471 1515 3552 quidam,

145 3565 284 3620 veterum
318 3556 491 3620 barmoniae
524 3560 634 3623 dixere.
687 3562 745 3626 His
777 3583 849 3644 ergo
879 3561 1025 3642 exemplis
1064 3580 1118 3624 ceu
1153 3559 1296 3641 gradibus
1329 3560 1510 3640 quibusdam

145 3645 245 3708 evecti
270 3645 437 3710 audeamus
470 3649 564 3712 etiam
591 3651 629 3712 ad
658 3651 714 3714 hoc
744 3654 861 3716 culmen
889 3650 1068 3725 ascendere,
1101 3657 1137 3711 ut
1168 3649 1326 3712 credamus
1354 3649 1453 3712 inesse
1476 3650 1508 3712 in

144 3731 240 3798 Terra
262 3735 328 3798 va
352 3735 513 3799 animalem
536 3740 766 3820 vegetatricem‚
795 3741 825 3804 iu
855 3741 885 3802 vi
914 3739 1036 3803 animali
1064 3757 1187 3803 sensum
1205 3738 1354 3818 quendam
1381 3756 1508 3819 geome-

144 3822 235 3899 triae,
262 3823 354 3904 idque
379 3825 558 3910 formaliter,
583 3837 615 3890 et
637 3830 675 3892 eb
698 3829 729 3892 id
752 3830 868 3910 ipsum,
899 3830 969 3910 quia
991 3829 1037 3890 vis
1061 3828 1115 3891 illa
1138 3845 1309 3908 exgenere
1333 3827 1508 3890 animalium

143 3911 330 3976 facultatum
355 3922 417 3977 est:
439 3933 515 3996 quae
540 3917 676 3998 quamvis
700 3919 782 3999 operi
806 3938 861 3982 suo
884 3935 1002 3998 semper
1026 3916 1180 3992 incumbit,
1209 3915 1306 3998 magis
1328 3923 1431 3978 maren
1451 3935 1507 3978 ax-

143 4000 337 4077 stimulatur,
366 3995 484 4084 quando
508 4005 566 4068 hoc
588 4015 762 4089 aspectuum
786 4008 881 4071 veluti
904 4007 1014 4088 pabulo
1039 4007 1138 4086 aIIquo
1161 4005 1302 4070 relicitur.
1347 4004 1507 4078 Quemad-

141 4091 263 4154 modum
288 4091 382 4172 igitur
405 4093 485 4156 auris
508 4113 563 4174 per
585 4105 761 4159 concentum
785 4097 956 4176 ioetIgatur,
982 4103 1016 4158 ut
1039 4095 1199 4175 diligenter
1223 4095 1390 4170 auscultet,
1415 4103 1507 4176 atque

141 4178 185 4240 ita
208 4187 302 4243 tanto
325 4181 423 4262 magis
447 4183 553 4247 audiat
577 4186 778 4267 (voluptatem
802 4204 963 4269 quaerens,
989 4202 1065 4265 quae
1089 4183 1237 4246 censionis
1260 4185 1407 4264 perfactio
1430 4186 1507 4258 εει),

141 4267 185 4330 sic
209 4269 311 4332 Terra
338 4287 394 4349 per
421 4274 628 4352 vegetantium
657 4275 808 4338 radiorum
827 4274 972 4349 (diximus
1001 4272 1080 4335 enim
1109 4274 1259 4336 calfacere
1287 4273 1356 4336 illos
1389 4281 1421 4336 et
1447 4271 1507 4334 bu·

142 4360 298 4433 mactare)
322 4361 538 4438 geometricum
562 4381 739 4427 concursum
763 4363 989 4437 exstimulatur,
1014 4368 1048 4424 ut
1066 4362 1226 4442 diligenter
1250 4379 1303 4425 sou
1327 4369 1413 4425 tanto
1437 4379 1506 4423 ma-

138 4447 185 4526 gis
209 4448 419 4528 vegetationis
442 4452 526 4532 operi
549 4451 675 4516 insistat
697 4472 894 4534 magnamque
917 4470 1064 4533 vaporum
1086 4451 1205 4532 copiam
1228 4451 1367 4516 exsudet.

691 4542 822 4605 Thasie
845 4541 962 4605 XLIV.

225 4623 304 4687 Etsi
335 4645 408 4688 vero
437 4627 492 4690 bas
522 4631 712 4710 operationes
745 4639 920 4712 aspectuum
943 4628 1077 4693 nonnihil
1100 4629 1221 4692 variant
1243 4628 1375 4706 ipsorum
1397 4623 1507 4702 plane·

137 4719 237 4777 tarum
270 4713 413 4778 diversae
444 4723 571 4782 naturae
601 4739 694 4802 supra
716 4721 902 4803 explicatae3
934 4725 968 4782 ut
992 4718 1082 4781 aliter
1103 4723 1242 4780 movetur
1269 4715 1364 4776 Terra
1387 4733 1406 4775 a
1428 4729 1505 4791 geo-

137 4803 265 4868 metrica
289 4803 436 4868 mixtione
460 4804 585 4872 Saturni
609 4816 642 4872 et
665 4811 777 4874 Martis
801 4807 1037 4900 contrariomm,
1062 4807 1152 4871 aliter
1173 4802 1296 4868 aJovis
1319 4809 1352 4864 et
1374 4795 1506 4866 Veneris
