3674 5528
674 271 681 288 ‘
747 273 830 328 Notas
849 275 963 326 ffllteris.
1471 271 1536 340 ²88

159 431 227 504 legs
240 431 436 502 &misma
461 441 492 490 et
504 435 618 498 ridebis.
644 443 776 506 quntum
793 435 871 494 absit
885 435 1053 505 Cepernious
1074 435 1112 490 ah
1127 434 1189 490 Ursi
1208 436 1358 492 muntia.
1400 437 1483 494 Alter
1502 438 1536 492 de

164 512 258 583 saepis
273 513 412 584 loquutur,
423 515 504 570 'alter
518 517 551 570 de
566 514 637 570 aliis.

244 592 307 648 Lib.
325 595 362 648 V.
385 610 451 664 oap.
477 593 523 649 35.
575 595 742 667 Copernions
765 613 798 649 eo
821 595 883 648 looo
905 593 1028 648 meminit
1048 593 1189 663 Apollonii
1213 600 1243 648 et
1265 597 1360 649 eadem
1383 596 1418 648 de
1441 597 1537 649 eodem

167 673 246 734 dixit.
260 689 334 744 quae
349 674 529 730 Ptolemaeus
543 675 604 730 Lib.
619 676 682 730 th
697 691 759 744 esp.
778 677 808 738 l,
830 677 864 728 de
879 691 932 744 quo
946 673 1008 727 loeo
1023 673 1062 728 sio
1080 675 1145 728 mihi
1165 674 1289 728 ridetur:
1321 673 1451 730 monitum
1473 691 1536 729 esse

169 755 268 810 Ursum
291 756 444 826 aquodam
466 755 687 825 intelligentiam,
709 772 790 827 qnam
809 761 854 808 est
876 754 935 824 ipse
951 753 1046 816 Ursus,
1071 761 1185 810 exstare
1208 754 1313 824 aliquid
1328 754 1536 824 Tyohoniauum

170 835 198 888 in
211 833 373 888 Ptolemaeo
389 835 442 890 sub
456 833 564 890 nomine
578 836 728 905 Apollonii.
772 835 870 889 Ursum
884 850 958 895 vero,
983 833 1061 888 nimis
1076 834 1103 888 in
1118 834 1161 888 his
1176 835 1259 888 rebus
1280 833 1400 897 facilem,
1424 841 1535 888 eonten-

169 921 227 968 tun
240 913 283 976 iis.
308 929 381 983 quae
396 932 434 968 ex
443 917 539 968 eodem
553 915 713 970 Ptolemaeo
728 914 895 984 Copernious
909 913 1005 976 habet,
1030 931 1063 966 eo
1078 915 1149 984 quod
1170 914 1223 982 ipsi
1247 914 1367 968 maxime
1382 916 1416 968 ad
1431 915 1535 968 salum·

168 992 243 1048 aiam
257 995 409 1050 texendam
432 1002 616 1064 opportunum
631 1003 693 1050 erat
714 993 876 1064 praeterito,
899 992 965 1064 quia
980 992 1172 1048 Ptolemaeum
1187 992 1263 1046 adire
1279 1010 1334 1047 non
1344 994 1459 1052 raserit
1473 993 1535 1062 ipsi,

168 1073 320 1140 arripuisse
334 1074 370 1135 id.
394 1077 466 1144 qnod
480 1076 564 1143 plane
579 1076 700 1130 alienum
714 1082 759 1128 est
773 1076 810 1130 ab
824 1075 876 1128 hoe
891 1074 959 1126 loeo.
1007 1074 1086 1128 Duae
1101 1081 1165 1130 sunt
1183 1073 1288 1126 formae
1303 1073 1435 1128 lemmatii
1449 1073 1535 1142 Apol·

167 1153 285 1216 loniaui,
307 1153 435 1217 alterum,
461 1156 494 1207 de
516 1173 569 1225 quo
584 1157 749 1226 Copernious
764 1161 794 1208 et
807 1172 845 1214 ex
859 1171 892 1206 eo
910 1152 994 1206 Ursus
1017 1153 1179 1224 loquuntur,
1205 1152 1397 1225 nihilomagis
1420 1152 1487 1208 fauit
1501 1154 1535 1206 sd

166 1241 288 1286 mentem
304 1233 365 1286 Ursi
389 1239 440 1288 aut
453 1235 623 1304 hypothesin
637 1235 784 1306 Tynhonie,
811 1249 892 1304 quam
915 1248 1001 1301 supra
1020 1231 1079 1302 ipse
1095 1231 1275 1303 Copernious.
1316 1235 1419 1290 Sensus
1442 1233 1469 1287 in
1485 1233 1537 1286 heo

167 1313 311 1368 seherum
348 1313 520 1383 exprimitur.
557 1319 583 1369 Δ
612 1317 699 1370 Terra
734 1315 782 1370 im·

168 1390 292 1456 mobilis,
334 1394 385 1446 BD
420 1396 608 1449 oonoentrieus
641 1396 781 1464 planetae,

167 1472 214 1542 qui
228 1471 257 1526 in
271 1475 287 1530 t
303 1471 341 1526 30
363 1473 442 1526 annis
461 1474 618 1529 restituitur
631 1474 678 1528 do.
711 1475 783 1529 Nem

164 1551 334 1620 Apollonius
353 1553 472 1621 putarit,
492 1555 597 1610 nullam
619 1555 703 1610 aliam
718 1556 782 1610 sub·

164 1647 226 1684 esse
264 1631 493 1703 inaequalitatem
528 1635 663 1704 planetis,
701 1651 783 1706 qnam

164 1712 251 1773 illam,
277 1729 400 1782 quaese
423 1715 458 1766 ad
480 1713 571 1771 Solem
595 1717 783 1770 aooommodat
832 1703 838 1716 ’

165 1797 194 1843 et
212 1792 472 1862 retrogradationes
487 1795 580 1860 efficit,
601 1795 717 1866 ideoque
731 1797 782 1850 BD
838 1833 843 1843 -

164 1877 322 1925 eeoentrum
353 1873 444 1927 iacere
469 1877 606 1946 neglexit.
651 1875 699 1930 FG
726 1875 784 1946 epi·

164 1952 260 2020 syolus
296 1953 385 2006 habet
424 1961 526 2010 motum
554 1957 782 2012 commutationis.

165 2035 376 2089 Demonstravit
390 2037 452 2106 jam
464 2027 637 2109 Apollonius,
663 2042 686 2096 si
700 2045 781 2097 dura·

165 2121 211 2168 tur
231 2131 270 2168 ex
289 2117 393 2170 Terrae
413 2127 507 2174 neutro
521 2125 547 2175 Δ
566 2122 642 2177 linea
656 2123 716 2186 AG,
739 2139 782 2177 se·

166 2209 231 2248 eane
246 2195 404 2266 epioyelum
423 2199 452 2253 iu
465 2201 500 2264 Η,
522 2202 554 2264 G,
580 2203 619 2256 sie
635 2208 667 2256 ut
680 2203 731 2257 EG
745 2203 783 2256 sit

167 2275 202 2327 ud
216 2275 270 2328 ΔΗ
293 2283 326 2330 ut
340 2285 430 2333 motus
446 2281 491 2334 GE
505 2282 669 2337 eonsentriei
686 2285 720 2338 ad
734 2283 782 2338 PG

167 2339 334 2424 epieyolum,
357 2363 422 2412 tune
445 2359 473 2414 in
491 2362 649 2430 punctisH‚
675 2364 698 2417 G
723 2363 783 2432 pla·

168 2441 260 2488 netem
288 2436 457 2496 existentem
484 2441 677 2498 stationarium
715 2443 783 2497 fieri.

167 2515 245 2568 Haeo
264 2517 357 2585 prima
371 2518 459 2574 forma
479 2521 623 2585 lemmatii‚
639 2523 717 2593 majus
733 2525 783 2577 Co·

166 2595 308 2664 pernions,
332 2597 508 2654 Ptolemaeus
532 2608 562 2656 et
584 2603 669 2657 Ursus
693 2604 784 2660 mensi·

166 2692 238 2738 nere,
261 2677 348 2746 plane
368 2679 437 2733 nihil
457 2697 596 2737 eommune
617 2684 705 2737 habet
724 2701 784 2741 eum

166 2756 318 2826 hypothesi
337 2757 475 2828 Tyohonis
495 2768 524 2815 et
543 2763 650 2833 quidem
667 2781 782 2818 versans

165 2835 192 2890 iu
209 2835 336 2890 terminis
359 2839 445 2910 longe
458 2841 529 2895 aliis.
568 2843 667 2896 Altera
686 2844 780 2908 forma,

166 2931 247 2986 quam
262 2917 349 2970 Ursus
372 2919 394 2972 si
417 2920 539 2984 vidisset,
562 2923 668 2977 eoelum
688 2930 781 2978 terrae

166 2995 382 3052 sommiseuisset
395 3016 462 3068 prae
477 2999 573 3056 insano
583 3003 695 3073 gaudio,
711 3005 782 3058 haec

164 3083 219 3128 est:
235 3079 260 3129 A
278 3075 339 3147 (lig.
357 3075 404 3142 10)
419 3086 541 3134 centrum
556 3083 669 3146 Terrae,
688 3085 779 3138 mundi

164 3161 192 3207 et
205 3155 315 3210 orbium
328 3157 554 3226 planetariorum,
576 3161 662 3217 BSol
682 3165 709 3218 in
728 3181 777 3218 suo

164 3236 238 3298 orbe,
264 3235 314 3290 CI)
329 3239 516 3294 eontentrieus
536 3244 670 3312 planetae
685 3244 776 3312 eujus·

164 3332 271 3385 cunque
297 3315 355 3371 una
377 3321 476 3374 eumB
498 3323 564 3376 orbe
585 3322 676 3377 Solari
698 3331 727 3377 et
751 3324 777 3377 in

163 3397 279 3451 eandem
289 3405 397 3465 partem
405 3399 573 3456 circumiens.
598 3403 649 3456 ΕΙ)
660 3421 777 3475 magnus

163 3475 777 3548 planetaeepioyolus,sicutTerramambiat

163 3555 222 3625 ejus
247 3563 374 3612 eeumum
389 3559 423 3623 (ἒς
448 3567 537 3616 motus
561 3563 677 3634 epieyeli
702 3563 776 3618 illius

162 3645 261 3692 eontra
284 3637 425 3707 signorum
449 3641 548 3696 seriem
565 3649 642 3697 motu
660 3660 776 3698 eommu-

163 3721 288 3778 tationis.
318 3721 381 3784 Qua
394 3723 422 3776 in
438 3724 776 3792 assumtioneApollonius

162 3803 261 3856 iterum
287 3804 400 3873 quaerit
427 3804 527 3858 lineam
550 3804 776 3860 determinantem

163 3885 307 3945 stationes.
323 3889 356 3936 ut
379 3889 454 3937 ante.
482 3885 560 3937 Haec
574 3885 662 3937 forma
680 3884 719 3938 sio
733 3891 777 3939 est

161 3969 334 4033 comparata,
362 3971 396 4017 ut
414 3964 574 4035 ingeniosus
598 3963 697 4034 aliquis
721 3966 774 4034 Ty·
804 3955 806 3962 ⁴

161 4045 326 4098 chonianam
340 4044 511 4116 hypothesin
534 4063 570 4097 ex
591 4060 626 4097 ea
641 4047 774 4098 deducere

160 4125 255 4194 possit.
280 4127 330 4178 sed
346 4141 400 4178 non
416 4124 486 4179 citra
498 4141 628 4194 magnum
642 4126 774 4188 laborem,

160 4205 311 4276 etquidem
324 4203 458 4259 infinities
472 4205 617 4268 difficilius.
643 4221 724 4277 quam
738 4224 774 4260 ex

159 4285 351 4356 Cepernieana
364 4283 485 4338 ratione.
512 4285 581 4339 Nam
596 4286 682 4355 primo
697 4288 776 4342 nulla

158 4366 282 4436 mspieio‚
298 4365 410 4419 nullum
420 4363 568 4436 vestigium
577 4367 773 4436 Tyehonianae

156 4446 180 4500 in
190 4447 240 4501 illa
250 4447 278 4501 in
289 4451 394 4516 aperto
406 4452 436 4499 et
446 4446 597 4514 propatulo
607 4453 659 4504 est.
675 4463 734 4500 oum
745 4463 844 4518 seopus
855 4452 977 4506 auctoris
989 4462 1117 4508 versetur
1127 4454 1153 4508 in
1165 4456 1400 4511 demonstratione
1410 4471 1484 4525 pune
1492 4463 1534 4509 to-

155 4543 210 4583 mm
228 4524 475 4586 stationarium,
491 4523 599 4580 minime
614 4527 641 4579 in
656 4527 871 4583 conformatione
885 4532 1007 4602 partium
1021 4535 1150 4592 universi.
1193 4536 1318 4590 Secundo
1343 4551 1396 4588 non
1414 4534 1526 4602 ponitur

153 4615 272 4664 asomum
284 4608 473 4678 planetarum
485 4605 512 4657 in
523 4605 594 4666 Sole,
612 4605 696 4660 sedin
709 4607 803 4662 Terra.
832 4609 927 4666 Tertio
938 4630 991 4666 non
1002 4619 1046 4666 est
1055 4615 1088 4666 de
1099 4615 1225 4669 omnibus
1236 4614 1358 4686 planetis
1370 4613 1449 4666 simul
1461 4629 1524 4666 eon·

149 4689 285 4752 sideratis,
303 4689 356 4741 sed
374 4688 410 4738 de
427 4685 547 4754 singulis
562 4687 683 4740 seorsim.
721 4687 824 4748 Quarto
841 4690 958 4760 quilibet
973 4693 1087 4761 planeta
1102 4696 1190 4749 hahet
1203 4711 1280 4749 snum
1298 4693 1532 4761 orbemgeooen·

147 4772 251 4826 nisum.
285 4767 409 4834 Quinto,
428 4779 509 4833 quem
520 4765 613 4836 Tycha
628 4767 721 4821 orbem
737 4769 868 4836 planetae
879 4771 951 4834 dicit.
969 4771 990 4826 is
1007 4772 1032 4826 in
1043 4773 1190 4844 Apollonio
1207 4768 1325 4838 (etiamsi
1336 4771 1533 4825 interresserit
