3674 5528
311 275 377 346 3⁶3
452 208 455 212 ἠ
732 277 833 330 mem
851 277 954 346 neptes
972 280 1125 345 maner·
1141 284 1244 330 meua

310 437 432 488 rusticus
449 449 507 486 mea
523 432 605 486 edhuc
623 434 763 498 acquiesco
799 433 857 486 Non
874 451 939 504 nepo
960 443 1061 496 tamen,
1085 437 1235 502 Keplerum,
1259 441 1288 486 ut
1313 433 1547 495 excedentissima
1570 447 1672 500 μηπ-

247 507 249 512 “
311 515 384 566 mem,
403 508 500 556 interea
517 503 615 554 modum
635 505 798 572 excogitasse,
819 522 867 571 quo
887 521 903 556 a
920 509 1038 574 gradibus
1056 508 1263 570 coniecturalibus
1282 505 1421 556 liberemur.
1459 503 1513 570 Epo
1531 513 1594 555 tanc
1608 513 1673 556 unr-

311 580 375 643 pcrie
393 578 460 627 relut
478 565 680 630 crirodrdosroc
698 579 724 625 in
741 575 789 626 hac
807 577 942 636 facultate,
971 587 997 628 et
1019 579 1176 644 geometricis
1204 577 1452 628 demonstrationibus
1479 577 1562 626 mium
1586 590 1673 626 essue

311 651 400 706 iactus,
420 648 482 706 leci,
502 645 567 710 quod
584 648 661 709 potui.
697 645 747 696 Vix
764 649 830 697 enim
848 663 891 712 per
909 649 1034 699 biennium
1056 651 1120 699 serio
1138 655 1199 698 tunc
1218 649 1384 698 astronomica
1400 653 1582 704 mutaveram,
1607 647 1675 696 omni

311 733 398 772 ceram
417 723 586 782 praeceptore.
624 715 700 782 Spem
719 718 817 784 itaque,
840 717 874 768 D.
892 719 1028 784 Keplerom
1047 719 1179 770 humanius
1196 733 1237 769 me
1255 725 1434 774 uacmmrnm.
1461 717 1522 768 licet
1547 717 1675 782 quaedam

313 790 503 840 inartificialiter
520 789 545 836 in
564 788 679 838 methodo
702 802 760 839 mea
778 789 928 840 tradiderim.
966 791 1041 841 sliat
1065 797 1104 842 est
1126 792 1235 840 iuvenire
1258 791 1332 854 quid,
1357 788 1472 852 aliudque
1496 787 1522 838 id
1544 789 1675 854 ingeniosa

312 860 412 910 tradere
430 866 457 910 et
474 859 571 908 docere.
609 857 671 919 Quis
690 860 755 908 enim
779 869 839 910 ante
864 876 904 910 me
929 861 1028 912 tabulcs
1052 862 1182 912 erectionis
1208 866 1234 909 ct
1259 860 1399 911 directionis
1425 857 1579 909 Ptolemeico
1602 858 1675 908 modo

314 930 480 980 instituendae
499 943 608 992 unquam
626 925 778 993 publicarit?
814 930 937 994 Keplarus
956 932 987 982 de
1005 931 1108 996 Magire
1132 936 1200 981 recte
1219 932 1310 988 senet,
1334 931 1414 994 ipsum
1436 943 1495 978 sues
1518 930 1621 980 tabulas
1646 943 1676 978 es

312 1003 373 1050 meis
391 1002 480 1050 saltem
499 999 673 1063 descripsisse,
701 1000 727 1051 id
746 1001 811 1065 quod
828 1003 887 1051 mihi
911 1004 972 1052 satis
997 1003 1129 1052 constabat
1155 1007 1215 1052 sate
1243 1001 1348 1052 reditum
1366 1015 1449 1049 meum
1468 1015 1499 1048 ex
1517 999 1602 1050 ltalia.
1642 1002 1676 1048 st

314 1071 464 1136 redarguere
482 1071 550 1120 illum
567 1071 664 1134 publice
682 1071 763 1129 nolui,
788 1087 838 1122 nou
857 1073 923 1122 euim
941 1073 966 1124 id
984 1073 1032 1123 loci
1051 1078 1077 1124 et
1094 1073 1213 1136 temporis
1231 1079 1291 1122 tunc
1309 1071 1452 1135 patiebatur
1469 1071 1562 1120 ratio*
1602 1069 1675 1131 Quae

312 1143 407 1206 reliqua
431 1147 490 1192 suut
513 1140 587 1204 hujus
611 1140 686 1192 ldarr'i
704 1143 823 1204 epistolae
850 1143 882 1192 ed
900 1143 1056 1208 Dioptrioem
1073 1143 1176 1208 Kepleri
1203 1141 1425 1199 inaestimanda,
1452 1142 1496 1192 ubi
1513 1141 1626 1205 pluribus
1644 1141 1676 1190 de

313 1213 387 1264 Marii
404 1214 504 1278 ingenio
524 1218 549 1261 et
567 1213 686 1267 moribus.
715 1213 944 1279 detectionibusque
968 1229 1029 1279 quas
1051 1215 1098 1266 sibi
1115 1214 1250 1264 vindicarit
1269 1227 1378 1280 agemus.
1417 1211 1465 1263 llic
1482 1218 1583 1262 tautum
1602 1219 1675 1262 nota-

312 1299 375 1341 mus,
394 1283 492 1334 tabulas
510 1281 565 1340 hes,
584 1297 646 1347 ques
664 1282 772 1348 glorieris
791 1284 853 1334 dicit
872 1299 905 1344 ,a
922 1299 949 1336 sc
968 1283 1098 1346 inventas“
1126 1291 1152 1335 et
1171 1298 1187 1334 s
1205 1284 1308 1350 Meginc
1328 1284 1480 1348 descriptas,
1504 1285 1601 1333 minimi
1621 1297 1676 1334 esse

313 1355 431 1405 momenti
453 1367 534 1418 neque
552 1353 611 1418 quid
633 1355 689 1404 nori
708 1357 841 1406 continere.
879 1355 989 1407 Tabales
1008 1356 1202 1406 declinationum
1225 1362 1252 1405 et
1270 1355 1332 1405 coeli
1351 1355 1528 1404 mediationum
1547 1369 1562 1404 e
1579 1353 1675 1420 Regio·

313 1431 432 1476 mortuno
449 1425 576 1475 desumtae
593 1425 646 1488 ipse
664 1425 765 1481 latetur,
785 1425 900 1484 ,tabulas
918 1441 974 1476 sero
993 1427 1120 1477 domorum
1138 1432 1287 1490 supputante
1306 1427 1415 1474 enricum
1433 1425 1603 1490 Augustinum
1622 1425 1674 1474 La-

314 1497 382 1546 nium
396 1489 571 1546 0noldinirm.“
610 1494 739 1546 Calculum
752 1504 838 1547 sutem
855 1497 922 1546 hunc
936 1498 1039 1546 absolvit
1052 1498 1115 1548 duce
1128 1495 1272 1547 iohanne
1284 1497 1342 1546 His
1347 1496 1476 1560 palensi
1494 1494 1547 1557 (ed.
1560 1495 1677 1546 Hellerus

315 1565 399 1616 Norib.
420 1561 511 1626 1⁵48),
531 1581 603 1631 quem
632 1568 747 1630 „saepius
767 1567 872 1633 legendo
891 1569 937 1618 eibi
956 1568 1088 1618 admodum
1107 1569 1253 1618 familiarem
1271 1565 1438 1622 reddiderat*
1466 1571 1492 1616 et
1508 1568 1585 1617 rerba
1603 1567 1677 1629 hujus

316 1637 424 1687 auctoris
441 1635 550 1686 nondum
566 1637 708 1702 intelligens
728 1637 886 1703 „methodum
905 1639 967 1688 oceli
986 1639 1111 1689 domicilia
1128 1638 1282 1688 describendi
1299 1639 1353 1702 lpse
1371 1636 1522 1686 adinvenit.“
1555 1637 1604 1686 lsrs
1622 1653 1676 1701 per·

314 1709 393 1772 cepu‘s
416 1708 537 1765 latemur,
563 1708 660 1757 nescire
678 1722 723 1757 nos
741 1713 823 1758 utrum
841 1709 917 1759 rerba
934 1709 1007 1760 Marii
1025 1709 1089 1759 baec
1107 1723 1150 1773 pro
1168 1711 1231 1759 roris
1250 1707 1396 1773 accipienda
1413 1709 1463 1756 sint
1479 1723 1575 1758 necue:
1598 1707 1677 1766 ,lmo,

314 1777 380 1842 quod
396 1779 451 1842 plus
470 1785 516 1839 aas,
535 1776 601 1828 hanc
619 1785 699 1829 totam
712 1780 821 1846 erigendi
834 1779 926 1846 figures
940 1781 1002 1830 coeli
1018 1782 1141 1831 rationem
1154 1780 1292 1846 excogitem
1304 1781 1380 1844 prius,
1399 1791 1474 1843 qnam
1492 1779 1532 1829 rel
1543 1781 1678 1844 quicquam

314 1850 339 1900 iu
359 1850 484 1900 autoribus
502 1850 533 1900 de
552 1862 584 1899 ea
600 1848 676 1915 legi·¹

406 1937 622 2000 Gratissimum
649 1936 803 2000 inseruisti
827 1937 1002 2018 ducypcpos
1024 1937 1126 1998 Marii.
1173 1936 1236 1999 Sed
1270 1937 1306 1998 de
1340 1935 1434 2015 ipsius
1466 1937 1580 1998 tabulis
1611 1938 1677 2000 dis-

264 2023 266 2028 ’
316 2033 439 2106 ceptere
463 2027 589 2088 ulterius
613 2025 728 2089 enimus
753 2026 824 2090 mihi
848 2047 907 2088 non
930 2033 987 2088 eet.
1035 2024 1155 2088 Sufficit
1178 2026 1244 2100 hoc,
1269 2025 1347 2106 quod
1374 2024 1445 2100 dixi,
1470 2024 1679 2088 incommodas

314 2133 383 2176 esse
407 2133 471 2190 usu,
496 2109 575 2194 q‘uod
599 2114 684 2175 video
709 2124 861 2177 auctorem
885 2115 984 2177 fateri.
1031 2113 1195 2194 Dirigendi'
1214 2123 1246 2174 et
1260 2113 1395 2193 erigendi
1418 2113 1569 2175 rationem
1593 2133 1678 2177 more

316 2202 502 2266 Ptolemaiou
535 2201 648 2264 tradidi
676 2203 731 2264 tibi
755 2203 783 2264 in
808 2203 938 2277 chartie3
971 2201 1073 2264 ibide
1103 2202 1307 2264 lirndementis
1329 2201 1417 2281 hujus
1440 2201 1485 2263 rei
1510 2221 1549 2264 ex
1569 2203 1678 2266 Ptole-

316 2308 400 2351 maeo
424 2291 611 2369 disputatum
634 2291 827 2352 sufficienter.
874 2291 977 2353 Nolim
1001 2309 1071 2352 vero
1094 2290 1166 2352 mihi
1181 2289 1395 2352 necessitatem
1415 2290 1527 2369 imponi
1552 2293 1681 2354 eundem

314 2378 487 2442 resumendi
510 2379 644 2440 laborem
667 2379 697 2440 in
720 2397 752 2440 re
776 2387 838 2440 tem
858 2379 927 2441 vilis
951 2379 1105 2441 momenti.
1152 2377 1294 2458 Sequitur
1317 2377 1347 2439 in
1364 2378 1462 2440 Mario
1477 2379 1571 2440 anxia
1594 2399 1679 2442 com-

314 2465 433 2548 paratio
458 2485 568 2542 eorum,
594 2485 670 2548 quae
693 2468 758 2548 ipse
781 2469 894 2547 primus
918 2468 1105 2546 computavit
1128 2476 1160 2528 et
1178 2466 1408 2540 demonstravit,
1433 2485 1499 2528 cunr
1522 2465 1572 2542 iis,
1599 2487 1678 2549 qnae

314 2575 361 2617 me
386 2555 525 2634 agnoscit
548 2555 717 2618 reddidisse
741 2556 953 2630 commodiora,
978 2555 1025 2618 cui
1049 2553 1241 2635 subjungitur
1264 2555 1452 2634 deprecatio,
1478 2575 1515 2616 ue
1535 2556 1678 2619 inhuma-

316 2643 434 2703 menius
458 2643 554 2723 ipsum
578 2653 718 2706 tractem.
764 2645 833 2706 Nisi
857 2644 960 2718 sellun,
986 2653 1019 2705 tu
1042 2643 1086 2706 illi
1109 2643 1269 2723 scripsisti,
1295 2663 1342 2706 me
1366 2644 1502 2724 publices
1527 2645 1679 2708 adversus

318 2732 414 2812 ipsum
430 2731 600 2812 suscepisse
619 2731 800 2808 inimicitias,
827 2734 961 2812 adeoque
973 2733 1037 2813 jem
1051 2732 1200 2807 hostilem,
1226 2731 1252 2792 si
1267 2731 1332 2792 Deo
1351 2732 1462 2811 placet,
1484 2731 1593 2795 librum
1608 2734 1680 2796 mihi

316 2819 372 2882 sub
395 2820 532 2882 menibus
555 2821 681 2883 versari.
728 2821 774 2883 At
796 2822 840 2882 ita
863 2821 936 2883 mihi
960 2821 1039 2882 boue
1061 2840 1145 2882 mens
1170 2822 1286 2894 faveat,
1317 2821 1360 2881 uti
1384 2839 1440 2898 ego
1473 2839 1625 2901 nunquam
1650 2823 1679 2884 in

317 2909 363 2971 his
391 2909 508 2987 epiris,
542 2909 651 2970 nedum
683 2909 714 2970 in
742 2909 1012 2971 emendetiunculis
1045 2909 1138 2970 ullam
1166 2908 1281 2988 gloriae
1315 2927 1400 2988 spem
1433 2927 1562 2988 ponam;
1602 2930 1679 2991 quas

314 2997 377 3058 illie
401 2997 429 3057 in
445 2997 559 3058 chartis
579 3016 727 3078 nunquam
742 2997 924 3076 attigissem,
951 2997 977 3059 si
1002 2997 1116 3076 absque
1134 3003 1189 3059 tue
1208 2997 1377 3076 importune
1391 2997 1539 3077 petitione
1556 2999 1677 3060 fuisset

314 3085 417 3148 Amici
440 3085 592 3162 charitati,
617 3107 675 3150 non
699 3105 764 3149 meo
790 3086 895 3162 lubitu,
922 3087 1053 3166 scriptas
1077 3086 1267 3159 memineris3
1301 3103 1428 3168 propere
1451 3085 1544 3166 igitur
1569 3095 1677 3149 treus·

317 3193 421 3235 eamus
445 3174 484 3235 ed
508 3175 577 3237 elia.

387 3277 460 3328 Haec
480 3279 562 3337 ,alis“
583 3285 642 3330 sunt
660 3293 705 3336 ca,
729 3293 793 3344 quae
812 3279 939 3342 respoudit
955 3277 1079 3342 Ksplerus
1105 3277 1138 3328 ad
1156 3277 1281 3328 residuum
1305 3278 1423 3342 epistolae
1442 3278 1589 3338 biasianae,
1616 3295 1684 3348 quaa

317 3349 421 3399 &ximus
440 3348 473 3398 ad
485 3349 640 3415 Dioptrioem
658 3349 791 3400 referenda
808 3363 875 3406 essm
895 3363 970 3414 quare
990 3349 1066 3398 etiam
1077 3348 1181 3413 Koplari
1199 3349 1383 3413 responsionem
1396 3349 1454 3400 illuc
1471 3353 1611 3403 scierimus.

388 3418 519 3470 Conclusio
537 3421 664 3472 literarum
682 3427 708 3471 et
727 3421 811 3472 datum
832 3419 929 3470 dmnnt.
965 3419 1023 3468 Jem
1041 3421 1115 3469 misso
1134 3419 1256 3470 Vickeuio
1274 3420 1307 3470 sd
1326 3421 1386 3469 alios
1405 3423 1546 3472 mmsimns.

391 3505 640 3572 christophorus
658 3507 897 3574 Hegelontiur,
917 3503 984 3568 (ride
1002 3505 1079 3570 inira)
1098 3507 1210 3572 duglas,
1229 3508 1307 3572 pridie
1326 3507 1412 3559 Nonas
1431 3509 1503 3562 Febr.
1525 3508 1595 3561 ltus
1615 3513 1682 3564 haec

318 3577 427 3642 Keplero
446 3578 560 3642 scripsit:
592 3577 740 3630 Doctissime
759 3580 809 3628 sir!
835 3577 968 3628 Tabellarii
985 3577 1058 3639 hujus
1077 3578 1141 3627 edeo
1163 3585 1263 3642 praeter
1288 3595 1386 3630 omnem
1409 3584 1611 3646 expectationem
1630 3585 1682 3634 dis·

207 3686 210 3691 -
321 3663 407 3700 cessas
433 3649 528 3700 subitus
551 3664 602 3700 non
625 3665 666 3699 ms
684 3651 743 3700 sinit
759 3641 837 3699 insius
855 3649 889 3700 ad
906 3655 931 3698 ta
956 3649 1076 3706 scribere,
1104 3655 1133 3698 ut
1154 3649 1242 3700 sellem
1268 3657 1295 3700 et
1317 3657 1345 3700 ut
1362 3666 1459 3716 semper
1475 3654 1534 3703 mihi
1553 3657 1579 3704 in
1599 3658 1684 3705 animo

318 3721 380 3778 luit,
409 3735 439 3769 ex
457 3735 505 3784 quo
522 3723 627 3784 primum
645 3721 812 3770 ethonomica
835 3727 890 3770 tua
908 3719 1041 3783 Optics,
1070 3719 1185 3770 nundinis
1204 3723 1333 3784 postremis
1352 3724 1511 3790 pervulgata,
1539 3726 1574 3776 ad
1591 3739 1684 3778 manns

318 3799 416 3840 normas
434 3792 553 3856 persenit.
591 3791 659 3854 Opus
678 3792 783 3856 quidem,
803 3798 832 3840 ut
850 3791 927 3841 doctis
946 3791 1058 3859 omnibns
1077 3791 1252 3856 gratissimum,
1274 3795 1311 3842 ite
1329 3789 1445 3858 (siquod
1464 3795 1531 3845 aliud
1549 3796 1624 3860 huius
1637 3812 1683 3863 ga-
1764 3825 1767 3829 ·

318 3859 395 3923 neris)
415 3864 537 3912 communi
555 3864 663 3912 omnium
680 3863 912 3914 mathematicorum
931 3861 1050 3926 suffragio
1067 3861 1272 3912 laudatissimum.
1313 3861 1380 3914 Nam
1398 3866 1444 3914 etsi
1463 3866 1533 3916 multi
1552 3868 1578 3916 in
1599 3875 1681 3918 astro·

319 3934 405 3982 nomia
422 3932 501 3983 multa
519 3935 700 3998 conscripsere,
719 3939 818 3990 tamen.
837 3938 866 3982 ut
884 3933 948 3997 quod
966 3947 1050 3982 rerum
1069 3938 1107 3982 est
1126 3931 1201 3983 libere
1219 3934 1348 3998 profitear,
1372 3935 1523 4000 reliquerunt
1541 3952 1598 3988 eam
1617 3954 1684 4003 pene

319 4017 405 4054 omnes
421 4001 532 4056 tenebris
550 4005 702 4056 densissimis
721 4005 909 4072 circumfusam,
934 4019 965 4054 ax
988 4005 1075 4067 quibus
1100 4010 1128 4054 tu
1146 4006 1251 4067 primum
1269 4018 1384 4071 agressus
1403 4021 1430 4056 es
1455 4005 1535 4070 ipsam
1554 4011 1580 4060 iu
1599 4008 1684 4060 lucam

321 4074 456 4126 vindicare.
494 4075 532 4124 Tu
551 4077 616 4126 enim
633 4091 684 4126 non
702 4076 781 4126 solum
801 4075 936 4126 eruditione
954 4075 1024 4124 raris
1041 4076 1190 4131 instructus.
1217 4075 1262 4126 aed
1288 4082 1314 4126 at
1337 4078 1489 4142 experientia
1506 4079 1638 4145 multiplici
1658 4089 1684 4132 et

321 4146 492 4195 observatione
512 4147 620 4210 adjutus,
641 4147 799 4197 difficultates
818 4161 903 4195 omues
922 4145 996 4195 lacilc
1014 4147 1145 4210 superasti,
1166 4161 1220 4196 cum
1240 4147 1271 4196 de
1289 4148 1486 4206 retractionibus,
1506 4150 1536 4200 de
1555 4153 1622 4202 risus
1641 4167 1683 4202 rs·

320 4217 395 4277 tione,
416 4217 446 4266 da
465 4217 520 4267 luce
538 4219 659 4275 sidemm,
680 4219 710 4267 de
730 4216 856 4280 eclipsium
874 4217 1061 4274 observatione,
1081 4217 1112 4267 do
1130 4217 1296 4281 parallaxibua
1319 4225 1346 4268 et
1362 4217 1462 4283 reliquis
1478 4219 1552 4284 hujus
1570 4223 1683 4273 sublimis

320 4289 443 4339 scientiae
461 4289 553 4338 intimis
572 4291 671 4340 arcanis
690 4289 752 4338 adeo
772 4289 839 4338 clare
858 4287 1043 4351 philosophatus
1062 4289 1104 4344 eis.
1123 4295 1152 4338 ut
1170 4289 1221 4338 lere
1239 4289 1299 4338 ulhil
1317 4291 1440 4339 intactum
1452 4291 1581 4356 reliquisse
1592 4294 1681 4345 rides-

320 4360 368 4416 ris,
396 4359 461 4425 quod
480 4360 513 4410 ad
531 4359 597 4410 hanc
615 4366 695 4412 artem
714 4359 777 4410 adeo
796 4359 904 4408 divinam
923 4357 1124 4422 amplificeudsm
1147 4359 1185 4410 rel
1203 4359 1322 4423 physicae
1345 4361 1384 4412 rel
1402 4361 1501 4426 opticse
1524 4371 1552 4414 et
1569 4364 1683 4429 reliquas

319 4430 461 4482 matheseos
479 4431 589 4481 thesami
601 4432 757 4497 suppeditare
775 4437 885 4493 possunt.
924 4429 1005 4489 Quam
1024 4431 1054 4480 ob
1067 4444 1128 4488 rem,
1147 4432 1168 4480 ri
1186 4431 1295 4482 enuhac
1313 4447 1378 4482 mors
1388 4434 1525 4484 immamra
1536 4435 1682 4486 oethtnimi

320 4500 443 4564 'Pythonis
461 4517 547 4552 omnes
566 4503 731 4553 asuonomiae
750 4502 861 4550 mumncs
878 4499 1016 4550 incredibili
1033 4515 1098 4565 pene
1116 4501 1200 4554 dolore
1218 4502 1312 4560 affecit,
1330 4505 1357 4552 in
1374 4503 1423 4554 hoc
1440 4518 1503 4556 sane
1521 4519 1573 4558 ηοη
1585 4509 1694 4558 minore

320 4573 412 4637 gaudio
430 4588 458 4624 se
475 4579 600 4636 recreatos
613 4575 741 4630 sentiunt,
769 4571 954 4622 lucubrationes
973 4575 1027 4634 ejus
1052 4579 1173 4637 tanquam
1191 4574 1280 4624 liberos
1298 4581 1402 4639 parente
1419 4577 1515 4639 proprio
1534 4577 1637 4628 orbuca
1655 4579 1681 4627 in

321 4644 427 4694 tutelam
444 4646 543 4709 petroni
560 4651 612 4694 tam
631 4643 760 4694 exercitati
779 4651 805 4692 et
822 4642 901 4693 fidelis
920 4641 1056 4692 devenisse.
1094 4643 1127 4692 Et
1145 4651 1213 4695 certa
1230 4647 1326 4709 gratim
1344 4645 1388 4696 tibi
1401 4661 1453 4696 non
1464 4649 1581 4700 minimas
1594 4663 1681 4700 omncs

322 4713 439 4764 debemur
458 4721 484 4765 et
501 4715 636 4772 habemus,
663 4713 728 4779 quod
746 4713 866 4762 theoriam
884 4711 972 4762 Martis
990 4715 1098 4764 numeris
1122 4717 1172 4764 suis
1192 4716 1332 4766 absolutam
1357 4718 1498 4782 propediem
1517 4720 1589 4770 nobis
1607 4721 1679 4785 polli-

322 4785 398 4844 carirr
427 4791 466 4836 ast
483 4787 549 4838 enim
567 4786 608 4837 illa
625 4787 691 4854 iuter
709 4784 828 4836 ematicae
847 4784 955 4834 omnium
972 4787 1080 4838 merisne
1098 4787 1124 4836 in
1142 4787 1234 4838 mulia
1253 4787 1357 4852 abipso
1375 4787 1444 4842 coele
1462 4789 1591 4845 deheim
1622 4791 1682 4857 lpse
