3586 5518
742 223 824 291 cust
840 224 860 276 1·
1414 225 1476 292 117

138 381 215 444 orbos
227 382 394 464 confugiet,
421 382 530 465 quibua
547 383 741 461 demonstret,
766 385 840 448 haec
859 385 903 448 ita
921 385 984 448 deri
1002 403 1101 466 posse,
1127 403 1193 448 cnm
1211 393 1312 446 minen
1335 403 1373 446 ex
1396 395 1477 450 motu

138 470 254 534 Telluris
275 473 363 536 unico
388 481 531 536 secutura
555 475 622 538 siut.
665 476 767 555 Atque
791 475 847 536 hoc
870 475 989 555 quidem
1012 475 1108 538 multe
1129 483 1200 555 post
1222 474 1325 535 secula
1347 473 1399 536 vix
1421 476 1477 538 de-

136 561 275 624 nuntiet.
304 561 369 626 Sed
388 561 482 625 tertio
506 565 631 626 mutatio
646 563 881 626 eccentrioitatis
896 565 1056 638 Terrenae,
1080 583 1139 644 qua
1162 572 1296 626 centrum
1319 565 1477 628 eccentrici

136 649 168 712 ad
185 647 282 712 Solem
301 651 423 714 accedit
446 659 479 714 et
501 652 539 715 ab
559 672 594 714 eo
614 652 737 725 recedit,
761 653 828 715 iude
849 673 867 714 a
887 653 1061 730 Ptolemaeo
1086 654 1124 715 ad
1144 673 1197 715 nos
1222 669 1314 733 usqne
1338 671 1478 734 magnum

134 738 195 818 quid
216 739 244 800 in
267 739 370 804 Marte
393 748 426 802 et
444 741 565 804 Venere
588 742 698 817 intulit,
714 737 744 820 ⁰)
768 759 890 822 quorum
915 742 1156 806 eceentricitates
1179 761 1245 804 curn
1269 749 1404 804 mutatae
1427 741 1475 804 vi-

133 829 261 902 deantur,
289 830 362 910 quid
386 830 593 893 Ptolemaeum
621 831 768 894 dicturum
789 832 904 911 putas?
949 831 1098 912 Numquid
1122 849 1239 894 rursum
1261 849 1354 893 novos
1379 832 1477 894 circu-

132 919 171 980 los
192 918 220 980 in
242 925 413 982 ceterorum
438 919 584 984 inlinitum
607 921 726 984 turbam
749 920 921 997 ascisceret,
946 921 973 983 si
995 920 1134 983 viveret?
1158 919 1264 1002 quibus
1288 919 1423 982 omnibns
1446 921 1476 984 in

132 1004 288 1086 Copernico
314 1027 388 1089 opus
411 1008 533 1072 minime
557 1017 612 1073 est.
646 1011 731 1072 Haec
754 1018 802 1072 tot
824 1017 856 1071 et
878 1018 966 1074 tarrta
981 1009 1163 1090 Ceperuieus
1187 1028 1241 1090 per
1264 1008 1350 1071 unius
1373 1010 1475 1072 circuli

131 1095 178 1158 AB
200 1096 262 1176 (lig.
283 1095 340 1172 10)
363 1099 544 1178 positionem
568 1109 599 1160 et
617 1109 731 1162 mutum
752 1099 922 1180 praestitit:
949 1101 1024 1162 unde
1049 1099 1165 1174 merito,
1191 1098 1326 1179 quamvis
1350 1099 1476 1178 exiguus

131 1193 211 1260 esset,
234 1185 371 1267 Magno
394 1205 557 1268 cognomen
574 1187 666 1251 dedit
703 1188 760 1252 Hic
783 1188 896 1268 primus
919 1198 1018 1252 motus
1041 1189 1125 1251 coelo
1140 1188 1243 1250 Lunae
1267 1206 1334 1250 oum
1356 1188 1475 1250 Tellure

130 1275 286 1338 communis
311 1276 379 1338 fuit.

206 1362 278 1426 Jam
302 1383 391 1444 porro
416 1365 580 1436 videamus,
605 1365 674 1444 quid
697 1365 804 1447 reliqui
827 1374 925 1427 motus
940 1365 1070 1428 Telluris
1095 1365 1240 1440 efficiant,
1265 1365 1313 1448 qui
1337 1365 1477 1428 accidunt

131 1451 198 1514 intra
219 1452 306 1516 illum
329 1453 433 1516 Lunae
457 1453 617 1516 orbiculum
643 1457 680 1516 ad
705 1455 745 1516 A.

207 1539 367 1606 Secundus
392 1543 483 1625 igitur
506 1551 603 1606 motus
628 1564 685 1606 nou
709 1543 818 1624 integri
843 1542 933 1619 orbis,
958 1543 1012 1605 sed
1036 1543 1159 1606 orbiculi
1183 1542 1341 1614 coelestis,
1364 1541 1473 1604 Terrae

129 1630 239 1712 globum
262 1633 398 1713 proxime
422 1652 477 1696 ceu
499 1632 636 1695 nucleum
660 1633 837 1697 includentis
851 1636 895 1707 ¹³),
923 1632 1023 1695 tendit
1044 1633 1073 1694 in
1098 1633 1268 1713 oppositum
1291 1631 1329 1694 ab
1353 1640 1420 1695 ortu
1444 1632 1473 1711 iq

129 1739 268 1796 messum,
293 1722 417 1802 perinde
442 1730 475 1785 ut
496 1722 644 1804 epioyelia
667 1723 860 1802 superiorum,
885 1721 992 1802 quibus
1016 1741 1117 1784 eorum
1137 1721 1346 1785 eccentricitaa
1368 1722 1474 1784 salva-

129 1817 171 1872 tur
191 1831 210 1872 a
230 1809 410 1891 Copernico.
447 1811 546 1891 Hujus
569 1831 669 1874 annua
691 1811 905 1874 constitutione
928 1812 971 1883 fit,
994 1819 1029 1874 nt
1051 1811 1280 1899 aequinoctialis
1304 1826 1422 1889 semper
1444 1811 1473 1872 in

129 1899 247 1962 amdan
269 1900 370 1962 mnndi
393 1909 511 1981 partem
534 1900 675 1963 declinet.
721 1900 788 1963 Poli
813 1902 892 1963 enim
920 1900 1148 1981 aequinoctialis
1177 1901 1241 1962 aive
1272 1899 1406 1980 corporis
1436 1899 1473 1961 ab

128 1988 205 2069 bujna
228 1989 308 2068 polis
330 2008 385 2070 per
408 1983 490 2072 237,
511 1986 525 2022 ⁰
546 1990 671 2052 distant.
718 1987 778 2062 Qui
801 1997 901 2052 motus
925 2007 991 2052 cum
1017 1989 1152 2069 pauxillo
1174 1989 1305 2056 velocior
1327 1988 1369 2051 sit
1391 1997 1474 2050 motu

128 2097 216 2140 annuo
240 2079 322 2140 orbis
341 2079 450 2157 magni,
476 2079 550 2141 lacit
569 2080 720 2141 sectiones
742 2079 917 2141 circulorum
941 2078 1005 2140 sive
1030 2079 1284 2160 aequinoctiorum
1307 2079 1374 2140 loca
1395 2097 1474 2157 pau·

129 2167 204 2228 latim
229 2167 256 2229 iu
280 2167 497 2247 praecedentia
518 2167 640 2230 moveri.
656 2171 685 2242 ι1)
732 2165 833 2239 Quare
863 2187 916 2249 per
944 2167 1021 2230 huuc
1051 2169 1190 2248 exignum
1218 2167 1370 2248 globulum
1392 2167 1476 2229 cadit

127 2255 173 2318 illa
194 2265 376 2330 monstrosa,
399 2255 516 2337 ingens,
541 2255 669 2337 ἀυαςρος
691 2277 771 2320 noua
794 2257 923 2338 sphaera
945 2257 1216 2337 Alphonsiuornm,
1241 2264 1274 2319 ut
1297 2256 1381 2335 eujus
1405 2255 1475 2317 offi-

128 2344 198 2407 cium
219 2345 248 2408 in
272 2346 358 2408 illum
382 2345 546 2408 orbiculum
569 2355 661 2408 antea
680 2347 883 2409 necessarium
907 2346 1086 2408 translatum
1110 2355 1166 2408 est.
1185 2341 1228 2418 ¹¹)
1266 2344 1360 2407 Cadit
1383 2345 1474 2408 etiarn

128 2442 218 2496 motus
240 2435 441 2497 deferentium
463 2455 629 2516 apogaeum
653 2436 799 2511 Veneris,
829 2444 863 2497 ut
892 2434 970 2516 quod
993 2455 1051 2498 non
1077 2436 1166 2499 aliter
1187 2444 1336 2510 movetur,
1367 2434 1424 2497 nisi
1448 2435 1473 2496 si

130 2523 197 2584 linae
219 2523 332 2588 moveri
355 2531 539 2587 statuantur.
1325 2557 1371 2608 ¹1⁸·
1386 2557 1420 2600 η,

206 2611 326 2676 Tertius
350 2621 451 2676 motus
475 2621 522 2676 est
543 2613 677 2693 polorum
694 2613 776 2691 globi
790 2611 921 2687 Terreni,
934 2615 961 2686 ¹)
985 2622 1128 2676 constans
1143 2612 1258 2676 duabus

131 2699 339 2778 librationibns,
364 2721 487 2783 quarum
504 2722 565 2764 una
587 2710 636 2764 est
658 2703 757 2765 altera
775 2703 864 2783 duplo
886 2701 1020 2772 celerior,
1044 2712 1076 2765 et
1098 2704 1136 2764 ad
1160 2710 1259 2765 rectos

130 2791 255 2872 angulos.
295 2789 328 2852 Is
353 2791 581 2854 administratur
602 2811 657 2872 per
680 2799 807 2874 quatuor
829 2792 965 2867 circulos,
991 2791 1034 2854 sic
1058 2799 1092 2854 ut
1114 2792 1175 2854 bini
1198 2793 1260 2853 eir-

130 2880 181 2942 culi
202 2879 338 2961 singulas
362 2879 539 2943 librationes
563 2881 689 2956 faciam,
722 2887 752 2941 et
780 2879 956 2942 librationes
978 2880 1063 2961 ipsae
1081 2880 1259 2960 ‚permixtae

131 2968 250 3032 corollae
273 2969 406 3031 intortae
431 2969 560 3050 speciem
582 2969 762 3050 praebeant,
793 2969 822 3030 in
850 2970 926 3032 huuc
950 2970 1069 3031 modum
1101 2971 1164 3050 (lig.
1193 2967 1256 3043 12).

207 3058 274 3121 Una
298 3059 421 3120 libratio
444 3059 474 3121 in
498 3060 598 3123 coluro
617 3052 814 3121 solstitiorum
833 3059 875 3133 fit,
901 3065 933 3120 et
946 3058 1047 3121 salvat
1060 3057 1257 3120 vadationem

131 3145 328 3212 declinationis
348 3148 466 3210 zodiaci
489 3168 555 3211 sero
573 3157 643 3230 post
659 3147 827 3210 Ptolemaei
851 3156 988 3229 tempora
1002 3149 1256 3210 animadversam:

132 3235 183 3298 tale
205 3236 273 3319 quid
297 3245 330 3299 et
344 3237 519 3300 Ptolemaeo
544 3257 617 3319 opus
648 3237 756 3300 fuisset
779 3237 955 3318 confingere,
981 3245 1012 3299 et
1035 3236 1166 3299 nonnulli
1189 3256 1256 3298 mo-

132 3323 213 3398 derni,
237 3325 394 3388 undecimo
417 3326 516 3389 mnndi
541 3327 611 3389 orbe
629 3327 695 3407 jam
718 3328 853 3402 conficto,
878 3336 1033 3407 praestare
1054 3326 1154 3388 conati
1177 3333 1255 3390 sunt.

205 3415 315 3478 Altera
329 3415 460 3492 libratio,
476 3434 552 3496 quae
566 3417 599 3478 lit
613 3415 643 3478 in
657 3417 757 3479 ooluro
773 3415 1035 3495 aequinoctiorum,
1060 3416 1161 3478 salvat
1175 3415 1364 3500 inaequalem
1377 3441 1468 3504 pras·

130 3503 282 3566 cessionem
306 3504 568 3587 aequinoctiorum,
594 3511 627 3566 st
649 3504 786 3567 eliminat
801 3513 928 3567 octavae
943 3506 1067 3568 lixarum
1086 3505 1243 3584 sphaerae,
1268 3529 1343 3589 quae
1362 3513 1470 3576 ultima

131 3601 170 3653 est
189 3593 266 3674 apud
289 3592 505 3673 Copernicum,
534 3603 645 3657 motum
673 3593 903 3674 trepidationis,
932 3593 1033 3675 illique
1062 3594 1192 3676 quietem
1215 3613 1299 3661 suam
1322 3600 1466 3664 restituit.

132 3679 217 3766 Atque
239 3703 276 3745 ne
301 3691 333 3745 et
361 3683 408 3745 hie
438 3692 535 3745 motus
564 3683 675 3764 aliquid
702 3683 733 3745 in
761 3683 870 3744 ceteris
898 3683 1027 3744 motibus
1056 3684 1244 3762 foeneretur,
1277 3687 1359 3750 tollit
1390 3691 1467 3753 irre-

35 3841 41 3852 ,
130 3771 305 3848 gularitatem
339 3779 456 3842 motus,
489 3791 578 3854 quam
607 3771 736 3834 omniurn
768 3780 884 3852 septem
914 3772 1103 3852 planetarum
1135 3782 1168 3834 ut
1201 3781 1232 3835 et
1264 3793 1466 3857 apogaeorum

130 3867 213 3921 notus
234 3861 347 3924 babere
371 3861 544 3924 debuissent
578 3863 651 3936 (non
679 3861 743 3922 sine
767 3861 930 3923 ministerio
955 3861 1071 3943 aliquot
1098 3880 1240 3924 novorum
1264 3865 1455 3946 circulorum)

131 3947 189 4026 quia
209 3959 392 4031 compertum
415 3958 477 4027 est,
501 3971 604 4014 omues
627 3958 726 4013 motus
751 3950 918 4031 aequaliter
940 3969 994 4030 per
1015 3953 1091 4014 fixas
1115 3951 1261 4016 incedere.

204 4037 339 4110 Quartus
363 4039 487 4122 deniqne
510 4049 609 4102 motus
632 4047 681 4102 eat
703 4039 797 4120 ipsius
816 4039 896 4119 globi
912 4038 1034 4104 Terreni
1053 4051 1084 4102 et
1102 4041 1271 4105 circumfusi
1290 4043 1369 4108 aeris
1391 4064 1465 4127 pro-

130 4127 209 4204 pu'us,
231 4131 315 4210 cujus
337 4129 478 4208 periodus
498 4137 545 4191 est
565 4124 608 4192 24
622 4130 762 4192 horarum
785 4127 814 4190 in
840 4127 964 4190 eandem
988 4130 1088 4193 mundi
1110 4130 1231 4211 plagam
1255 4152 1321 4198 oum
1345 4137 1463 4211 ceteris,

130 4233 221 4298 nempe
243 4219 282 4282 ab
306 4236 418 4280 occasu
439 4218 469 4280 in
499 4227 615 4282 ortum:
647 4225 769 4298 propter
796 4235 883 4298 quem
912 4225 993 4280 totus
1022 4220 1147 4282 muudus
1175 4221 1307 4302 reliquus
1335 4224 1464 4287 abortu

129 4302 154 4364 in
180 4325 315 4370 omasum
346 4307 572 4387 imperturbatis
599 4325 706 4388 magno
733 4306 876 4369 miraculo
904 4307 1033 4371 motibus
1061 4309 1200 4372 secundis
1229 4311 1299 4375 ferri
1328 4320 1461 4394 putatur.

130 4389 209 4457 Cadit
229 4397 321 4478 igitur
343 4397 399 4458 illa
420 4395 634 4459 incredibiliter
656 4397 720 4458 alta
742 4404 774 4458 et
795 4397 900 4476 pernix
923 4397 1038 4459 decima
1061 4396 1192 4478 sphaera
1211 4400 1355 4481 dregpoa,
1379 4402 1461 4478 cujus

130 4491 156 4543 et
174 4485 261 4548 totius
284 4485 387 4548 muudi
410 4493 498 4548 tanta
519 4495 603 4548 esset
625 4487 654 4548 in
670 4485 842 4548 Ptolemaeo
864 4485 1035 4565 pernicitas,
1060 4495 1094 4548 ut
1116 4505 1174 4549 nno
1197 4489 1278 4551 nictu
1301 4488 1377 4550 oculi
1401 4487 1460 4547 ali-

132 4581 192 4652 quot
212 4575 305 4637 millia
318 4573 489 4637 milliarium
503 4575 676 4637 transirent.
711 4573 758 4636 Ac
781 4591 892 4654 quaeso
917 4583 956 4647 te,
981 4574 1019 4636 ad
1042 4574 1187 4637 tabellam
1210 4575 1282 4650 (10)
1305 4574 1458 4654 respicias,

132 4671 158 4722 et
176 4663 299 4744 cogites,
324 4663 404 4744 quod
428 4662 528 4724 Tellus
553 4663 625 4726 baro
649 4672 764 4736 nostra,
794 4662 831 4722 de
854 4665 938 4743 cujus
961 4671 1043 4725 motu
1066 4665 1247 4746 disputatur,
1277 4661 1373 4740 exigui
1396 4660 1458 4726 cir-

133 4751 189 4814 celli
209 4753 334 4818 Lunaris
364 4753 403 4814 ad
427 4751 456 4814 Α
479 4753 728 4836 septuagesimam
751 4751 801 4814 vix
825 4751 940 4814 demum
963 4761 1078 4834 partem
1103 4752 1237 4814 diametri
1260 4756 1388 4830 aequet:
1420 4749 1458 4812 ab
