3628 5518
287 277 354 344 220
740 285 745 294 ⁴
888 279 1051 350 recentum.

285 439 367 490 lerret
405 437 440 488 Δι
457 448 532 503 quarn
550 443 724 504 competenter
743 439 819 490 etiam
837 439 957 490 ιιιιοιιιιι
974 451 1093 496 uentu,
1112 438 1177 504 qnod
1193 439 1425 490 matbematicorum
1443 451 1493 488 nen
1512 437 1546 486 ιιι
1562 449 1653 502 gaun-

283 511 356 570 litas,
381 512 478 570 ιιιιιιι,
505 523 539 560 an
564 509 615 560 tale
639 510 698 574 quid
715 516 776 562 tunc
794 510 861 574 apud
879 517 905 561 te
923 511 1001 562 tacite
1019 511 1139 567 senseris,
1163 511 1237 575 penio
1256 511 1292 561 eie
1310 515 1469 576 suggerente.
1505 507 1653 566 Praetena,

285 581 452 647 quodomnes
471 581 537 631 docti
555 582 640 646 magui
658 583 739 644 ipsum
759 582 863 640 iaciant,
884 596 940 632 eum
959 587 1144 646 praeceptorem
1160 582 1281 644 appellen,
1294 577 1447 645 hypotheses
1465 594 1535 631 meas
1552 578 1589 628 ilii
1608 579 1654 627 tri-

284 652 352 709 buis,
378 657 404 701 et
425 650 528 701 taudem
547 651 688 710 concludis,
711 657 739 703 nt
761 652 881 702 sideribus
907 649 1022 716 (quorum
1040 651 1207 716 permodicam
1227 651 1305 703 habet
1323 648 1449 712 notitiam)
1474 656 1500 700 et
1518 651 1653 710 scientiae,

283 736 358 786 quam
376 723 422 771 sibl
439 722 497 772 binc
515 722 573 771 inde
593 719 625 784 (ιι
645 737 696 787 qua
714 719 763 784 eat)
790 723 897 774 corradit
923 729 948 772 et
966 723 1115 780 suffuratur,
1142 729 1262 787 tanquam
1286 723 1363 773 decue
1382 723 1532 772 Germaniae
1551 721 1653 770 rdeat:

283 794 347 844 talia
374 793 405 844 de
433 795 518 859 ignote
542 793 724 844 inconsiderate
747 795 874 858 scripsisse
896 795 999 844 viderie:
1027 808 1092 859 quae
1118 809 1164 858 ego
1188 795 1286 858 quidem
1309 794 1453 844 nullatenus
1475 807 1572 842 moror:
1602 793 1653 840 imo

283 864 396 922 mallem,
420 878 480 915 vera
497 879 567 922 ease,
593 864 631 915 rel
650 865 757 930 aliquem
776 865 926 928 ejuscemodi
945 866 1011 923 dari,
1040 867 1079 916 cni
1098 871 1172 916 anea
1188 867 1215 914 in
1234 866 1405 916 uuonomicis
1423 871 1450 914 et
1466 863 1654 914 mathematicis

283 941 453 1000 competerent
471 935 568 1002 alogiae
592 950 639 1001 ego
658 950 707 986 non
725 937 825 986 ultimus
844 951 938 994 mrem,
958 938 999 1002 qui
1018 940 1071 1000 ejne
1090 937 1227 987 celebraret
1245 936 1358 1002 gloriam.
1395 935 1452 986 Non
1470 941 1556 984 tamen
1575 947 1654 997 supra

282 1005 454 1057 Ptolemaeum
473 1011 517 1055 ant
536 1003 699 1070 Cepernionm
718 1005 828 1071 aliosque
850 1009 951 1058 eximios
977 1009 1056 1064 viros,
1081 1008 1160 1073 qualis
1185 1008 1210 1056 in
1230 1007 1366 1058 Germanic
1382 1004 1546 1062 Maeetlinur,
1561 1005 1654 1054 -verior

283 1076 324 1127 ille
342 1083 400 1127 tuua
416 1083 577 1142 praeceptor,
602 1091 669 1128 nnnc
687 1083 740 1135 est,
767 1077 892 1136 efferrem,
918 1080 965 1128 nisi
984 1079 1086 1144 dignum
1105 1079 1155 1128 lore
1174 1080 1235 1128 satis
1260 1083 1415 1142 perspectum
1434 1075 1561 1128 baberent.
1600 1073 1652 1125 Sed

283 1149 333 1198 sint
350 1148 414 1199 haec
432 1148 615 1213 qualiacunque
633 1147 725 1206 velint,
743 1149 770 1198 id
787 1151 901 1215 equidem
918 1164 968 1199 nnn
989 1149 1094 1208 arridet,
1113 1149 1178 1214 quod
1196 1155 1242 1200 ιιι
1259 1151 1295 1200 aio
1312 1150 1338 1198 in
1357 1149 1418 1199 libro
1436 1149 1484 1197 iste
1503 1153 1592 1198 contra
1610 1161 1652 1194 me

282 1219 404 1270 maledico
423 1219 541 1270 abutatur
560 1219 672 1284 epistola,
691 1227 720 1268 ιι
737 1221 786 1270 ιιι
804 1223 875 1285 quasi
893 1235 920 1270 ee
937 1233 1054 1286 purgare,
1075 1226 1150 1284 atque
1169 1227 1276 1285 quantus
1294 1221 1327 1270 eit
1338 1233 1461 1285 quemque
1479 1218 1585 1268 multum
1602 1217 1652 1282 ipsi

282 1290 439 1340 tribuendum
459 1287 492 1352 (ai
511 1289 565 1339 Diie
583 1288 677 1354 placet)
696 1292 800 1355 probare
819 1293 885 1353 velit,
906 1305 933 1341 se
952 1293 1033 1356 ipsum
1050 1293 1088 1342 ita
1099 1293 1202 1343 nimium
1216 1292 1355 1342 extollendo
1367 1297 1394 1340 et
1411 1291 1510 1341 sibimet
1527 1288 1652 1353 placendo

283 1369 359 1426 atqua
378 1361 432 1412 ailla
451 1362 530 1412 tacite
548 1361 711 1412 detrahendo.
748 1364 784 1412 At
802 1363 918 1428 quoniam
934 1364 962 1411 in
985 1365 1115 1426 juventute
1140 1375 1172 1412 ea
1193 1377 1238 1427 per
1261 1363 1427 1429 ignorantiam
1446 1362 1577 1425 scripsisti,
1602 1373 1652 1410 uec

283 1433 346 1484 torte
365 1433 530 1490 ιιιιιιιιιιιιι.
550 1446 607 1482 eum
624 1446 734 1498 nuquam
751 1433 836 1484 literar
854 1433 911 1484 illae
926 1434 1117 1497 publicaturum,
1137 1434 1228 1484 nedum
1246 1439 1275 1483 ut
1291 1434 1322 1484 iia
1339 1435 1366 1482 in
1385 1433 1488 1483 eliorum
1505 1432 1653 1495 despectum

282 1511 309 1554 et
327 1503 504 1554 contumeliam
522 1517 631 1568 unquam
649 1506 770 1554 abusurua
787 1505 859 1562 iuret,
878 1505 969 1556 idcirco
983 1511 1030 1564 eet,
1050 1520 1094 1554 cur
1105 1505 1170 1554 lraee
1182 1503 1303 1568 placidina
1313 1505 1401 1554 leram.
1426 1503 1548 1568 Cuperem
1559 1501 1651 1552 nibilo-

281 1575 375 1633 minus,
394 1581 423 1624 ut
440 1577 517 1641 primo
536 1589 633 1640 quoqne
650 1580 761 1639 tempore
780 1576 847 1639 apud
865 1590 906 1625 me
924 1576 1078 1627 declaratum
1096 1576 1262 1641 relinquerer,
1288 1589 1322 1625 an
1339 1575 1385 1624 ιἰι
1403 1581 1502 1640 gramm
1520 1575 1566 1634 ait,
1586 1572 1655 1638 quod

281 1647 317 1694 sic
335 1645 422 1696 iacent
441 1652 467 1697 et
484 1645 543 1711 quid
561 1646 592 1696 de
611 1648 702 1710 scripte
720 1648 770 1696 isto
788 1647 909 1696 virulento
927 1648 1037 1697 sentiae:
1055 1654 1107 1697 tum
1121 1661 1217 1712 quoqne
1230 1647 1272 1698 alil
1285 1646 1384 1701 eruditi,
1403 1646 1549 1710 adquorum
1561 1657 1654 1694 manua

281 1717 347 1767 istud
365 1719 486 1781 pervenit.
516 1716 604 1782 Neque
623 1718 690 1767 enim
709 1717 803 1775 dubito,
824 1717 905 1767 istbno
925 1719 1054 1783 perlatum,
1073 1718 1193 1782 siquidem
1206 1718 1304 1782 Pragae
1323 1731 1441 1768 excusum
1459 1717 1499 1772 sit,
1520 1729 1653 1779 suppresse

281 1793 367 1838 tamen
386 1789 534 1853 typographi
553 1789 661 1844 nomine,
679 1789 717 1838 nti
735 1789 764 1838 ιι
782 1791 808 1839 ιι
827 1789 928 1839 temesis
947 1789 1042 1840 libellis.
1070 1789 1146 1840 Plura
1157 1790 1189 1839 de
1201 1789 1240 1839 bia
1252 1803 1303 1838 non
1316 1788 1389 1838 eddo.
1415 1787 1470 1838 Nec
1488 1788 1555 1837 euim
1574 1787 1655 1852 digna

281 1865 340 1910 aaut
357 1865 387 1910 ιι
403 1859 487 1908 multia
506 1865 659 1910 revocentur.
697 1859 776 1910 Tuum
795 1867 851 1916 eet,
881 1860 946 1910 baec
963 1861 1020 1924 ipra
1037 1860 1117 1910 obiter
1141 1860 1275 1923 subiuncta
1299 1859 1406 1909 candide
1428 1859 1603 1921 interpretari.
1627 1863 1655 1907 et

281 1929 400 1981 schedam
416 1930 484 1980 banc
497 1929 611 1980 Vulcano
624 1931 731 1980 tradere.
760 1931 866 1996 Junqne
884 1932 974 1981 iterum
992 1937 1019 1981 et
1037 1933 1138 1996 saepius
1155 1931 1220 1982 vale.
1254 1931 1420 1994 (Poatecripta
1437 1936 1496 1980 ιιιι
1512 1929 1578 1980 baec
1596 1929 1653 1978 lite-

281 2001 323 2057 ria,
340 2015 403 2066 qaae
421 2013 478 2066 pag.
498 1997 531 2050 te
551 2015 588 2066 eq.
606 1998 798 2065 proposuimus.)
850 2047 856 2058 ,

353 2125 478 2190 Keplerua
495 2125 533 2176 ιιι
553 2125 676 2188 bobonis
693 2126 771 2176 literis
789 2131 871 2176 motus
890 2125 1021 2190 epistolam
1040 2127 1064 2176 ei
1091 2126 1159 2176 misit
1183 2127 1378 2185 excusatoriam,
1404 2139 1479 2192 quam
1502 2125 1655 2190 deecfiptam

281 2197 358 2248 etiam
375 2195 510 2248 Maereltno
529 2196 598 2248 dedit
615 2197 653 2247 bie
672 2197 764 2248 additia
783 2197 880 2250 verbis:

370 2283 615 2366 Quid'l'ycboni
643 2285 850 2365 responderim
880 2284 1014 2364 (quaudo
1038 2292 1068 2345 te
1092 2285 1122 2347 id
1151 2292 1292 2366 sategere
1320 2285 1434 2360 video),
1463 2303 1501 2347 ex
1530 2285 1653 2364 adjecto

280 2373 445 2455 exemplari
469 2391 643 2452 cognosces.
691 2373 793 2436 Velim
817 2381 919 2436 eutem
943 2373 1113 2450 existimes,
1142 2393 1217 2436 uera
1239 2393 1286 2437 me
1311 2383 1342 2436 et
1365 2394 1404 2436 ex
1427 2373 1526 2436 auimo
1550 2375 1655 2436 omnia

280 2462 450 2542 scripsisse,
476 2462 547 2543 quie
569 2463 685 2525 veritas
709 2481 763 2542 per
786 2483 819 2525 se
844 2463 913 2542 ipsa
937 2472 987 2524 sat
1010 2468 1078 2524 tuta
1101 2471 1159 2525 est.
1206 2461 1295 2536 Quod
1319 2472 1420 2526 autem
1443 2463 1656 2526 vehementior

279 2552 310 2614 in
334 2552 432 2632 ipsum
455 2551 566 2614 Ursum
590 2569 649 2614 non
679 2571 763 2627 sum,
798 2551 909 2632 partim
937 2551 1051 2631 pudore
1078 2553 1130 2626 fit,
1161 2553 1271 2631 partim
1299 2561 1391 2614 metu.
1439 2551 1537 2622 Quem
1561 2553 1652 2628 enim,

279 2641 479 2721 prohdolor,
509 2647 669 2720 tantopere
700 2641 835 2716 laudavi,
866 2660 923 2702 nou
954 2658 1076 2719 possum
1107 2641 1171 2702 siue
1196 2642 1419 2703 inconstantiae
1442 2641 1562 2712 macula
1586 2641 1653 2721 jam

280 2729 385 2792 statim
408 2728 579 2810 turpissime
613 2728 780 2794 traducere.
828 2727 918 2802 Quod
948 2729 975 2790 si
1004 2727 1164 2806 epistolem
1198 2729 1289 2792 etiam
1317 2749 1415 2792 meam
1439 2729 1543 2811 Tycbo
1570 2729 1653 2810 typis

278 2819 422 2881 mandere
447 2817 537 2892 velit,
566 2819 728 2880 verendum
752 2819 874 2892 fuisset,
904 2837 941 2879 ne
975 2815 1005 2878 in
1029 2818 1172 2897 majorem
1197 2837 1294 2880 meam
1318 2819 1529 2881 contumeliam
1552 2819 1653 2882 Ursus

276 2907 354 2970 alias
378 2927 462 2970 meas
486 2905 671 2986 publicaret,
696 2916 728 2968 et
751 2927 810 2989 qua
832 2914 919 2988 perte
944 2905 1146 2969 modestiores
1175 2915 1247 2969 eunt
1274 2908 1477 2980 adulteraret,
1510 2916 1566 2969 aut
1590 2908 1654 2970 alie

276 2997 329 3058 via
351 2995 422 3059 mibi
445 2995 649 3057 insidiaretur.
961 3009 1013 3073 (ιιι
1032 3025 1070 3076 ep.
1092 3011 1125 3063 at
1143 3011 1179 3062 M.
1199 3014 1222 3063 u.
1243 3013 1267 3064 ι.
1288 3009 1331 3062 ιι.
1353 3013 1423 3063 Febr.
1446 3009 1538 3074 teat.)

347 3133 451 3200 Kepleri
468 3141 553 3186 ιιιιιι
570 3135 646 3186 verbe
664 3135 727 3187 baec
746 3143 820 3187 aunt:

277 3241 456 3326 Exempto
474 3242 679 3324 perpellente
701 3263 790 3306 oseae

403 3331 448 3394 ad
473 3331 666 3414 illebonam.

882 3417 916 3482 S.
941 3420 976 3481 P.
1005 3417 1045 3481 D.

367 3521 444 3588 (lum
476 3523 696 3589 intellexissem
725 3545 762 3587 ex
784 3523 941 3586 Maestlini
975 3524 1092 3599 literis,
1125 3544 1200 3605 quas
1235 3527 1274 3589 ad
1307 3546 1354 3588 me
1389 3527 1473 3590 dedit
1501 3526 1652 3607 superiori

277 3611 429 3694 Augusto,
454 3615 648 3695 respondisse
672 3624 702 3678 te
728 3615 766 3676 ed
791 3613 959 3694 epistolium
981 3633 1088 3688 rneum,
1114 3615 1238 3694 ejusque
1262 3616 1467 3695 responsionis
1492 3618 1651 3695 exemplar

277 3703 356 3781 apud
371 3703 568 3766 Maestlinum
592 3723 676 3768 esee:
701 3703 839 3783 proxime
862 3703 1021 3765 occasione
1045 3703 1125 3782 apud
1148 3703 1232 3766 illurn
1250 3705 1358 3778 iustiti,
1384 3715 1419 3766 ut
1441 3705 1472 3764 id
1492 3706 1652 3785 exemplar

277 3791 316 3853 ed
338 3808 386 3852 me
410 3790 555 3860 mitteret,
581 3793 699 3873 quando
724 3793 830 3854 literae
852 3800 923 3852 tuae
943 3791 1014 3852 ruibi
1035 3811 1092 3852 uon
1114 3793 1320 3855 redderentur.
1356 3793 1407 3856 Sic
1427 3813 1500 3855 casu
1525 3801 1558 3854 et
1578 3794 1649 3856 dili·

276 3878 380 3958 gentie
403 3888 457 3941 tue
480 3880 603 3954 factum,
628 3891 662 3943 ut
686 3880 824 3962 quamvis
852 3879 1047 3960 pereuntibus
1071 3880 1131 3942 tuis
1156 3881 1262 3956 literis,
1282 3893 1384 3944 tarnen
1409 3883 1479 3962 quid
1499 3902 1546 3944 me
1572 3883 1650 3945 scire

276 3967 372 4030 velles
386 3975 459 4047 post
472 3967 618 4032 decimum
633 3988 767 4032 mensem
790 3970 1001 4032 intellexerim.
1048 3971 1162 4034 Herum
1183 3970 1267 4033 initio
1289 3980 1320 4033 te
1340 3973 1499 4034 certiorem
1519 3971 1649 4048 reddidi,

277 4055 349 4136 quia
370 4056 400 4118 in
424 4055 478 4117 illa
500 4059 624 4138 querela
646 4067 717 4133 tna,
743 4075 789 4119 me
814 4057 951 4120 Christe!
987 4077 1076 4138 quem
1100 4059 1273 4138 justissime
1299 4061 1453 4139 postulae,
1494 4069 1530 4122 nt
1551 4061 1649 4140 primo

277 4161 393 4226 quoque
417 4151 552 4228 ternpore
575 4166 674 4210 meam
699 4147 754 4210 tibi
779 4147 960 4208 senteutiam
985 4147 1134 4228 aperiam:
1161 4163 1197 4208 ne
1223 4167 1261 4209 ex
1289 4149 1345 4210 hac
1366 4149 1542 4210 decimestri
1565 4167 1651 4211 mora

277 4233 372 4314 major
394 4233 450 4296 tibi
474 4235 511 4296 de
535 4255 581 4298 me
606 4237 737 4316 euspicio
761 4236 867 4315 culpae
891 4234 1085 4298 suboriretur.
1130 4233 1286 4307 Quantum
1311 4237 1405 4317 igitur
1428 4238 1542 4300 attinet
1566 4257 1651 4300 meas

277 4321 318 4384 ad
340 4320 452 4386 Ursum
474 4324 598 4405 literas,
634 4345 672 4386 ex
694 4325 746 4398 iis,
782 4343 859 4404 quae
884 4324 1083 4403 excerpsisti,
1107 4325 1208 4388 verbis
1235 4325 1379 4405 pleraque
1403 4347 1471 4388 mee
1503 4345 1649 4406 agnosco.
1761 4355 1766 4369 ·

277 4409 325 4472 Ex
348 4429 383 4472 eo
406 4411 450 4484 fit,
476 4419 509 4473 ut
532 4413 670 4493 quamvis
693 4413 732 4474 ad
756 4414 869 4492 eliqua,
894 4413 933 4474 de
960 4412 1067 4492 quibus
1091 4413 1205 4484 dubito,
1229 4433 1305 4493 pene
1325 4415 1553 4477 cohorreecam:
1579 4416 1649 4478 nul-

277 4499 338 4560 lum
362 4507 463 4561 tamen
487 4502 748 4582 negarepossim.
799 4502 831 4562 ln
858 4501 914 4564 hec
939 4501 1041 4580 itaque
1065 4511 1151 4581 perte
1182 4503 1294 4564 nullum
1319 4504 1416 4565 adhuc
1440 4504 1511 4566 Ursi
1535 4505 1649 4567 crimen

278 4594 334 4660 est,
361 4589 439 4668 quod
464 4587 588 4668 liqueat.
628 4591 737 4652 Utrum
757 4596 858 4652 autern
878 4591 1031 4671 integram
1046 4591 1205 4671 epistolem
1220 4591 1429 4671 publicaverit,
1454 4593 1551 4674 major
1569 4594 1650 4671 apud

277 4691 325 4734 me
349 4673 515 4738 dubitatio:
547 4697 623 4758 quae
649 4677 738 4740 facile
763 4679 983 4753 discuteretur,
1013 4677 1041 4740 si
1063 4679 1135 4740 mibi
1159 4681 1314 4760 exemplar
1337 4681 1402 4762 typi
1426 4691 1519 4744 esset.
1567 4682 1650 4744 Nem

278 4759 308 4821 in
331 4760 438 4825 iisdem
463 4763 559 4828 literis
583 4765 768 4830 desiderium
781 4785 881 4830 meum
896 4775 1015 4829 tuorum
1029 4785 1153 4850 opernm
1168 4769 1360 4852 legendorum
1380 4771 1528 4852 expressi,
1552 4787 1649 4852 eaque
