3638 5524
656 267 815 336 mustea
831 269 983 325 ommam
1429 273 1496 344 m

147 424 206 490 sint
237 442 273 488 en
305 421 446 490 humiles.
496 423 565 494 Atti
597 425 718 508 placent
750 427 928 509 astrologis,
966 428 1094 494 humiles
1124 430 1270 514 physicis
1317 431 1499 500 Statuamus

147 513 419 594 compensationem
440 512 490 576 hic
514 533 592 584 esse,
617 523 652 578 ut
675 534 732 596 quo
755 516 870 597 majore
895 528 1054 583 cernantur
1078 521 1186 600 angulo
1211 522 1353 597 (humiles
1375 529 1499 604 nempe)
1533 580 1539 596 ,

146 603 197 664 boc
218 602 285 682 plus
309 601 485 679 calfaciunt,
509 611 632 685 propter
650 604 727 670 banc
751 605 872 687 quidem
895 606 1051 670 visionem.
1099 610 1206 674 Virtus
1230 629 1302 676 vero
1327 629 1365 674 ex
1387 613 1496 678 altitu·-

146 691 210 754 dins
233 699 324 754 ancta
347 711 471 754 causam
494 692 588 756 babet
610 693 711 756 aliam.

664 781 796 845 Thasia
820 783 971 848 XXXIII.

227 867 361 932 Ratione
392 869 545 950 utriusque
573 871 694 934 virtutis
725 873 913 936 calfacientia
944 879 975 936 et
1002 871 1205 936 humectantis
1237 869 1498 946 considerandum,

145 976 198 1040 quo
221 956 251 1019 in
275 955 364 1040 siguo
390 966 550 1022 versentur
572 960 725 1040 planetae.
771 961 851 1026 Nam
874 969 907 1026 et
928 963 1069 1042 planetae
1092 969 1125 1024 et
1137 963 1226 1025 Luna
1248 964 1278 1026 iu
1302 979 1409 1025 cancro
1428 960 1499 1041 plu·

145 1046 245 1110 rimum
270 1054 445 1126 operantur,
470 1048 541 1130 quia
564 1049 732 1113 diutissime
756 1059 827 1112 sunt
849 1069 941 1131 supra
963 1051 1097 1123 Terram,
1123 1059 1156 1114 et
1178 1060 1301 1134 propter
1324 1050 1402 1112 alias
1424 1067 1499 1112 eau-

147 1156 194 1200 sas
217 1135 305 1198 initio
329 1143 593 1212 commemoratas,
617 1157 684 1200 cum
708 1139 745 1202 de
768 1137 840 1202 Sole
864 1158 1033 1221 ageremus.
1079 1141 1127 1202 lta
1150 1141 1256 1214 etiam,
1280 1159 1346 1204 cum
1370 1159 1390 1199 a
1411 1143 1499 1219 parte

144 1233 211 1290 sunt
239 1223 473 1306 septentrionis,
506 1226 574 1306 plus
601 1227 715 1290 babent
744 1227 877 1292 virtutis.
923 1228 1001 1290 Hinc
1029 1229 1195 1309 plenilunio
1222 1228 1372 1294 brumalia
1399 1226 1498 1288 lrumi-

143 1313 225 1378 diora
247 1321 322 1376 sunt
345 1313 481 1380 aestivis.
528 1315 564 1378 In
586 1316 671 1378 zonis
694 1317 797 1398 itaque
816 1317 1105 1397 septentrionalibus
1128 1319 1209 1382 circa
1222 1319 1301 1382 hunc
1320 1325 1353 1380 et
1366 1333 1499 1396 sequen·
1611 1376 1614 1386 .

142 1413 187 1466 tes
214 1402 333 1486 aliquot
364 1421 459 1467 annos
482 1401 608 1467 Saturni
637 1413 668 1466 et
689 1405 792 1480 Jovis,
818 1407 888 1486 quin
915 1414 948 1468 et
970 1408 1082 1470 Martis
1111 1407 1140 1470 in
1169 1409 1227 1470 tine
1250 1409 1338 1478 anni,
1368 1404 1498 1466 virtutes

139 1492 201 1570 jam
223 1492 399 1574 explicatae
421 1491 587 1556 imbecilles
612 1503 712 1558 eruut:
743 1495 813 1575 qnia
834 1496 1036 1560 versabuntur
1062 1496 1092 1558 in
1117 1495 1213 1576 algnis
1237 1495 1408 1560 humilibus.
1455 1493 1501 1556 At

142 1580 169 1643 iu
192 1580 275 1644 tonis
301 1579 484 1644 australibus
503 1589 589 1646 tanto
614 1591 701 1646 erunt
724 1584 875 1646 tortiores.

665 1673 797 1736 Thasia
820 1671 970 1736 XXXIV.

225 1759 260 1822 In
287 1765 372 1821 motu
400 1775 466 1820 cum
496 1759 653 1823 videamus
684 1761 892 1824 tardissimum
916 1780 1063 1843 quemque
1093 1759 1254 1841 plurimum
1287 1777 1395 1842 posse:
1430 1759 1500 1822 hinc

141 1867 245 1910 causas
270 1845 466 1922 deducemus,
490 1867 542 1912 cur
565 1850 738 1914 stationarii
756 1858 819 1914 tam
842 1851 905 1914 sint
918 1853 1038 1930 operosi
1061 1858 1094 1913 et
1115 1850 1146 1912 in
1166 1850 1312 1931 apogaeis
1326 1857 1498 1912 versantes.

141 1936 198 2002 Ubi
219 1936 370 2000 Mercurii
401 1935 495 2000 statio
523 1937 653 2000 omnium
676 1941 807 2004 manime
831 1948 881 2004 cst
902 1941 1025 2003 efficax:
1059 1941 1086 2002 is
1111 1939 1203 2014 enim,
1234 1947 1268 2001 ut
1291 1937 1499 2002 velocissimus

141 2025 224 2101 alias,
248 2025 415 2106 plurimum
438 2026 474 2088 de
498 2035 580 2090 motu
604 2028 727 2092 amittit.
775 2028 901 2092 Saturni
922 2048 994 2093 vero
1019 2028 1112 2092 statio
1135 2028 1287 2090 minimum
1302 2027 1405 2102 efficit,
1430 2027 1501 2108 quia

140 2133 241 2194 parum
265 2115 373 2190 habet,
398 2115 477 2196 quod
500 2116 530 2178 iu
554 2117 687 2180 statione
708 2119 827 2198 perdat.
873 2117 1015 2181 Mercurii
1031 2119 1148 2200 quidem
1168 2117 1266 2180 statio
1293 2115 1499 2194 utplurimum

143 2211 255 2279 ventos,
284 2211 336 2265 est
359 2203 409 2266 ubi
432 2212 464 2266 st
486 2205 571 2268 nives
594 2206 643 2268 vel
667 2206 795 2286 pluviae,
818 2208 849 2268 in
873 2227 982 2288 genere
1006 2208 1144 2288 copiosos
1168 2224 1297 2286 vapores
1321 2204 1391 2268 ciet.
1434 2204 1501 2266 Hcs

141 2291 227 2372 igitur
250 2292 500 2372 exspectabimus
527 2294 608 2358 circa
633 2293 683 2357 17.
708 2296 798 2360 Janu.
824 2293 877 2360 20.
901 2295 977 2377 Apr.
1006 2293 1055 2360 12.
1080 2297 1166 2372 Maii,
1194 2292 1245 2360 15.
1262 2296 1343 2375 Aug.
1368 2289 1398 2358 6.
1419 2292 1501 2373 Sep-

141 2377 263 2448 temti.
297 2391 329 2444 et
351 2377 404 2444 31.
424 2382 547 2446 Decem.
594 2381 658 2446 Sed
680 2385 813 2448 incertus
837 2384 1000 2449 etiamnum
1015 2386 1156 2448 Mercurii
1179 2392 1280 2449 motus
1303 2403 1362 2446 non
1385 2383 1502 2463 patitur

140 2469 348 2534 certissimum
370 2471 450 2533 diem
472 2472 640 2552 praefinire.

677 2563 807 2626 Thesis
830 2560 967 2625 XXXV.

225 2646 335 2720 Quas
365 2647 544 2710 haetenus
577 2650 744 2731 explicui
776 2671 908 2714 causas
942 2651 1151 2713 futurorum
1184 2656 1391 2723 eventuum,
1430 2648 1502 2712 illae

138 2736 196 2802 etsi
217 2737 353 2800 multum
376 2737 495 2817 quidem
518 2737 686 2802 divinitatis
710 2741 833 2816 habent,
857 2758 961 2804 omues
983 2747 1086 2802 tamen
1109 2739 1255 2802 materiae
1270 2745 1408 2800 naturam
1427 2755 1502 2817 pro-

141 2827 206 2906 pius
235 2823 417 2900 imitantur,
449 2845 538 2908 quam
569 2846 645 2909 qnae
674 2829 738 2909 jam
770 2836 942 2910 aequentur.
989 2828 1070 2891 Nam
1103 2828 1235 2908 ipsarum
1265 2825 1374 2905 egsum
1397 2825 1502 2888 modus

145 2917 173 2978 in
196 2915 313 2978 effluxu
346 2915 475 2995 quodam
505 2915 580 2980 lucis
610 2918 752 2980 consistit
774 2937 867 2998 usque
891 2917 1029 2980 adhaec
1053 2917 1226 2980 sublunaria
1251 2933 1377 2993 corpora
1400 2915 1502 2976 cond-

146 3012 269 3068 onatae:
297 3003 349 3085 qui
374 3003 512 3082 effluxus,
538 3007 673 3087 quamvis
697 3007 762 3070 sine
785 3006 914 3090 materia
941 3013 974 3068 et
997 3014 1131 3086 tempore
1154 3012 1211 3080 est,
1245 3009 1429 3066 nontamen
1453 3009 1510 3064 est‘
1593 3009 1597 3020 ¹

144 3092 207 3156 sine
235 3093 444 3173 quantitatum
467 3093 710 3158 dimensionibus.
756 3096 808 3158 Fit
838 3095 917 3158 enim
940 3113 995 3175 per
1022 3095 1132 3156 lineam
1159 3101 1291 3165 rectam,
1326 3099 1503 3154 attenuatur

143 3201 208 3246 cum
237 3181 392 3244 distantia
420 3183 575 3259 asidera,
610 3185 722 3247 crescit
754 3185 803 3247 vel
832 3183 982 3246 decrescit
1013 3203 1081 3246 cum
1109 3183 1177 3263 ipsa
1206 3181 1334 3246 lucentis
1361 3181 1504 3260 planetae

143 3269 233 3344 lucie,
258 3270 425 3352 impeditur
447 3272 568 3352 objectu
591 3273 724 3352 corporis
748 3274 849 3355 opaci,
875 3281 907 3335 et
929 3272 1077 3348 vicissim,
1101 3272 1204 3353 posita
1226 3270 1335 3334 sideris
1359 3276 1503 3349 aspecta-

142 3359 193 3423 bili
215 3360 423 3442 praestautia,
447 3360 586 3424 continue
608 3362 740 3441 ponitur.
786 3364 852 3426 Nec
875 3362 907 3424 id
929 3368 1048 3424 tantum
1071 3362 1102 3424 in
1126 3379 1184 3424 uno
1208 3359 1369 3424 eteoclem
1393 3358 1503 3434 sidere,

141 3449 193 3511 sed
219 3450 318 3512 etiam
346 3447 377 3510 in
400 3451 624 3530 comparatione
653 3451 839 3516 diversorum
863 3451 956 3514 habet
979 3452 1093 3514 locum:
1123 3458 1158 3514 ut
1188 3449 1258 3531 quia
1282 3446 1337 3512 Sol
1361 3455 1394 3510 et
1415 3448 1505 3512 Ituna

141 3547 209 3600 sunt
233 3544 367 3620 aspectu
390 3538 526 3615 maximi,
560 3540 590 3600 in
614 3539 675 3602 illis
699 3558 814 3621 queque
844 3540 1090 3604 evidentissimae
1114 3548 1185 3602 sunt
1211 3541 1269 3602 bae
1292 3537 1438 3600 virtutes:
1472 3537 1503 3598 in

141 3628 262 3704 ceteris,
289 3646 417 3708 quarum
441 3627 589 3691 diameter
612 3647 680 3690 cum
703 3627 784 3692 Solis
808 3638 840 3692 et
863 3631 969 3693 Lunae
991 3629 1145 3694 diametris
1170 3627 1319 3709 inparve
1342 3644 1502 3706 compara·

26 3761 29 3772 .
140 3715 220 3780 tione
245 3725 307 3792 est,
333 3715 494 3778 admodum
513 3716 624 3790 exiles,
649 3717 783 3800 adeoque
807 3719 859 3782 vix
882 3738 918 3782 ac
942 3738 979 3781 ne
1002 3718 1054 3782 vix
1076 3718 1197 3799 quidem
1219 3715 1391 3780 sensibiles.
1434 3714 1503 3778 Ita-

141 3823 196 3886 que
220 3805 319 3870 etiam
343 3804 383 3868 ab
406 3806 626 3885 astroloqomm
655 3808 744 3869 turba
766 3801 960 3890 [variationes
997 3807 1104 3870 barum
1127 3807 1319 3870 affectionum
1342 3803 1506 3868 secundum

139 3893 236 3960 dictos
261 3895 374 3958 modos
398 3894 459 3958 lere
483 3895 684 3976 negliguntur.

670 3982 804 4046 Tbesis
827 3983 979 4048 XXXVI.

226 4071 378 4154 Sequitur
393 4090 463 4154 ergo
487 4072 549 4134 alia
571 4092 673 4151 causa,
700 4092 775 4156 quae
799 4091 902 4136 ornnes
916 4073 1057 4152 planetas
1077 4070 1246 4153 aequaliter
1264 4071 1391 4145 attinet;
1416 4071 1506 4151 longe

139 4180 228 4244 qnam
251 4161 342 4244 prior
365 4161 420 4224 illa
442 4161 579 4234 nobilior,
605 4182 740 4244 quaeque
755 4163 849 4226 multo
864 4163 933 4243 plus
948 4161 1156 4224 admirationis
1181 4160 1284 4222 babet.
1332 4161 1410 4224 Nem
1430 4161 1506 4222 haec

139 4249 211 4316 nihil
234 4250 437 4316 materiatum
459 4250 556 4332 sapit,
587 4252 642 4314 sed
671 4251 785 4316 formae
813 4251 962 4316 rationem
985 4251 1092 4326 habet,
1123 4269 1179 4312 nec
1208 4250 1322 4312 formae
1346 4249 1504 4329 simplicis,

138 4340 194 4402 sed
217 4341 364 4404 aalmalis
388 4340 555 4416 facultatis,
581 4342 635 4404 sed
657 4339 886 4413 intellectionis,
910 4340 966 4402 sed
990 4341 1175 4419 geometriae
1199 4338 1392 4418 cognitionis.
1435 4337 1504 4398 Non

139 4429 218 4492 enim
241 4429 337 4494 lIneis
362 4431 455 4494 rectis
479 4449 517 4491 ex
540 4428 689 4493 sideribus
713 4430 840 4512 singulis
862 4431 1008 4494 vlrtntem
1031 4409 1123 4500 elicit,
1147 4430 1202 4490 sed
1217 4428 1354 4491 binorum
1372 4426 1505 4488 siderum

47 4523 51 4532 '
139 4527 289 4582 coeuntes
316 4518 346 4581 in
372 4519 466 4580 Terra
488 4518 592 4582 radios
617 4519 769 4590 aestimat,
794 4519 976 4601 geometrice
992 4518 1127 4592 coierint,
1154 4515 1505 4596 caeterorummetum

138 4606 205 4687 ipsa
228 4606 355 4671 silentis
378 4608 483 4670 Lunae
508 4606 595 4682 facie,
621 4609 739 4689 quaudo
763 4608 836 4672 nulli
860 4609 899 4671 ad
919 4609 1044 4670 Terram
1067 4607 1254 4669 descendunt
1271 4603 1357 4676 radii,
1383 4599 1502 4664 exstin-

138 4697 250 4776 guitur,
278 4696 338 4759 sed
361 4696 477 4759 radium
492 4704 564 4759 tunc
583 4697 817 4760 descendentem
831 4697 1030 4779 Imaginatur3
1055 4715 1113 4757 nou
1129 4693 1299 4775 impeditur,
1325 4708 1391 4750 cum
1406 4688 1502 4750 Terra

137 4803 191 4848 uos
214 4786 299 4852 inter
331 4792 373 4848 et·
387 4787 494 4850 stellas
518 4785 735 4869 interponitur,
764 4787 820 4852 sed
850 4786 929 4852 intra
956 4787 1090 4850 latentes
1117 4802 1211 4865 supra
1238 4780 1330 4844 etiam
1353 4793 1498 4858 operosas
