3718 5520
689 293 810 346 derebus
827 295 989 380 umolafllclt
1454 251 1519 360 3ὁὸ
1579 255 1586 266 ¹
1639 295 1641 298 ’

162 451 297 527 allectus,
322 452 452 515 tristitia
466 452 581 527 cordis;
606 461 637 515 ει
650 461 748 516 metus
763 462 820 530 εει,
845 473 882 516 ne
898 455 1056 518 adolescat
1069 454 1122 515 illa
1136 454 1165 515 in
1181 453 1372 516 crocodilum.
1421 451 1519 516 Deum

163 555 263 613 exora,
290 551 325 602 ut
349 549 379 602 te
403 549 526 604 tueatur
549 542 588 604 ab
611 543 726 605 artibus
750 541 895 618 Satanae,
921 543 972 624 qui
993 543 1112 606 vitiosis
1136 542 1306 604 humoribus
1331 541 1410 603 solet
1434 541 1520 604 abuti

164 635 196 690 et
218 629 393 707 hujusmodi
417 629 565 694 bestiolas
588 631 700 706 lovers,
724 631 751 693 si
774 633 852 694 forte
875 650 930 712 per
952 651 1005 694 eas
1028 629 1162 694 taedium
1176 631 1258 692 vitae
1280 630 1429 692 instillare
1443 647 1519 708 pos-

159 717 202 778 sit
218 717 269 796 pio
294 726 328 780 et
351 719 465 782 afflicto
488 718 611 799 homipi.
658 719 755 794 Scito,
779 722 907 783 eandem
929 720 1101 792 bestiolam,
1124 720 1156 782 id
1179 726 1229 780 εει
1254 719 1391 781 rosiones
1414 719 1518 781 orificii

162 806 324 880 ventriculi
357 815 458 868 etms
482 807 583 870 lovere
603 808 748 889 jejunum,
773 829 848 890 quas
863 809 968 874 crebro
993 809 1080 890 ejicio
1104 807 1278 872 eructando.
1324 805 1400 870 Sum
1419 815 1520 870 autem

163 902 278 974 elego
303 895 550 959 melancholicus.
596 896 763 978 Ocnjugam
781 898 861 961 inter
884 905 970 962 astra
991 917 1050 961 non
1073 897 1228 971 invenies3
1252 897 1347 958 Terra
1363 897 1445 977 parit
1462 895 1518 956 hoc
1638 899 1648 918 ⁰

161 1001 258 1064 genus
283 983 433 1046 animalis.
479 983 614 1048 Fortuna
637 989 756 1066 generis
780 996 828 1050 est
851 987 1040 1050 vocabulum.
1086 986 1146 1049 illa
1167 984 1349 1049 naturaliter
1378 1003 1437 1046 non
1460 984 1519 1046 nisi

161 1072 259 1136 tribus
284 1073 332 1134 his
355 1073 481 1135 maculis
506 1095 526 1134 a
548 1076 633 1136 coelo
657 1083 706 1137 est
731 1095 825 1138 nexa:
851 1075 962 1150 animi,
995 1075 1129 1157 corporis
1153 1075 1289 1156 gratioso
1313 1073 1430 1146 habitu,
1462 1091 1519 1154 quc

164 1160 358 1224 fascinentur
379 1161 416 1234 ii,
448 1179 541 1242 penes
565 1183 640 1243 quos
663 1172 712 1226 est
733 1173 872 1244 potestas
900 1163 1063 1245 ampliandi
1085 1172 1170 1226 tuam
1193 1165 1359 1236 fortunam,
1393 1161 1518 1242 denique

161 1250 250 1330 genio
282 1249 418 1312 tutelari.
465 1250 508 1313 Et
536 1253 606 1331 quia
635 1253 753 1315 animus
776 1254 831 1316 tibi
854 1253 1034 1318 naturaliter
1064 1262 1113 1316 εει
1140 1251 1310 1328 subtristis,
1344 1258 1519 1312 contemnes

161 1338 266 1400 omnia
284 1337 386 1400 media
410 1339 548 1402 iortrmae
572 1341 812 1421 amplificandae,
837 1362 913 1423 quae
938 1343 990 1404 alii
1012 1342 1142 1423 probant
1164 1349 1195 1403 ει
1210 1347 1434 1404 consectantur.
1471 1339 1519 1401 De

160 1427 271 1489 habitu
296 1427 431 1508 corporis
448 1427 514 1508 ipse
533 1429 648 1510 judica.
697 1430 731 1494 Si
762 1451 891 1511 namque
914 1451 962 1493 me
981 1451 1039 1493 non
1064 1451 1097 1492 es
1120 1429 1323 1509 corpulentior
1345 1437 1377 1490 ει
1399 1427 1520 1508 gravior

161 1517 257 1592 vultu,
284 1534 436 1597 nunquam
459 1518 514 1578 lies
537 1520 651 1582 consul.
698 1521 733 1581 Iu
757 1539 867 1600 genere
891 1539 975 1582 erras
999 1539 1065 1581 cum
1088 1519 1221 1582 maxima
1234 1519 1390 1580 doctorum
1413 1517 1519 1580 multi-

161 1605 278 1680 tudine,
304 1605 492 1681 existimans,
516 1627 536 1668 a
558 1608 643 1669 coelo
667 1609 758 1671 linere
782 1628 881 1670 rerum
905 1615 1041 1670 eventus.
1087 1608 1168 1692 Illud
1190 1625 1262 1668 vero
1285 1606 1375 1686 plane
1398 1613 1520 1686 praeter

162 1695 264 1756 lucem
286 1694 328 1754 ad
351 1712 406 1756 nos
430 1694 503 1755 nihil
527 1696 675 1771 demittit3
708 1697 809 1759 anima
832 1699 900 1770 (seu
923 1696 1023 1777 potius
1047 1697 1126 1771 vita)
1150 1704 1214 1772 εει,
1248 1713 1339 1775 quae,
1372 1702 1517 1757 nascente

162 1781 293 1858 homine,
320 1781 419 1845 influit
440 1782 470 1844 iu
493 1783 572 1847 hauc
596 1785 681 1866 qnasi
705 1786 831 1848 formam
855 1786 1007 1849 radiorum
1031 1785 1213 1861 sideralium,
1237 1785 1282 1846 sic
1304 1785 1354 1845 vel
1377 1784 1420 1846 sic
1445 1801 1519 1845 con-

161 1873 363 1952 figuratorum
398 1871 428 1934 in
459 1880 570 1952 puncto
598 1875 753 1937 nascentis
786 1875 926 1938 hominis.
971 1873 1006 1936 Si
1034 1873 1229 1953 configuratio
1261 1881 1310 1934 est
1335 1872 1519 1946 harmonica,

159 1961 322 2041 pulchram
346 1960 473 2024 formam
496 1963 683 2026 nanciscitur
706 1965 824 2028 animus
847 1963 897 2028 vel
920 1963 1059 2026 animalis
1085 1963 1226 2038 facultas,
1252 1979 1376 2043 eamque
1395 1962 1518 2033 retinet,

161 2069 251 2131 quam
276 2050 330 2112 diu
354 2059 404 2112 est
425 2050 456 2112 in
480 2069 615 2132 corpore,
639 2052 770 2114 fabricat
792 2052 884 2133 igitur
898 2061 931 2114 ει
944 2052 1100 2134 pulchrum
1119 2052 1176 2114 sibi
1196 2050 1387 2126 domicilium,
1411 2051 1521 2130 figurat

159 2139 285 2214 vultum,
311 2145 348 2199 ut
370 2159 464 2202 causa
486 2141 652 2220 adjuvans3
677 2141 784 2223 quibus
808 2142 923 2204 duobus
938 2142 1043 2204 fulcris
1058 2140 1120 2202 dixi
1140 2140 1196 2203 niti
1213 2140 1342 2203 hominis
1357 2140 1518 2214 fortunam,

160 2228 242 2308 qnod
265 2228 464 2308 praecipuam
486 2229 552 2309 ejus
576 2230 778 2294 conditionem
809 2231 932 2293 attinet.
977 2230 1058 2294 Nam
1085 2238 1211 2292 eventus
1244 2229 1456 2310 particulares,
1490 2229 1521 2288 in

162 2317 273 2396 quibus
299 2315 356 2378 illa
378 2317 546 2380 consistere
569 2319 698 2394 videtur,
723 2327 795 2382 sunt
816 2319 846 2382 in
870 2325 1024 2400 potestate
1047 2318 1120 2391 Dei,
1154 2327 1186 2381 et
1215 2318 1281 2397 ejus
1314 2317 1464 2399 permissu
1491 2317 1521 2378 in

159 2412 323 2486 potestate
346 2405 427 2486 genii
449 2405 599 2477 tutelaris,
624 2416 655 2470 et
678 2407 822 2470 divinitus
845 2409 1060 2490 gubernantur.
1105 2407 1233 2469 Animus
1256 2425 1343 2479 vero,
1366 2414 1455 2486 prout
1473 2414 1522 2466 est

163 2501 374 2575 comparatus,
399 2493 444 2558 ita
466 2493 504 2557 iis
529 2496 613 2558 novit
636 2495 689 2572 nti,
715 2505 747 2559 et
770 2497 849 2578 quod
871 2497 950 2559 male
974 2495 1093 2572 cecidit,
1118 2497 1221 2572 lenire,
1247 2503 1299 2556 aut
1327 2496 1420 2557 etiam
1443 2495 1521 2575 quod

164 2583 244 2646 bene
268 2583 393 2659 cecidit,
419 2601 510 2663 aegre
533 2585 690 2666 accipere,
725 2585 825 2666 inique
848 2586 995 2661 tolerare,
1020 2593 1052 2648 et
1075 2585 1119 2648 sic
1142 2603 1228 2648 suam
1251 2584 1320 2646 inde
1344 2583 1402 2646 sibi
1425 2583 1520 2644 labri-

162 2691 232 2734 care
254 2673 419 2736 loannem.
468 2671 598 2736 Genesis
626 2681 680 2736 tua
701 2675 822 2737 videtur
849 2674 905 2737 tibi
928 2695 965 2738 ex
989 2675 1118 2756 quadam
1141 2673 1242 2754 gratia
1263 2671 1365 2734 vultus
1398 2679 1431 2733 et
1453 2690 1520 2734 mo·

162 2781 236 2836 rum,
263 2768 322 2823 ant
344 2769 428 2824 certe
451 2779 490 2824 ex
513 2763 772 2826 commiseratione
797 2772 829 2826 ει
851 2763 1075 2828 existimatione
1088 2763 1213 2844 pietatis
1236 2760 1372 2841 polliceri
1388 2761 1521 2822 favorem

161 2851 329 2924 hominum,
352 2850 386 2912 id
409 2858 458 2913 est
479 2851 636 2930 pulchram
661 2852 829 2928 fortunam3
853 2853 931 2934 quia,
956 2860 990 2914 ut
1004 2852 1082 2914 male
1106 2852 1241 2914 habeant
1263 2849 1366 2924 ceteri,
1391 2855 1521 2910 atcerte

159 2938 282 3019 Jupiter
306 2937 338 3000 in
360 2939 459 3002 medio
484 2939 560 3002 coeli
584 2948 657 3017 stat,
683 2950 828 3022 quantum
850 2961 888 3003 ea
910 2941 968 3018 die,
993 2941 1053 3003 imo
1076 2960 1112 3004 eo
1128 2958 1215 3012 εεεε,
1239 2938 1404 3020 pervadere
1423 2935 1522 3016 potuit

162 3027 353 3103 altissimns3
376 3046 447 3090 nam
470 3030 677 3109 capricornum
700 3048 736 3092 eo
761 3051 839 3093 anno
863 3031 973 3105 tenuit,
1008 3030 1126 3109 signum
1149 3026 1358 3090 humillimum.
1404 3023 1521 3104 Estque

161 3117 368 3198 configuratus
393 3117 506 3179 Veneri
530 3117 696 3199 triangulos
724 3119 879 3182 invenient
902 3119 994 3200 igitur
1016 3118 1046 3180 in
1070 3126 1101 3180 te
1126 3115 1254 3179 feminae
1282 3115 1361 3196 quod
1387 3114 1519 3194 placeat,
1603 3189 1606 3194 1

160 3207 237 3269 unde
262 3205 410 3286 conjicio,
443 3206 555 3269 habere
587 3215 619 3269 te
645 3225 737 3288 posse
770 3209 901 3290 aliquam
929 3207 1081 3288 optionem
1110 3207 1189 3269 inter
1212 3206 1309 3267 lectas
1332 3201 1465 3282 virgines
1489 3209 1521 3263 et

160 3303 330 3370 matronas,
355 3295 458 3374 itaque
482 3291 625 3379 possibile
650 3313 728 3372 esse,
752 3305 787 3359 ut
810 3297 884 3360 felix
906 3295 1093 3359 nanciscaris
1116 3293 1296 3375 conjugium.
1342 3293 1387 3353 At
1415 3298 1521 3353 contra

161 3382 214 3446 Sol
236 3385 340 3446 habet
362 3381 527 3446 Saturnum
551 3393 777 3448 antecessorem
800 3386 830 3449 in
846 3385 948 3450 sextili
961 3386 1082 3461 Martis,
1107 3383 1184 3446 unde
1203 3381 1342 3463 conjicio,
1366 3387 1397 3441 ιε
1412 3381 1522 3441 nemini

160 3474 257 3535 minus
277 3473 414 3553 placere,
439 3491 527 3552 qnam
542 3472 679 3554 tibiipsi,
705 3475 783 3536 unde
798 3475 956 3550 timiditas,
983 3475 1083 3538 vultus
1098 3472 1249 3548 demissio,
1274 3479 1308 3532 ει
1322 3489 1381 3532 nou
1396 3469 1520 3543 audeas,

161 3562 229 3638 etsi,
254 3561 379 3643 quando
402 3561 510 3638 audes,
534 3562 662 3625 tristitia
685 3563 803 3626 oculum
826 3571 952 3626 naturae
976 3563 1165 3637 occaecavit,
1197 3569 1231 3624 ut
1253 3559 1413 3641 genuinam
1437 3565 1520 3619 tuam

161 3669 220 3713 non
244 3669 412 3731 agnoscas,
435 3651 465 3711 in
489 3669 619 3730 persona
642 3669 740 3714 erres:
765 3651 844 3733 quod
867 3652 893 3714 si
913 3653 1006 3715 semel
1020 3653 1173 3731 repulsam
1186 3649 1314 3732 patiaris
1338 3646 1432 3726 (quod
1451 3646 1520 3706 novi

161 3738 234 3803 nihil
256 3739 364 3815 babet,
389 3739 448 3800 nisi
471 3747 620 3819 quatenns
643 3740 859 3804 melancholico
883 3741 929 3802 ita
942 3742 1093 3814 videtur),
1112 3740 1177 3821 jam
1197 3757 1285 3820 porro
1300 3735 1433 3799 timidior
1447 3735 1519 3796 red-

163 3828 253 3905 ditus,
279 3827 461 3908 desperabis
485 3830 648 3891 secundam
671 3830 863 3910 interpellare
887 3830 976 3911 paulo
1001 3827 1211 3910 splendidioris
1231 3827 1379 3889 iomunae.
1424 3824 1520 3903 Atqui

161 3915 330 3980 laxandum
353 3924 403 3978 est
424 3923 490 3979 rate
513 3917 621 3980 iterum
646 3926 736 3999 atque
759 3919 879 3993 iterum,
904 3918 963 3980 etsi
977 3937 1037 3980 una
1050 3925 1139 3980 nocte
1159 3917 1233 3979 nihil
1249 3913 1380 3994 ceperisz
1405 3913 1521 3974 animus

161 4006 361 4082 attollendus,
385 4006 537 4069 exuendus
561 4015 730 4070 contemtus
753 4007 805 4082 tui,
831 4007 902 4088 quia
924 4008 951 4070 is
974 4008 1103 4069 vitiosus
1126 4005 1156 4068 in
1180 4013 1211 4067 te
1235 4011 1292 4076 εει,
1315 4003 1405 4081 idque
1428 4001 1458 4062 in
1472 4000 1521 4062 his

163 4095 318 4170 externis3
347 4111 418 4156 nam
441 4095 479 4158 de
503 4096 621 4158 actione
650 4115 716 4159 cum
739 4095 805 4158 Deo
829 4097 894 4178 jam
923 4115 981 4157 non
1010 4097 1124 4175 loquor.
1171 4091 1311 4174 Inprimis
1344 4090 1519 4164 cavendum,

163 4202 199 4247 ne
221 4193 255 4248 ts
280 4201 369 4247 amor
392 4191 543 4260 occaecat,
568 4185 618 4266 qui
643 4184 722 4248 solet
745 4204 813 4248 esse
836 4185 865 4248 in
890 4183 1115 4248 melancholicis
1139 4181 1268 4251 delirus,
1293 4189 1325 4242 et
1348 4180 1397 4260 qui
1421 4178 1521 4241 sobrio

158 4273 272 4354 judicio
297 4273 338 4335 de
361 4273 500 4352 personis
523 4281 557 4334 et
580 4273 803 4336 conditionibus
832 4273 1045 4340 consectandis
1083 4280 1114 4334 et
1137 4271 1257 4353 optlbne
1288 4269 1428 4332 habenda
1450 4268 1520 4347 plu-

161 4363 267 4426 rimum
290 4371 415 4425 noceat.
461 4359 524 4424 Sed
545 4362 643 4438 video,
668 4371 787 4443 tempus
810 4363 921 4437 abisse,
947 4381 1003 4443 quo
1028 4362 1107 4425 solet
1130 4380 1213 4423 amor
1231 4377 1349 4422 nocere.
1395 4357 1522 4419 Interim

163 4451 283 4514 sextilis
307 4447 330 4528 ij
354 4458 387 4512 et
408 4457 449 4527 ὁ,
475 4447 515 4528 Θ
540 4469 608 4513 oum
630 4447 651 4532 ij
675 4452 810 4514 laborem
833 4459 864 4514 ει
888 4451 1077 4531 diligentiam
1095 4457 1212 4526 notant,
1237 4465 1313 4528 quae
1329 4453 1400 4509 sunt
1422 4443 1521 4505 media

164 4541 201 4603 ad
224 4541 369 4605 lammae
392 4540 539 4618 quendam
564 4559 745 4605 successum.
792 4543 819 4614 Ι)
845 4536 919 4618 adb
944 4541 1045 4604 veniet
1068 4540 1180 4603 aetatis
1199 4533 1251 4602 56.
1271 4535 1399 4608 circiter,
1425 4529 1465 4608 Θ
1482 4530 1521 4591 ad

162 4619 235 4699 [ld
259 4627 377 4692 aetatis
400 4625 470 4702 21„
493 4628 531 4690 ad
557 4626 619 4706 *b
644 4638 676 4693 et
698 4634 780 4702 Δό
803 4630 873 4692 anni
893 4625 944 4691 51.
970 4627 1012 4694 53
1021 4647 1030 4704 ;
1055 4629 1222 4713 ascendens
1246 4627 1284 4687 ad
1299 4615 1335 4688 [l
1351 4629 1376 4692 ὀ
1395 4616 1519 4692 811008,

164 4718 202 4780 ad
223 4713 297 4798 Al)
323 4725 357 4778 ει
378 4721 448 4786 *ε’
470 4735 497 4778 c.
522 4713 575 4782 29.
601 4715 644 4782 30
667 4719 791 4783 aetatis.
838 4717 900 4780 Sed
922 4717 971 4779 hic
1001 4719 1094 4782 horae
1118 4717 1268 4799 quadrans
1292 4711 1400 4773 vitiose
1428 4727 1519 4790 prae·

167 4805 276 4870 teritus
300 4801 325 4868 4
348 4823 444 4868 annos
466 4805 569 4870 efficit.
615 4807 657 4872 Hi
680 4809 800 4871 luerunt
823 4806 893 4869 anni
906 4805 1165 4887 periculosissimi.
1212 4803 1319 4884 Spero,
1344 4800 1374 4861 in
1389 4817 1521 4881 sequen-

213 4907 307 4964 ΒΜ
320 4908 392 4960 ΟΜ
404 4908 423 4952 l·
1275 4903 1309 4958 25
