3586 5518
295 207 359 278 168
404 221 412 254 ἰ
615 247 618 254 .
806 210 919 276 Myrtarli
937 205 1138 274 Gomographlcl

293 377 436 448 motuum,
462 389 551 452 quam
574 369 631 433 sihi
655 370 714 451 ipsi
737 389 813 434 uuus
837 370 962 454 quisque
980 369 1174 451 peculiariter
1192 369 1411 434 constituisset.
1448 369 1555 450 ltaque
1579 383 1654 448 opus

294 482 363 524 essa
387 460 554 524 attentione
578 466 610 521 et
633 459 781 522 industria
804 460 967 540 singulari,
999 468 1034 522 ut
1062 459 1168 540 quihus
1191 467 1245 523 aut
1272 459 1346 522 nihil
1373 466 1427 521 aut
1457 475 1564 537 parum
1597 457 1654 518 ad-

293 552 412 614 modum
436 547 535 628 opinio
559 547 763 612 observatoris
787 549 957 611 addidisset
985 549 1220 622 detraxissctve‚
1253 567 1306 610 eae
1335 569 1355 610 a
1377 547 1526 628 corruptis
1550 563 1655 608 aecer·
1766 554 1767 584 r

295 647 448 702 narentur.
485 636 656 700 Secundam
680 658 803 702 cansam
823 657 890 700 esse
915 638 1036 701 dicebat
1060 637 1191 700 siderum
1214 637 1409 700 inerrantium
1433 636 1501 698 loca
1523 655 1543 697 a
1564 642 1657 696 rete·
1767 669 1768 720 3

293 729 377 792 ribus
400 746 458 790 non
483 727 608 789 ulterius
633 745 722 806 quam
745 729 783 790 ad
808 735 965 790 sextantes
988 727 1119 809 partium
1142 727 1309 808 exquisita,
1338 734 1372 788 et
1394 725 1558 787 secundum
1581 723 1656 785 haec
1768 784 1769 796 ἶ

294 827 396 882 umen
418 814 578 897 praecipue
594 817 757 879 errantium
772 818 888 896 positus
904 817 970 897 capi
990 827 1147 898 oportere3
1170 835 1268 896 pauca
1291 815 1470 895 excipiebat,
1494 813 1524 876 in
1548 811 1657 893 quihus
1768 813 1769 818 ’

295 906 457 970 declinatio
481 905 590 966 sideris
614 905 652 968 ab
672 906 882 986 aequinoctiali
898 913 1045 968 annotata
1063 925 1127 967 rem
1145 905 1313 984 adjuvaret,
1337 904 1420 984 quod
1434 903 1471 965 de
1491 903 1548 964 hac
1572 901 1657 962 locus

296 997 362 1076 ipsc
387 994 495 1057 sideris
520 993 631 1056 certius
655 995 797 1058 constitui
816 996 883 1075 jam
907 1003 1020 1079 posset.
1058 995 1193 1056 Tertiam
1217 1013 1340 1056 causam
1358 993 1437 1055 hanc
1450 990 1655 1054 memorabat:

294 1085 363 1149 Non
388 1083 499 1146 habere
524 1103 578 1144 nos
601 1083 681 1146 tales
705 1092 855 1157 suctores,
880 1085 984 1166 quales
999 1083 1191 1146 Ptolemaeus
1206 1082 1365 1146 habuisset
1382 1079 1657 1163 postBabylonioa

294 1183 327 1236 et
350 1172 540 1247 Chaldaeos,
569 1171 624 1233 illa
646 1173 758 1236 lumina
781 1174 876 1250 artis,
904 1173 1127 1254 Hipparchum,
1162 1171 1389 1246 limocharem,
1422 1171 1595 1232 Menelaum
1626 1176 1658 1230 et

285 1259 422 1345 sceterata,
448 1279 572 1340 quorum
596 1270 628 1323 et
650 1281 705 1323 nos
729 1262 991 1325 observationibus
1016 1281 1052 1324 ac
1074 1262 1246 1342 praeceptis
1269 1261 1325 1323 niti
1349 1280 1385 1322 ac
1408 1259 1558 1322 confidere
1582 1275 1656 1337 pos-

295 1352 398 1414 simus.
451 1349 492 1413 Se
526 1351 644 1430 quidem
672 1351 761 1414 malle
795 1351 824 1414 in
857 1352 895 1413 iis
927 1352 1136 1432 acquiescere,
1173 1369 1296 1432 quorum
1328 1350 1490 1412 veritatem
1522 1345 1658 1428 proliteri

294 1448 410 1522 posset,
436 1459 524 1520 quam
548 1439 576 1501 in
602 1441 807 1520 ambiguorum
831 1441 922 1503 dubia
945 1441 1114 1503 subtilitate
1136 1447 1290 1501 ostentare
1313 1438 1426 1519 ingenii
1450 1437 1654 1500 acrimoniam.

294 1528 385 1592 Haud
408 1529 528 1610 quidem
552 1529 670 1608 longius
695 1537 791 1604 certe,
821 1531 870 1592 vel
894 1529 985 1592 etiam
1008 1529 1130 1610 propius
1155 1528 1273 1590 omnino
1297 1527 1455 1590 abluturus
1480 1545 1552 1589 suas
1576 1523 1657 1587 indi-

296 1619 434 1682 cationes
458 1624 598 1680 sextante
619 1626 672 1680 aut
693 1620 859 1700 quadrante
882 1620 979 1698 partis
1003 1619 1091 1682 unius
1115 1639 1134 1680 a
1155 1635 1248 1691 seror
1272 1617 1355 1697 cujus
1379 1617 1516 1678 delectus
1540 1623 1658 1676 tantum

297 1708 406 1771 abesse
429 1715 464 1769 ut
486 1725 519 1768 se
542 1707 715 1787 poeniteat,
744 1716 779 1770 ut
805 1725 984 1788 magnopere
1014 1709 1163 1782 laetetur,
1197 1708 1253 1769 huo
1277 1724 1370 1786 usque
1395 1705 1485 1785 longo
1509 1713 1657 1784 tempore,

294 1797 411 1878 ingenti
436 1796 560 1866 labore,
585 1797 716 1858 maxima
740 1797 1071 1872 contentiosa-studio
1096 1803 1128 1858 et
1149 1795 1299 1860 industria
1321 1794 1466 1874 singulari
1494 1794 1659 1875 procedere

295 1886 442 1968 potuisse.
481 1885 661 1948 Mercurium
686 1885 813 1966 quidem,
840 1887 926 1967 quasi
950 1887 1114 1949 secundum
1137 1885 1327 1966 proverbium
1343 1881 1539 1952 Graecorum,
1563 1884 1659 1946 relin-

296 1976 409 2056 quebat
427 1975 457 2037 in
473 1973 570 2036 medio
586 1993 787 2050 communem3
812 1977 891 2056 qnod
911 1976 947 2038 de
971 1975 1023 2038 illo
1047 1995 1143 2056 neque
1169 1994 1222 2037 suo
1247 1973 1348 2036 studio
1372 1973 1566 2036 observatum
1591 1993 1660 2036 esse

295 2065 418 2139 diceret,
444 2081 540 2144 neque
565 2063 602 2125 ab
626 2063 695 2126 aliis
719 2084 751 2126 aa
776 2065 940 2144 accepisse,
966 2083 1023 2146 qno
1046 2082 1229 2144 magnopere
1249 2062 1385 2142 adjuvari
1410 2070 1464 2124 aut
1486 2063 1566 2143 quod
1591 2081 1660 2125 om·

297 2149 366 2215 nino
389 2153 516 2233 probare
540 2160 656 2231 posset.
695 2153 745 2214 Me
770 2153 890 2234 quidem
913 2154 1007 2216 multa
1027 2171 1161 2230 monens,
1187 2151 1361 2232 subjiciens,
1385 2152 1585 2232 praecipiens,
1611 2152 1660 2214 in-

296 2243 400 2321 primis
424 2240 612 2316 hortabatur,
638 2249 671 2303 ut
694 2243 851 2304 stellarum
874 2242 1068 2305 inerrantium
1087 2242 1292 2310 observationi
1311 2259 1434 2320 operam
1450 2242 1564 2314 darem,
1588 2241 1661 2304 illa·

296 2349 360 2394 rum
383 2330 587 2410 potissimum,
613 2347 688 2410 quae
712 2331 741 2392 in
767 2331 911 2411 sigoiiero
935 2338 1098 2412 apparent,
1130 2330 1209 2412 quod
1233 2349 1300 2392 curn
1324 2329 1371 2392 his
1395 2330 1561 2392 errantium
1584 2349 1662 2392 con·

267 2463 270 2476 .
297 2439 420 2500 gressus
444 2419 542 2484 notari
570 2427 712 2498 possent,
744 2421 824 2482 etc.“
871 2421 1028 2484 Hactenus
1057 2439 1093 2483 ex
1123 2421 1254 2500 epistola
1276 2418 1399 2482 Rhetici
1427 2439 1481 2493 ea,
1516 2437 1593 2500 quae
1623 2419 1663 2480 ad

297 2528 359 2572 rem
383 2508 475 2573 inire.
523 2506 603 2580 uuio
626 2510 765 2590 tojam,
798 2509 893 2572 amice
922 2511 1035 2584 lectar,
1068 2511 1105 2572 de
1130 2506 1298 2589 Copernico
1328 2509 1445 2570 sentis?
1483 2507 1517 2570 Si
1542 2509 1580 2570 de
1604 2509 1662 2570 hoe

298 2599 418 2677 negotio
442 2597 551 2660 luisset
573 2599 704 2661 monitus
728 2606 820 2679 atqua
846 2598 1110 2679 deprehendisset,
1136 2617 1225 2680 quam
1247 2616 1341 2679 prope
1366 2597 1447 2660 absit
1471 2598 1509 2660 ab
1534 2617 1570 2660 eo
1593 2617 1684 2666 curn,

298 2686 362 2750 suis
385 2687 562 2762 rationibus,
589 2687 658 2768 quid
682 2691 780 2769 putas
795 2706 852 2750 non
877 2696 1050 2750 tentatnms
1074 2688 1197 2762 fuisset,
1224 2705 1310 2768 quem
1334 2686 1469 2750 laborem
1491 2707 1551 2748 non
1576 2707 1663 2750 surn-

298 2776 400 2850 sisset,
425 2783 459 2838 ut
483 2794 609 2855 corpora
632 2796 699 2838 cnm
722 2777 785 2839 suis
809 2776 932 2840 orbibus
956 2774 1155 2840 conciliaret?
1196 2776 1298 2858 Atque
1321 2776 1379 2838 hoe
1403 2776 1429 2838 ei
1452 2777 1586 2850 daretur,
1612 2777 1664 2857 qui

297 2883 479 2938 consensus,
509 2883 585 2945 quae
613 2865 760 2945 perfectio
784 2885 841 2928 non
866 2867 1016 2947 speranda
1039 2866 1146 2929 esset?
1192 2863 1262 2937 Qua
1285 2864 1314 2926 in
1339 2885 1370 2927 ra
1395 2865 1473 2945 quid,
1494 2865 1560 2942 alii,
1591 2865 1663 2946 quid

297 2955 362 3036 ipse
386 2953 567 3017 Maestlinns
596 2955 772 3037 aliquando,
805 2955 927 3017 favente
950 2955 1031 3025 Deo,
1061 2954 1263 3036 praestituros
1292 2954 1349 3030 sit,
1378 2961 1498 3034 tempos
1529 2955 1661 3018 docebit

298 3044 421 3106 interea
443 3044 546 3112 nolim,
572 3044 638 3124 quis
662 3053 774 3108 temere
798 3051 905 3106 contra
923 3063 970 3107 me
984 3045 1172 3124 pronunciet,
1197 3051 1228 3105 et
1252 3063 1347 3124 aequo
1372 3043 1472 3105 animo
1497 3043 1575 3106 hano
1598 3045 1663 3106 litis

299 3132 475 3195 dilationem
500 3133 588 3196 ierat.

649 3319 693 3382 IN
718 3318 859 3384 CAPUT
882 3317 1080 3384 DECIMUM
1104 3316 1315 3383 ocrAvuu

824 3443 938 3496 aaran
957 3443 1135 3496 sucroms.

380 3545 411 3621 a)
432 3549 493 3606 Etsi
514 3565 609 3606 rerum
629 3557 681 3616 est,
703 3551 864 3608 Pmtenicas
885 3570 1010 3624 peccare,
1033 3570 1093 3609 cum
1114 3551 1199 3617 aliis,
1222 3560 1280 3608 tum
1300 3553 1385 3607 etiam
1405 3551 1434 3606 in
1454 3553 1663 3624 prosthaphae·

300 3631 406 3688 resibus
428 3629 501 3686 orbis
523 3631 621 3696 annui,
649 3631 792 3700 potissima
812 3639 905 3690 tamen
926 3650 1012 3689 eausa
1036 3652 1091 3688 non
1111 3634 1195 3704 hujus
1216 3639 1326 3690 tautum
1346 3633 1394 3697 rei,
1420 3635 1492 3703 quod
1512 3631 1663 3688 intervalla

301 3713 407 3768 urbium
425 3729 480 3765 non
501 3719 601 3766 exacte
623 3713 760 3783 quadrant
789 3717 822 3768 ad
851 3714 1043 3786 proportiones
1065 3715 1183 3786 quinque
1207 3731 1350 3784 corporum
1379 3713 1582 3786 geometricas,
1615 3714 1663 3768 sed

215 3849 218 3853 .
301 3793 385 3848 etiam
405 3792 476 3846 alius
497 3793 609 3862 majoris
630 3792 683 3857 rei,
716 3796 786 3864 quod
808 3794 913 3851 scilicet
942 3795 1092 3865 planetarii
1113 3797 1193 3850 orbes
1219 3795 1328 3849 hahent
1348 3800 1443 3848 tantas
1465 3792 1570 3864 singuli
1592 3801 1662 3848 tam·

300 3891 354 3945 que
375 3872 531 3927 differentes
553 3871 789 3938 eccentrioitates,
821 3875 964 3947 utriusque
985 3875 1096 3946 inquam
1120 3875 1161 3929 rei
1183 3892 1270 3931 causa
1290 3881 1334 3928 est
1354 3873 1382 3927 in
1404 3875 1663 3945 archetypo'exor-

301 3953 419 4009 nationis
440 3959 561 4008 motuum
582 3954 728 4007 secundum
748 3955 870 4010 rationes
891 3956 1080 4012 harmonicas:
1102 3956 1150 4011 ubi
1172 3973 1231 4011 cum
1248 3971 1302 4010 non
1323 3961 1438 4025 possent
1458 3961 1581 4009 exactae
1601 3971 1664 4024 pro·

302 4033 442 4105 portiones
462 4033 596 4105 figurales
619 4040 694 4087 stare
711 4033 799 4103 juxte
820 4037 1012 4108 proportiones
1033 4035 1215 4100 harmonicus,
1237 4052 1351 4092 necesse
1372 4035 1426 4089 luit
1439 4034 1505 4098 illis,
1527 4041 1561 4089 ut
1574 4035 1664 4107 magia

302 4117 337 4170 ad
358 4114 481 4169 rationes
502 4115 636 4169 materiae
657 4113 875 4182 declinantibus,
907 4117 1037 4190 derogari
1057 4133 1155 4187 parurn
1176 4117 1291 4188 aliquid,
1324 4121 1355 4170 nt
1382 4115 1577 4186 proportiones
1602 4116 1665 4170 har·

302 4195 425 4250 monicae
451 4194 539 4264 juxta
566 4197 654 4249 locum
684 4195 834 4261 haherent,
865 4198 931 4252 illae
952 4198 1059 4269 quidem
1088 4198 1115 4252 in
1137 4196 1235 4268 spatiis
1266 4197 1370 4260 mundi,
1401 4195 1474 4250 istae
1494 4212 1563 4251 rere
1594 4197 1666 4250 inter

303 4281 393 4331 motus
422 4291 474 4345 per
501 4275 603 4346 spatia.
646 4276 715 4330 Vide
742 4277 814 4337 huno
843 4285 970 4334 ornatum
1000 4277 1216 4340 ornatissimum,
1246 4277 1294 4332 lib.
1316 4277 1350 4330 V.
1383 4277 1515 4332 Hormou.
1548 4293 1611 4348 cap.
1639 4275 1665 4330 9.

303 4373 382 4428 prop.
405 4371 423 4409 a
443 4355 491 4409 46.
513 4355 540 4410 in
562 4355 610 4411 49.
634 4357 669 4410 ad
689 4357 810 4427 longum.

384 4433 414 4501 h)
436 4436 492 4490 Imo
513 4435 541 4489 in
554 4435 646 4490 Marte
669 4441 735 4500 tres,
759 4436 786 4490 in
809 4439 916 4491 Venere
941 4438 1059 4509 quinque
1083 4441 1187 4510 gradus
1211 4436 1239 4491 in
1263 4446 1459 4500 transversum,
1482 4437 1510 4492 in
1529 4435 1666 4491 Mercurio

308 4519 343 4572 10
366 4517 411 4570 rel
440 4517 471 4570 ll
489 4518 594 4587 gradus
618 4513 652 4582 (si
675 4516 758 4570 etiam
773 4518 806 4571 de
821 4517 853 4571 iis
870 4517 944 4581 locis,
966 4519 1013 4573 ubi
1037 4520 1154 4589 planete
1173 4518 1218 4572 hic
1231 4517 1316 4572 rideri
1337 4517 1439 4588 nequit,
1464 4536 1499 4572 ex
1515 4515 1665 4586 hypothesi

305 4597 429 4652 theoriae
443 4595 572 4650 Mercurii
587 4613 606 4651 a
619 4614 662 4652 me
676 4596 828 4651 constituta
844 4597 908 4651 licet
922 4597 1027 4669 aliquid
1041 4593 1192 4664 affirmare)
1215 4598 1297 4652 certis
1312 4597 1417 4652 orbium
1433 4597 1500 4652 locis
1524 4598 1552 4651 in
1574 4613 1665 4650 errore

305 4682 370 4731 sunt
389 4679 463 4749 apud
483 4677 653 4732 Pretenicas.

386 4751 415 4824 c)
436 4757 539 4812 centra
556 4757 701 4827 planorum
723 4757 831 4830 figurae
846 4757 1067 4832 circumscriptae
1092 4767 1122 4813 et
1145 4760 1243 4833 anguli
1263 4761 1370 4836 ligurae
1385 4756 1536 4831 inscriptae
1550 4774 1604 4812 non
1618 4774 1665 4830 po·
