<?xml version="1.0" encoding="UTF-8"?>
<!DOCTYPE html PUBLIC "-//W3C//DTD XHTML 1.0 Transitional//EN"
    "http://www.w3.org/TR/xhtml1/DTD/xhtml1-transitional.dtd">
<html xmlns="http://www.w3.org/1999/xhtml" xml:lang="en" lang="en">
 <head>
  <title>
</title>
<meta http-equiv="Content-Type" content="text/html;charset=utf-8" />
  <meta name='ocr-system' content='tesseract 3.04.00' />
  <meta name='ocr-capabilities' content='ocr_page ocr_carea ocr_par ocr_line ocrx_word'/>
</head>
<body>
  <div class='ocr_page' id='page_1' title='image "./joanniskepleria22frisgoog_0298.png"; bbox 0 0 3628 5518; ppageno 0'>
   <div class='ocr_carea' id='block_1_1' title="bbox 717 275 1499 347">
    <p class='ocr_par' dir='ltr' id='par_1_1' title="bbox 717 275 1499 347">
     <span class='ocr_line' id='line_1_1' title="bbox 717 275 1499 347; baseline 0.006 -6"><span class='ocrx_word' id='word_1_1' title='bbox 717 283 806 328; x_wconf 69' lang='lat' dir='ltr'><strong>om</strong></span> <span class='ocrx_word' id='word_1_2' title='bbox 824 275 920 330; x_wconf 71' lang='lat' dir='ltr'><strong>oasa</strong></span> <span class='ocrx_word' id='word_1_3' title='bbox 1437 278 1499 347; x_wconf 79' lang='lat'><strong>27¹</strong></span> 
     </span>
    </p>
   </div>
   <div class='ocr_carea' id='block_1_2' title="bbox 124 433 1561 3982">
    <p class='ocr_par' dir='ltr' id='par_1_2' title="bbox 127 433 1501 2291">
     <span class='ocr_line' id='line_1_2' title="bbox 143 433 1501 515; baseline 0.004 -19"><span class='ocrx_word' id='word_1_4' title='bbox 143 435 210 514; x_wconf 88' lang='lat' dir='ltr'><strong>quin</strong></span> <span class='ocrx_word' id='word_1_5' title='bbox 234 433 262 496; x_wconf 91' lang='lat' dir='ltr'><strong>io</strong></span> <span class='ocrx_word' id='word_1_6' title='bbox 285 451 371 496; x_wconf 89' lang='lat' dir='ltr'><strong>suum</strong></span> <span class='ocrx_word' id='word_1_7' title='bbox 393 452 469 512; x_wconf 88' lang='lat' dir='ltr'><strong>opus</strong></span> <span class='ocrx_word' id='word_1_8' title='bbox 493 454 545 498; x_wconf 88' lang='lat' dir='ltr'><strong>eos</strong></span> <span class='ocrx_word' id='word_1_9' title='bbox 570 436 758 498; x_wconf 77' lang='lat' dir='ltr'><strong>transferret.</strong></span> <span class='ocrx_word' id='word_1_10' title='bbox 804 437 911 515; x_wconf 87' lang='lat' dir='ltr'><strong>Itaque</strong></span> <span class='ocrx_word' id='word_1_11' title='bbox 940 435 978 495; x_wconf 92' lang='lat' dir='ltr'><strong>de</strong></span> <span class='ocrx_word' id='word_1_12' title='bbox 997 453 1098 498; x_wconf 89' lang='lat' dir='ltr'><strong>eorum</strong></span> <span class='ocrx_word' id='word_1_13' title='bbox 1123 435 1277 498; x_wconf 71' lang='lat' dir='ltr'><strong>mutantia</strong></span> <span class='ocrx_word' id='word_1_14' title='bbox 1301 434 1402 500; x_wconf 86' lang='lat' dir='ltr'><strong>Solem</strong></span> <span class='ocrx_word' id='word_1_15' title='bbox 1427 458 1501 502; x_wconf 91' lang='lat' dir='ltr'><strong>cen-</strong></span> 
     </span>
     <span class='ocr_line' id='line_1_3' title="bbox 143 522 1501 607; baseline 0.004 -23"><span class='ocrx_word' id='word_1_16' title='bbox 143 535 218 584; x_wconf 90' lang='lat' dir='ltr'><strong>trum</strong></span> <span class='ocrx_word' id='word_1_17' title='bbox 246 522 317 584; x_wconf 85' lang='lat' dir='ltr'><strong>lecit</strong></span> <span class='ocrx_word' id='word_1_18' title='bbox 347 523 464 584; x_wconf 88' lang='lat' dir='ltr'><strong>orbium</strong></span> <span class='ocrx_word' id='word_1_19' title='bbox 494 523 622 586; x_wconf 89' lang='lat' dir='ltr'><strong>Veneris</strong></span> <span class='ocrx_word' id='word_1_20' title='bbox 651 534 683 586; x_wconf 88' lang='lat' dir='ltr'><strong>et</strong></span> <span class='ocrx_word' id='word_1_21' title='bbox 710 523 864 594; x_wconf 83' lang='lat' dir='ltr'><strong>Mercurii.</strong></span> <span class='ocrx_word' id='word_1_22' title='bbox 919 522 982 586; x_wconf 87' lang='lat' dir='ltr'><strong>Sed</strong></span> <span class='ocrx_word' id='word_1_23' title='bbox 1009 525 1120 598; x_wconf 90' lang='lat' dir='ltr'><strong>Ursus,</strong></span> <span class='ocrx_word' id='word_1_24' title='bbox 1155 524 1204 606; x_wconf 91' lang='lat' dir='ltr'><strong>qui</strong></span> <span class='ocrx_word' id='word_1_25' title='bbox 1235 525 1327 589; x_wconf 89' lang='lat' dir='ltr'><strong>Mart.</strong></span> <span class='ocrx_word' id='word_1_26' title='bbox 1355 524 1501 607; x_wconf 76' lang='lat' dir='ltr'>Capellae</span> 
     </span>
     <span class='ocr_line' id='line_1_4' title="bbox 141 609 1501 692; baseline 0.005 -20"><span class='ocrx_word' id='word_1_27' title='bbox 141 612 287 689; x_wconf 77' lang='lat' dir='ltr'><strong>dogmatis</strong></span> <span class='ocrx_word' id='word_1_28' title='bbox 310 611 453 674; x_wconf 78' lang='lat' dir='ltr'><strong>notitiam</strong></span> <span class='ocrx_word' id='word_1_29' title='bbox 477 613 526 674; x_wconf 92' lang='lat' dir='ltr'><strong>nni</strong></span> <span class='ocrx_word' id='word_1_30' title='bbox 551 609 717 692; x_wconf 89' lang='lat' dir='ltr'><strong>Copernico</strong></span> <span class='ocrx_word' id='word_1_31' title='bbox 741 621 900 692; x_wconf 78' lang='lat' dir='ltr'>acceptam</span> <span class='ocrx_word' id='word_1_32' title='bbox 924 613 996 687; x_wconf 87' lang='lat' dir='ltr'><strong>fert,</strong></span> <span class='ocrx_word' id='word_1_33' title='bbox 1032 621 1201 676; x_wconf 88' lang='lat' dir='ltr'><strong>ceterorum</strong></span> <span class='ocrx_word' id='word_1_34' title='bbox 1226 613 1408 678; x_wconf 78' lang='lat' dir='ltr'><strong>mentionem</strong></span> <span class='ocrx_word' id='word_1_35' title='bbox 1432 618 1501 679; x_wconf 83' lang='lat' dir='ltr'><strong>nul-</strong></span> 
     </span>
     <span class='ocr_line' id='line_1_5' title="bbox 141 699 1501 780; baseline 0.006 -20"><span class='ocrx_word' id='word_1_36' title='bbox 141 701 197 762; x_wconf 86' lang='lat' dir='ltr'><strong>lam</strong></span> <span class='ocrx_word' id='word_1_37' title='bbox 221 700 305 768; x_wconf 84' lang='lat' dir='ltr'><strong>iacit,</strong></span> <span class='ocrx_word' id='word_1_38' title='bbox 328 699 513 768; x_wconf 74' lang='lat' dir='ltr'><strong>Marcianum</strong></span> <span class='ocrx_word' id='word_1_39' title='bbox 529 700 655 780; x_wconf 89' lang='lat' dir='ltr'><strong>primum</strong></span> <span class='ocrx_word' id='word_1_40' title='bbox 675 709 829 764; x_wconf 81' lang='lat' dir='ltr'><strong>auctorem</strong></span> <span class='ocrx_word' id='word_1_41' title='bbox 845 700 1037 763; x_wconf 77' lang='lat' dir='ltr'><strong>existimans:</strong></span> <span class='ocrx_word' id='word_1_42' title='bbox 1063 720 1172 780; x_wconf 89' lang='lat' dir='ltr'><strong>magno</strong></span> <span class='ocrx_word' id='word_1_43' title='bbox 1188 701 1374 764; x_wconf 90' lang='lat' dir='ltr'><strong>incommodo</strong></span> <span class='ocrx_word' id='word_1_44' title='bbox 1390 723 1501 768; x_wconf 87' lang='lat' dir='ltr'><strong>causae</strong></span> 
     </span>
     <span class='ocr_line' id='line_1_6' title="bbox 139 785 1499 875; baseline 0.007 -27"><span class='ocrx_word' id='word_1_45' title='bbox 139 809 220 851; x_wconf 87' lang='lat' dir='ltr'><strong>snae.</strong></span> <span class='ocrx_word' id='word_1_46' title='bbox 266 785 420 858; x_wconf 81' lang='lat' dir='ltr'><strong>Quantum</strong></span> <span class='ocrx_word' id='word_1_47' title='bbox 449 789 530 852; x_wconf 90' lang='lat' dir='ltr'><strong>enim</strong></span> <span class='ocrx_word' id='word_1_48' title='bbox 558 789 683 851; x_wconf 87' lang='lat' dir='ltr'><strong>lecisset</strong></span> <span class='ocrx_word' id='word_1_49' title='bbox 705 791 745 852; x_wconf 92' lang='lat' dir='ltr'><strong>ad</strong></span> <span class='ocrx_word' id='word_1_50' title='bbox 769 790 916 869; x_wconf 91' lang='lat' dir='ltr'><strong>speciem,</strong></span> <span class='ocrx_word' id='word_1_51' title='bbox 942 809 1029 868; x_wconf 90' lang='lat' dir='ltr'><strong>quam</strong></span> <span class='ocrx_word' id='word_1_52' title='bbox 1053 789 1082 852; x_wconf 91' lang='lat' dir='ltr'><strong>in</strong></span> <span class='ocrx_word' id='word_1_53' title='bbox 1107 790 1279 852; x_wconf 89' lang='lat' dir='ltr'><strong>auctoribus</strong></span> <span class='ocrx_word' id='word_1_54' title='bbox 1312 801 1344 854; x_wconf 92' lang='lat' dir='ltr'><strong>et</strong></span> <span class='ocrx_word' id='word_1_55' title='bbox 1366 794 1499 875; x_wconf 90' lang='lat' dir='ltr'><strong>antiqui-</strong></span> 
     </span>
     <span class='ocr_line' id='line_1_7' title="bbox 139 877 1500 958; baseline 0.003 -18"><span class='ocrx_word' id='word_1_56' title='bbox 139 885 200 940; x_wconf 84' lang='lat' dir='ltr'><strong>tate</strong></span> <span class='ocrx_word' id='word_1_57' title='bbox 223 877 325 940; x_wconf 89' lang='lat' dir='ltr'><strong>studio</strong></span> <span class='ocrx_word' id='word_1_58' title='bbox 350 878 510 958; x_wconf 89' lang='lat' dir='ltr'><strong>quaesivit,</strong></span> <span class='ocrx_word' id='word_1_59' title='bbox 534 878 560 940; x_wconf 91' lang='lat' dir='ltr'><strong>si</strong></span> <span class='ocrx_word' id='word_1_60' title='bbox 583 878 736 940; x_wconf 90' lang='lat' dir='ltr'><strong>Martiano</strong></span> <span class='ocrx_word' id='word_1_61' title='bbox 760 877 957 952; x_wconf 89' lang='lat' dir='ltr'><strong>Macrobium‚</strong></span> <span class='ocrx_word' id='word_1_62' title='bbox 982 879 1006 940; x_wconf 91' lang='lat' dir='ltr'><strong>si</strong></span> <span class='ocrx_word' id='word_1_63' title='bbox 1022 878 1180 940; x_wconf 85' lang='lat' dir='ltr'><strong>Macrobio</strong></span> <span class='ocrx_word' id='word_1_64' title='bbox 1194 877 1333 954; x_wconf 88' lang='lat' dir='ltr'><strong>Plinium,</strong></span> <span class='ocrx_word' id='word_1_65' title='bbox 1357 882 1382 944; x_wconf 91' lang='lat' dir='ltr'><strong>si</strong></span> <span class='ocrx_word' id='word_1_66' title='bbox 1402 882 1500 944; x_wconf 85' lang='lat' dir='ltr'><strong>Plinio</strong></span> 
     </span>
     <span class='ocr_line' id='line_1_8' title="bbox 138 965 1498 1051; baseline 0.007 -25"><span class='ocrx_word' id='word_1_67' title='bbox 138 965 306 1028; x_wconf 81' lang='lat' dir='ltr'><strong>Vitruvium</strong></span> <span class='ocrx_word' id='word_1_68' title='bbox 337 968 572 1047; x_wconf 78' lang='lat' dir='ltr'><strong>anteposuissel.</strong></span> <span class='ocrx_word' id='word_1_69' title='bbox 617 967 697 1030; x_wconf 83' lang='lat' dir='ltr'><strong>Nam</strong></span> <span class='ocrx_word' id='word_1_70' title='bbox 725 975 757 1030; x_wconf 90' lang='lat' dir='ltr'><strong>et</strong></span> <span class='ocrx_word' id='word_1_71' title='bbox 784 967 832 1038; x_wconf 84' lang='lat' dir='ltr'><strong>hic</strong></span> <span class='ocrx_word' id='word_1_72' title='bbox 865 967 894 1028; x_wconf 91' lang='lat' dir='ltr'><strong>in</strong></span> <span class='ocrx_word' id='word_1_73' title='bbox 924 966 1135 1030; x_wconf 84' lang='lat' dir='ltr'><strong>astronomicis</strong></span> <span class='ocrx_word' id='word_1_74' title='bbox 1163 966 1263 1030; x_wconf 86' lang='lat' dir='ltr'><strong>Plinio</strong></span> <span class='ocrx_word' id='word_1_75' title='bbox 1292 969 1323 1031; x_wconf 92' lang='lat' dir='ltr'><strong>in</strong></span> <span class='ocrx_word' id='word_1_76' title='bbox 1353 975 1498 1051; x_wconf 80' lang='lat' dir='ltr'><strong>praedam</strong></span> 
     </span>
     <span class='ocr_line' id='line_1_9' title="bbox 137 1053 1497 1136; baseline 0.004 -20"><span class='ocrx_word' id='word_1_77' title='bbox 137 1056 235 1130; x_wconf 77' lang='lat' dir='ltr'><strong>cessit,</strong></span> <span class='ocrx_word' id='word_1_78' title='bbox 261 1063 296 1116; x_wconf 94' lang='lat' dir='ltr'><strong>ut</strong></span> <span class='ocrx_word' id='word_1_79' title='bbox 310 1054 426 1120; x_wconf 82' lang='lat' dir='ltr'><strong>Plinius</strong></span> <span class='ocrx_word' id='word_1_80' title='bbox 441 1057 605 1120; x_wconf 88' lang='lat' dir='ltr'><strong>Martiano.</strong></span> <span class='ocrx_word' id='word_1_81' title='bbox 653 1053 807 1127; x_wconf 75' lang='lat' dir='ltr'><strong>Quirino</strong></span> <span class='ocrx_word' id='word_1_82' title='bbox 824 1076 859 1118; x_wconf 90' lang='lat' dir='ltr'><strong>ue</strong></span> <span class='ocrx_word' id='word_1_83' title='bbox 877 1055 1033 1118; x_wconf 84' lang='lat' dir='ltr'><strong>Vitruvius</strong></span> <span class='ocrx_word' id='word_1_84' title='bbox 1056 1056 1173 1136; x_wconf 89' lang='lat' dir='ltr'><strong>quidem</strong></span> <span class='ocrx_word' id='word_1_85' title='bbox 1199 1065 1303 1119; x_wconf 87' lang='lat' dir='ltr'><strong>auctor</strong></span> <span class='ocrx_word' id='word_1_86' title='bbox 1328 1067 1375 1120; x_wconf 90' lang='lat' dir='ltr'><strong>est</strong></span> <span class='ocrx_word' id='word_1_87' title='bbox 1394 1071 1497 1122; x_wconf 88' lang='lat' dir='ltr'><strong>astro-</strong></span> 
     </span>
     <span class='ocr_line' id='line_1_10' title="bbox 136 1142 1498 1225; baseline 0.006 -20"><span class='ocrx_word' id='word_1_88' title='bbox 136 1144 314 1218; x_wconf 83' lang='lat' dir='ltr'><strong>nomicornm</strong></span> <span class='ocrx_word' id='word_1_89' title='bbox 343 1143 532 1223; x_wconf 90' lang='lat' dir='ltr'><strong>dogmatum,</strong></span> <span class='ocrx_word' id='word_1_90' title='bbox 563 1163 639 1225; x_wconf 89' lang='lat' dir='ltr'><strong>qnae</strong></span> <span class='ocrx_word' id='word_1_91' title='bbox 664 1153 801 1208; x_wconf 79' lang='lat' dir='ltr'><strong>recenset</strong></span> <span class='ocrx_word' id='word_1_92' title='bbox 828 1143 862 1206; x_wconf 87' lang='lat' dir='ltr'><strong>in‘</strong></span> <span class='ocrx_word' id='word_1_93' title='bbox 882 1162 971 1225; x_wconf 89' lang='lat' dir='ltr'><strong>opere</strong></span> <span class='ocrx_word' id='word_1_94' title='bbox 1001 1165 1065 1208; x_wconf 87' lang='lat' dir='ltr'><strong>suo.</strong></span> <span class='ocrx_word' id='word_1_95' title='bbox 1113 1142 1193 1216; x_wconf 84' lang='lat' dir='ltr'><strong>Quid</strong></span> <span class='ocrx_word' id='word_1_96' title='bbox 1222 1146 1301 1208; x_wconf 87' lang='lat' dir='ltr'><strong>anim</strong></span> <span class='ocrx_word' id='word_1_97' title='bbox 1332 1148 1498 1212; x_wconf 86' lang='lat' dir='ltr'><strong>architecto</strong></span> 
     </span>
     <span class='ocr_line' id='line_1_11' title="bbox 134 1233 1492 1314; baseline 0.005 -20"><span class='ocrx_word' id='word_1_98' title='bbox 134 1253 196 1294; x_wconf 92' lang='lat' dir='ltr'><strong>com</strong></span> <span class='ocrx_word' id='word_1_99' title='bbox 219 1234 450 1296; x_wconf 84' lang='lat' dir='ltr'><strong>astronomia?-</strong></span> <span class='ocrx_word' id='word_1_100' title='bbox 474 1235 542 1296; x_wconf 90' lang='lat' dir='ltr'><strong>Non</strong></span> <span class='ocrx_word' id='word_1_101' title='bbox 567 1234 633 1313; x_wconf 89' lang='lat' dir='ltr'><strong>agit</strong></span> <span class='ocrx_word' id='word_1_102' title='bbox 656 1242 860 1296; x_wconf 86' lang='lat' dir='ltr'><strong>astronomum</strong></span> <span class='ocrx_word' id='word_1_103' title='bbox 883 1253 921 1295; x_wconf 84' lang='lat' dir='ltr'><strong>ex</strong></span> <span class='ocrx_word' id='word_1_104' title='bbox 939 1235 1076 1314; x_wconf 85' lang='lat' dir='ltr'><strong>professo</strong></span> <span class='ocrx_word' id='word_1_105' title='bbox 1091 1233 1260 1310; x_wconf 89' lang='lat' dir='ltr'><strong>Vitruvius,</strong></span> <span class='ocrx_word' id='word_1_106' title='bbox 1284 1237 1339 1298; x_wconf 86' lang='lat' dir='ltr'><strong>sed</strong></span> <span class='ocrx_word' id='word_1_107' title='bbox 1354 1238 1394 1300; x_wconf 91' lang='lat' dir='ltr'><strong>ad</strong></span> <span class='ocrx_word' id='word_1_108' title='bbox 1408 1258 1492 1302; x_wconf 92' lang='lat' dir='ltr'><strong>com-</strong></span> 
     </span>
     <span class='ocr_line' id='line_1_12' title="bbox 133 1321 1498 1402; baseline 0.004 -18"><span class='ocrx_word' id='word_1_109' title='bbox 133 1321 356 1384; x_wconf 88' lang='lat' dir='ltr'><strong>mendationem</strong></span> <span class='ocrx_word' id='word_1_110' title='bbox 385 1331 416 1384; x_wconf 87' lang='lat' dir='ltr'><strong>ot</strong></span> <span class='ocrx_word' id='word_1_111' title='bbox 441 1323 662 1402; x_wconf 81' lang='lat' dir='ltr'><strong>jucunditatem</strong></span> <span class='ocrx_word' id='word_1_112' title='bbox 690 1323 788 1402; x_wconf 88' lang='lat' dir='ltr'><strong>operis</strong></span> <span class='ocrx_word' id='word_1_113' title='bbox 817 1322 975 1384; x_wconf 83' lang='lat' dir='ltr'><strong>occasione</strong></span> <span class='ocrx_word' id='word_1_114' title='bbox 1000 1330 1126 1402; x_wconf 88' lang='lat' dir='ltr'><strong>captata</strong></span> <span class='ocrx_word' id='word_1_115' title='bbox 1153 1342 1219 1386; x_wconf 90' lang='lat' dir='ltr'><strong>curn</strong></span> <span class='ocrx_word' id='word_1_116' title='bbox 1250 1324 1312 1386; x_wconf 91' lang='lat' dir='ltr'><strong>alia</strong></span> <span class='ocrx_word' id='word_1_117' title='bbox 1335 1345 1406 1388; x_wconf 89' lang='lat' dir='ltr'><strong>rara</strong></span> <span class='ocrx_word' id='word_1_118' title='bbox 1433 1336 1498 1390; x_wconf 91' lang='lat' dir='ltr'><strong>tum</strong></span> 
     </span>
     <span class='ocr_line' id='line_1_13' title="bbox 133 1410 1497 1492; baseline 0.005 -20"><span class='ocrx_word' id='word_1_119' title='bbox 133 1410 338 1472; x_wconf 81' lang='lat' dir='ltr'><strong>astronomica</strong></span> <span class='ocrx_word' id='word_1_120' title='bbox 361 1411 480 1473; x_wconf 88' lang='lat' dir='ltr'><strong>aliunde</strong></span> <span class='ocrx_word' id='word_1_121' title='bbox 503 1411 602 1490; x_wconf 88' lang='lat' dir='ltr'><strong>petita</strong></span> <span class='ocrx_word' id='word_1_122' title='bbox 625 1411 830 1492; x_wconf 90' lang='lat' dir='ltr'><strong>interspergit.</strong></span> <span class='ocrx_word' id='word_1_123' title='bbox 873 1411 1049 1474; x_wconf 85' lang='lat' dir='ltr'><strong>Macrobius</strong></span> <span class='ocrx_word' id='word_1_124' title='bbox 1067 1429 1137 1474; x_wconf 85' lang='lat' dir='ltr'><strong>vero</strong></span> <span class='ocrx_word' id='word_1_125' title='bbox 1162 1420 1194 1472; x_wconf 89' lang='lat' dir='ltr'><strong>et</strong></span> <span class='ocrx_word' id='word_1_126' title='bbox 1216 1420 1304 1476; x_wconf 90' lang='lat' dir='ltr'><strong>vetus</strong></span> <span class='ocrx_word' id='word_1_127' title='bbox 1326 1415 1364 1475; x_wconf 92' lang='lat' dir='ltr'><strong>ad</strong></span> <span class='ocrx_word' id='word_1_128' title='bbox 1380 1415 1497 1479; x_wconf 88' lang='lat' dir='ltr'><strong>Bedam</strong></span> 
     </span>
     <span class='ocr_line' id='line_1_14' title="bbox 133 1499 1496 1581; baseline 0.006 -21"><span class='ocrx_word' id='word_1_129' title='bbox 133 1499 365 1562; x_wconf 88' lang='lat' dir='ltr'><strong>commentarius</strong></span> <span class='ocrx_word' id='word_1_130' title='bbox 390 1501 466 1561; x_wconf 90' lang='lat' dir='ltr'><strong>hanc</strong></span> <span class='ocrx_word' id='word_1_131' title='bbox 490 1501 658 1579; x_wconf 90' lang='lat' dir='ltr'><strong>opinionem</strong></span> <span class='ocrx_word' id='word_1_132' title='bbox 682 1499 740 1581; x_wconf 91' lang='lat' dir='ltr'><strong>ipsi</strong></span> <span class='ocrx_word' id='word_1_133' title='bbox 757 1501 878 1562; x_wconf 89' lang='lat' dir='ltr'><strong>Platoni</strong></span> <span class='ocrx_word' id='word_1_134' title='bbox 902 1500 1017 1575; x_wconf 88' lang='lat' dir='ltr'><strong>tribuit,</strong></span> <span class='ocrx_word' id='word_1_135' title='bbox 1045 1513 1194 1579; x_wconf 88' lang='lat' dir='ltr'><strong>uteunque</strong></span> <span class='ocrx_word' id='word_1_136' title='bbox 1213 1520 1280 1564; x_wconf 86' lang='lat' dir='ltr'><strong>earn</strong></span> <span class='ocrx_word' id='word_1_137' title='bbox 1303 1521 1496 1568; x_wconf 88' lang='lat' dir='ltr'><strong>soccessores</strong></span> 
     </span>
     <span class='ocr_line' id='line_1_15' title="bbox 132 1586 1498 1668; baseline 0.006 -20"><span class='ocrx_word' id='word_1_138' title='bbox 132 1589 190 1667; x_wconf 86' lang='lat' dir='ltr'><strong>ejus</strong></span> <span class='ocrx_word' id='word_1_139' title='bbox 212 1586 371 1650; x_wconf 88' lang='lat' dir='ltr'><strong>Platonici</strong></span> <span class='ocrx_word' id='word_1_140' title='bbox 395 1590 643 1668; x_wconf 87' lang='lat' dir='ltr'><strong>quemadmodum</strong></span> <span class='ocrx_word' id='word_1_141' title='bbox 676 1589 740 1651; x_wconf 86' lang='lat' dir='ltr'><strong>alia</strong></span> <span class='ocrx_word' id='word_1_142' title='bbox 762 1590 860 1652; x_wconf 89' lang='lat' dir='ltr'><strong>multa</strong></span> <span class='ocrx_word' id='word_1_143' title='bbox 889 1589 1087 1668; x_wconf 82' lang='lat' dir='ltr'><strong>corruperint.</strong></span> <span class='ocrx_word' id='word_1_144' title='bbox 1132 1589 1197 1652; x_wconf 91' lang='lat' dir='ltr'><strong>lmo</strong></span> <span class='ocrx_word' id='word_1_145' title='bbox 1221 1590 1301 1652; x_wconf 90' lang='lat' dir='ltr'><strong>idem</strong></span> <span class='ocrx_word' id='word_1_146' title='bbox 1323 1591 1498 1658; x_wconf 88' lang='lat' dir='ltr'><strong>Macrobius</strong></span> 
     </span>
     <span class='ocr_line' id='line_1_16' title="bbox 131 1676 1496 1761; baseline 0.004 -23"><span class='ocrx_word' id='word_1_147' title='bbox 131 1677 253 1738; x_wconf 86' lang='lat' dir='ltr'><strong>eaodem</strong></span> <span class='ocrx_word' id='word_1_148' title='bbox 280 1676 477 1740; x_wconf 86' lang='lat' dir='ltr'><strong>traditionem</strong></span> <span class='ocrx_word' id='word_1_149' title='bbox 501 1677 539 1739; x_wconf 92' lang='lat' dir='ltr'><strong>ad</strong></span> <span class='ocrx_word' id='word_1_150' title='bbox 563 1677 647 1758; x_wconf 91' lang='lat' dir='ltr'><strong>ipsos</strong></span> <span class='ocrx_word' id='word_1_151' title='bbox 670 1677 841 1759; x_wconf 82' lang='lat' dir='ltr'><strong>Aegyptios</strong></span> <span class='ocrx_word' id='word_1_152' title='bbox 866 1678 969 1751; x_wconf 84' lang='lat' dir='ltr'><strong>refert,</strong></span> <span class='ocrx_word' id='word_1_153' title='bbox 993 1686 1026 1740; x_wconf 86' lang='lat' dir='ltr'><strong>ut</strong></span> <span class='ocrx_word' id='word_1_154' title='bbox 1048 1677 1093 1740; x_wconf 90' lang='lat' dir='ltr'><strong>ita</strong></span> <span class='ocrx_word' id='word_1_155' title='bbox 1114 1695 1191 1757; x_wconf 90' lang='lat' dir='ltr'><strong>pene</strong></span> <span class='ocrx_word' id='word_1_156' title='bbox 1215 1698 1282 1742; x_wconf 91' lang='lat' dir='ltr'><strong>cnm</strong></span> <span class='ocrx_word' id='word_1_157' title='bbox 1304 1681 1372 1761; x_wconf 88' lang='lat' dir='ltr'><strong>ipsa</strong></span> <span class='ocrx_word' id='word_1_158' title='bbox 1394 1690 1496 1744; x_wconf 89' lang='lat' dir='ltr'><strong>astro-</strong></span> 
     </span>
     <span class='ocr_line' id='line_1_17' title="bbox 130 1765 1497 1847; baseline 0.006 -21"><span class='ocrx_word' id='word_1_159' title='bbox 130 1766 224 1827; x_wconf 88' lang='lat' dir='ltr'><strong>nomia</strong></span> <span class='ocrx_word' id='word_1_160' title='bbox 255 1772 337 1827; x_wconf 89' lang='lat' dir='ltr'><strong>nata</strong></span> <span class='ocrx_word' id='word_1_161' title='bbox 365 1765 466 1827; x_wconf 88' lang='lat' dir='ltr'><strong>fuerit.</strong></span> <span class='ocrx_word' id='word_1_162' title='bbox 512 1765 599 1828; x_wconf 89' lang='lat' dir='ltr'><strong>Hanc</strong></span> <span class='ocrx_word' id='word_1_163' title='bbox 629 1766 732 1846; x_wconf 87' lang='lat' dir='ltr'><strong>itaque</strong></span> <span class='ocrx_word' id='word_1_164' title='bbox 759 1767 905 1847; x_wconf 88' lang='lat' dir='ltr'><strong>praedam</strong></span> <span class='ocrx_word' id='word_1_165' title='bbox 928 1767 1063 1830; x_wconf 88' lang='lat' dir='ltr'><strong>Ursuse</strong></span> <span class='ocrx_word' id='word_1_166' title='bbox 1093 1766 1170 1836; x_wconf 88' lang='lat' dir='ltr'><strong>rictu</strong></span> <span class='ocrx_word' id='word_1_167' title='bbox 1198 1768 1314 1844; x_wconf 86' lang='lat' dir='ltr'><strong>amisit,</strong></span> <span class='ocrx_word' id='word_1_168' title='bbox 1348 1770 1418 1842; x_wconf 83' lang='lat' dir='ltr'><strong>dum</strong></span> <span class='ocrx_word' id='word_1_169' title='bbox 1446 1772 1497 1834; x_wconf 82' lang='lat' dir='ltr'><strong>vix</strong></span> 
     </span>
     <span class='ocr_line' id='line_1_18' title="bbox 128 1852 1495 1936; baseline 0.004 -20"><span class='ocrx_word' id='word_1_170' title='bbox 128 1863 292 1934; x_wconf 87' lang='lat' dir='ltr'><strong>conspecto</strong></span> <span class='ocrx_word' id='word_1_171' title='bbox 316 1855 408 1916; x_wconf 88' lang='lat' dir='ltr'><strong>Mart.</strong></span> <span class='ocrx_word' id='word_1_172' title='bbox 435 1852 579 1934; x_wconf 83' lang='lat' dir='ltr'><strong>Capellae</strong></span> <span class='ocrx_word' id='word_1_173' title='bbox 612 1856 729 1918; x_wconf 87' lang='lat' dir='ltr'><strong>nomine</strong></span> <span class='ocrx_word' id='word_1_174' title='bbox 757 1856 786 1918; x_wconf 93' lang='lat' dir='ltr'><strong>in</strong></span> <span class='ocrx_word' id='word_1_175' title='bbox 812 1853 988 1936; x_wconf 88' lang='lat' dir='ltr'><strong>Copernico,</strong></span> <span class='ocrx_word' id='word_1_176' title='bbox 1022 1855 1052 1918; x_wconf 92' lang='lat' dir='ltr'><strong>in</strong></span> <span class='ocrx_word' id='word_1_177' title='bbox 1076 1854 1131 1918; x_wconf 90' lang='lat' dir='ltr'><strong>hoc</strong></span> <span class='ocrx_word' id='word_1_178' title='bbox 1155 1875 1246 1918; x_wconf 91' lang='lat' dir='ltr'><strong>unum</strong></span> <span class='ocrx_word' id='word_1_179' title='bbox 1278 1857 1413 1922; x_wconf 87' lang='lat' dir='ltr'><strong>intentos</strong></span> <span class='ocrx_word' id='word_1_180' title='bbox 1436 1870 1495 1936; x_wconf 88' lang='lat' dir='ltr'><strong>est,</strong></span> 
     </span>
     <span class='ocr_line' id='line_1_19' title="bbox 128 1940 1493 2030; baseline 0.004 -24"><span class='ocrx_word' id='word_1_181' title='bbox 128 1963 160 2006; x_wconf 92' lang='lat' dir='ltr'><strong>ne</strong></span> <span class='ocrx_word' id='word_1_182' title='bbox 182 1943 308 2024; x_wconf 89' lang='lat' dir='ltr'><strong>quidem</strong></span> <span class='ocrx_word' id='word_1_183' title='bbox 325 1940 484 2022; x_wconf 89' lang='lat' dir='ltr'><strong>Copernici</strong></span> <span class='ocrx_word' id='word_1_184' title='bbox 508 1943 723 2006; x_wconf 88' lang='lat' dir='ltr'><strong>indicationem</strong></span> <span class='ocrx_word' id='word_1_185' title='bbox 746 1945 930 2023; x_wconf 80' lang='lat' dir='ltr'><strong>expendens.</strong></span> <span class='ocrx_word' id='word_1_186' title='bbox 977 1941 1160 2015; x_wconf 80' lang='lat' dir='ltr'><strong>Quaesisset</strong></span> <span class='ocrx_word' id='word_1_187' title='bbox 1178 1945 1258 2007; x_wconf 91' lang='lat' dir='ltr'><strong>enim</strong></span> <span class='ocrx_word' id='word_1_188' title='bbox 1280 1946 1398 2026; x_wconf 87' lang='lat' dir='ltr'><strong>saltem,</strong></span> <span class='ocrx_word' id='word_1_189' title='bbox 1424 1951 1493 2030; x_wconf 91' lang='lat' dir='ltr'><strong>qoi-</strong></span> 
     </span>
     <span class='ocr_line' id='line_1_20' title="bbox 129 2031 1494 2122; baseline 0.005 -28"><span class='ocrx_word' id='word_1_190' title='bbox 129 2052 192 2094; x_wconf 88' lang='lat' dir='ltr'><strong>nam</strong></span> <span class='ocrx_word' id='word_1_191' title='bbox 215 2040 328 2122; x_wconf 69' lang='lat' dir='ltr'><strong>essent</strong></span> <span class='ocrx_word' id='word_1_192' title='bbox 350 2031 395 2094; x_wconf 92' lang='lat' dir='ltr'><strong>illi</strong></span> <span class='ocrx_word' id='word_1_193' title='bbox 419 2031 470 2094; x_wconf 89' lang='lat' dir='ltr'><strong>alii</strong></span> <span class='ocrx_word' id='word_1_194' title='bbox 494 2033 681 2106; x_wconf 89' lang='lat' dir='ltr'><strong>Latinorum,</strong></span> <span class='ocrx_word' id='word_1_195' title='bbox 703 2051 776 2112; x_wconf 90' lang='lat' dir='ltr'><strong>qnos</strong></span> <span class='ocrx_word' id='word_1_196' title='bbox 802 2033 882 2095; x_wconf 91' lang='lat' dir='ltr'><strong>idem</strong></span> <span class='ocrx_word' id='word_1_197' title='bbox 905 2053 971 2104; x_wconf 85' lang='lat' dir='ltr'><strong>cum</strong></span> <span class='ocrx_word' id='word_1_198' title='bbox 986 2033 1140 2096; x_wconf 89' lang='lat' dir='ltr'><strong>Martiano</strong></span> <span class='ocrx_word' id='word_1_199' title='bbox 1166 2035 1402 2117; x_wconf 86' lang='lat' dir='ltr'><strong>„percalluisse“</strong></span> <span class='ocrx_word' id='word_1_200' title='bbox 1429 2037 1494 2101; x_wconf 90' lang='lat' dir='ltr'><strong>Co·</strong></span> 
     </span>
     <span class='ocr_line' id='line_1_21' title="bbox 127 2121 1493 2201; baseline 0.004 -17"><span class='ocrx_word' id='word_1_201' title='bbox 127 2122 261 2200; x_wconf 85' lang='lat' dir='ltr'><strong>persicus</strong></span> <span class='ocrx_word' id='word_1_202' title='bbox 286 2121 438 2195; x_wconf 85' lang='lat' dir='ltr'><strong>affirmat;</strong></span> <span class='ocrx_word' id='word_1_203' title='bbox 463 2122 634 2200; x_wconf 85' lang='lat' dir='ltr'><strong>quaesisset</strong></span> <span class='ocrx_word' id='word_1_204' title='bbox 650 2122 806 2201; x_wconf 88' lang='lat' dir='ltr'><strong>cujusnam</strong></span> <span class='ocrx_word' id='word_1_205' title='bbox 831 2142 847 2183; x_wconf 90' lang='lat' dir='ltr'><strong>e</strong></span> <span class='ocrx_word' id='word_1_206' title='bbox 864 2121 984 2184; x_wconf 90' lang='lat' dir='ltr'><strong>Latinis</strong></span> <span class='ocrx_word' id='word_1_207' title='bbox 1004 2121 1176 2185; x_wconf 88' lang='lat' dir='ltr'><strong>auctoribus</strong></span> <span class='ocrx_word' id='word_1_208' title='bbox 1192 2135 1296 2186; x_wconf 89' lang='lat' dir='ltr'><strong>essent</strong></span> <span class='ocrx_word' id='word_1_209' title='bbox 1314 2125 1367 2188; x_wconf 90' lang='lat' dir='ltr'><strong>illa</strong></span> <span class='ocrx_word' id='word_1_210' title='bbox 1382 2127 1493 2190; x_wconf 88' lang='lat' dir='ltr'><strong>verba:</strong></span> 
     </span>
     <span class='ocr_line' id='line_1_22' title="bbox 130 2209 1208 2291; baseline 0 -19"><span class='ocrx_word' id='word_1_211' title='bbox 130 2229 314 2282; x_wconf 78' lang='lat' dir='ltr'><strong>,conversas</strong></span> <span class='ocrx_word' id='word_1_212' title='bbox 340 2209 484 2271; x_wconf 83' lang='lat' dir='ltr'><strong>absidas“</strong></span> <span class='ocrx_word' id='word_1_213' title='bbox 510 2229 587 2291; x_wconf 89' lang='lat' dir='ltr'><strong>quae</strong></span> <span class='ocrx_word' id='word_1_214' title='bbox 612 2209 797 2289; x_wconf 89' lang='lat' dir='ltr'><strong>Copernicns</strong></span> <span class='ocrx_word' id='word_1_215' title='bbox 823 2231 839 2272; x_wconf 92' lang='lat' dir='ltr'><strong>e</strong></span> <span class='ocrx_word' id='word_1_216' title='bbox 866 2211 963 2272; x_wconf 92' lang='lat' dir='ltr'><strong>Plinio</strong></span> <span class='ocrx_word' id='word_1_217' title='bbox 987 2211 1208 2291; x_wconf 86' lang='lat' dir='ltr'><strong>transscripsit.</strong></span> 
     </span>
    </p>

    <p class='ocr_par' dir='ltr' id='par_1_3' title="bbox 124 2298 1561 3801">
     <span class='ocr_line' id='line_1_23' title="bbox 210 2298 1493 2381; baseline 0.003 -21"><span class='ocrx_word' id='word_1_218' title='bbox 210 2298 327 2360; x_wconf 86' lang='lat' dir='ltr'><strong>Placet</strong></span> <span class='ocrx_word' id='word_1_219' title='bbox 350 2317 420 2360; x_wconf 88' lang='lat' dir='ltr'><strong>vero</strong></span> <span class='ocrx_word' id='word_1_220' title='bbox 444 2299 481 2360; x_wconf 88' lang='lat' dir='ltr'><strong>de</strong></span> <span class='ocrx_word' id='word_1_221' title='bbox 506 2300 562 2362; x_wconf 92' lang='lat' dir='ltr'><strong>hac</strong></span> <span class='ocrx_word' id='word_1_222' title='bbox 586 2299 666 2362; x_wconf 89' lang='lat' dir='ltr'><strong>circa</strong></span> <span class='ocrx_word' id='word_1_223' title='bbox 680 2300 831 2361; x_wconf 88' lang='lat' dir='ltr'><strong>Venerem</strong></span> <span class='ocrx_word' id='word_1_224' title='bbox 857 2307 889 2360; x_wconf 88' lang='lat' dir='ltr'><strong>et</strong></span> <span class='ocrx_word' id='word_1_225' title='bbox 902 2301 1082 2362; x_wconf 89' lang='lat' dir='ltr'><strong>Mercurium</strong></span> <span class='ocrx_word' id='word_1_226' title='bbox 1096 2300 1258 2381; x_wconf 90' lang='lat' dir='ltr'><strong>hypothesi</strong></span> <span class='ocrx_word' id='word_1_227' title='bbox 1280 2300 1374 2364; x_wconf 89' lang='lat' dir='ltr'><strong>verba</strong></span> <span class='ocrx_word' id='word_1_228' title='bbox 1389 2309 1493 2365; x_wconf 87' lang='lat' dir='ltr'><strong>trans-</strong></span> 
     </span>
     <span class='ocr_line' id='line_1_24' title="bbox 127 2386 1494 2469; baseline 0.004 -21"><span class='ocrx_word' id='word_1_229' title='bbox 127 2387 264 2462; x_wconf 89' lang='lat' dir='ltr'><strong>scribere,</strong></span> <span class='ocrx_word' id='word_1_230' title='bbox 291 2395 332 2448; x_wconf 87' lang='lat' dir='ltr'><strong>ut</strong></span> <span class='ocrx_word' id='word_1_231' title='bbox 354 2388 515 2466; x_wconf 88' lang='lat' dir='ltr'><strong>quaejam</strong></span> <span class='ocrx_word' id='word_1_232' title='bbox 539 2388 601 2450; x_wconf 85' lang='lat' dir='ltr'><strong>dixi</strong></span> <span class='ocrx_word' id='word_1_233' title='bbox 625 2389 791 2450; x_wconf 90' lang='lat' dir='ltr'><strong>luculenter</strong></span> <span class='ocrx_word' id='word_1_234' title='bbox 814 2397 992 2469; x_wconf 85' lang='lat' dir='ltr'><strong>appareant.</strong></span> <span class='ocrx_word' id='word_1_235' title='bbox 1041 2386 1188 2468; x_wconf 83' lang='lat' dir='ltr'><strong>Capellae</strong></span> <span class='ocrx_word' id='word_1_236' title='bbox 1204 2389 1299 2452; x_wconf 82' lang='lat' dir='ltr'><strong>verba</strong></span> <span class='ocrx_word' id='word_1_237' title='bbox 1321 2391 1404 2453; x_wconf 88' lang='lat' dir='ltr'><strong>clara</strong></span> <span class='ocrx_word' id='word_1_238' title='bbox 1422 2401 1494 2454; x_wconf 90' lang='lat' dir='ltr'><strong>sunt</strong></span> 
     </span>
     <span class='ocr_line' id='line_1_25' title="bbox 127 2476 1492 2557; baseline 0.004 -21"><span class='ocrx_word' id='word_1_239' title='bbox 127 2495 161 2536; x_wconf 87' lang='lat' dir='ltr'><strong>ex</strong></span> <span class='ocrx_word' id='word_1_240' title='bbox 182 2477 234 2538; x_wconf 90' lang='lat' dir='ltr'><strong>lib.</strong></span> <span class='ocrx_word' id='word_1_241' title='bbox 262 2476 373 2538; x_wconf 83' lang='lat' dir='ltr'><strong>VIII:</strong></span> <span class='ocrx_word' id='word_1_242' title='bbox 405 2476 498 2550; x_wconf 84' lang='lat' dir='ltr'><strong>,Tria</strong></span> <span class='ocrx_word' id='word_1_243' title='bbox 520 2477 592 2539; x_wconf 90' lang='lat' dir='ltr'><strong>item</strong></span> <span class='ocrx_word' id='word_1_244' title='bbox 615 2497 653 2538; x_wconf 83' lang='lat' dir='ltr'><strong>ex</strong></span> <span class='ocrx_word' id='word_1_245' title='bbox 676 2476 722 2538; x_wconf 88' lang='lat' dir='ltr'><strong>his</strong></span> <span class='ocrx_word' id='word_1_246' title='bbox 746 2496 814 2539; x_wconf 92' lang='lat' dir='ltr'><strong>cum</strong></span> <span class='ocrx_word' id='word_1_247' title='bbox 836 2476 908 2540; x_wconf 89' lang='lat' dir='ltr'><strong>Sole</strong></span> <span class='ocrx_word' id='word_1_248' title='bbox 932 2477 1077 2557; x_wconf 86' lang='lat' dir='ltr'><strong>Lunaque</strong></span> <span class='ocrx_word' id='word_1_249' title='bbox 1101 2479 1203 2539; x_wconf 90' lang='lat' dir='ltr'><strong>orbem</strong></span> <span class='ocrx_word' id='word_1_250' title='bbox 1228 2477 1338 2540; x_wconf 86' lang='lat' dir='ltr'><strong>Terrae</strong></span> <span class='ocrx_word' id='word_1_251' title='bbox 1362 2479 1492 2542; x_wconf 89' lang='lat' dir='ltr'><strong>circnm-</strong></span> 
     </span>
     <span class='ocr_line' id='line_1_26' title="bbox 127 2565 1494 2644; baseline 0.004 -18"><span class='ocrx_word' id='word_1_252' title='bbox 127 2573 201 2640; x_wconf 88' lang='lat' dir='ltr'><strong>eunt,</strong></span> <span class='ocrx_word' id='word_1_253' title='bbox 227 2565 253 2638; x_wconf 76' lang='grc' dir='ltr'><strong>Ω</strong></span> <span class='ocrx_word' id='word_1_254' title='bbox 279 2583 357 2626; x_wconf 88' lang='lat' dir='ltr'><strong>vero</strong></span> <span class='ocrx_word' id='word_1_255' title='bbox 377 2573 409 2626; x_wconf 92' lang='lat' dir='ltr'><strong>et</strong></span> <span class='ocrx_word' id='word_1_256' title='bbox 431 2567 453 2642; x_wconf 62' lang='lat' dir='ltr'><strong>q</strong></span> <span class='ocrx_word' id='word_1_257' title='bbox 476 2585 533 2627; x_wconf 93' lang='lat' dir='ltr'><strong>non</strong></span> <span class='ocrx_word' id='word_1_258' title='bbox 557 2565 692 2628; x_wconf 90' lang='lat' dir='ltr'><strong>ambiunt</strong></span> <span class='ocrx_word' id='word_1_259' title='bbox 715 2566 869 2628; x_wconf 82' lang='lat' dir='ltr'><strong>Terram.“</strong></span> <span class='ocrx_word' id='word_1_260' title='bbox 917 2566 958 2626; x_wconf 80' lang='lat' dir='ltr'><strong>Et</strong></span> <span class='ocrx_word' id='word_1_261' title='bbox 972 2566 1077 2644; x_wconf 89' lang='lat' dir='ltr'><strong>paucis</strong></span> <span class='ocrx_word' id='word_1_262' title='bbox 1100 2566 1287 2644; x_wconf 83' lang='lat' dir='ltr'><strong>interjectis:</strong></span> <span class='ocrx_word' id='word_1_263' title='bbox 1314 2587 1403 2642; x_wconf 83' lang='lat' dir='ltr'><strong>„nam</strong></span> <span class='ocrx_word' id='word_1_264' title='bbox 1420 2569 1494 2632; x_wconf 88' lang='lat' dir='ltr'><strong>licet</strong></span> 
     </span>
     <span class='ocr_line' id='line_1_27' title="bbox 126 2655 1561 2736; baseline 0.005 -23"><span class='ocrx_word' id='word_1_265' title='bbox 126 2665 204 2716; x_wconf 88' lang='lat' dir='ltr'><strong>ortus</strong></span> <span class='ocrx_word' id='word_1_266' title='bbox 228 2672 427 2736; x_wconf 86' lang='lat' dir='ltr'><strong>occasusque.</strong></span> <span class='ocrx_word' id='word_1_267' title='bbox 445 2655 635 2734; x_wconf 89' lang='lat' dir='ltr'><strong>quotidianos</strong></span> <span class='ocrx_word' id='word_1_268' title='bbox 659 2655 835 2729; x_wconf 85' lang='lat' dir='ltr'><strong>ostendant,</strong></span> <span class='ocrx_word' id='word_1_269' title='bbox 860 2663 962 2718; x_wconf 90' lang='lat' dir='ltr'><strong>tamen</strong></span> <span class='ocrx_word' id='word_1_270' title='bbox 986 2674 1088 2716; x_wconf 91' lang='lat' dir='ltr'><strong>eorum</strong></span> <span class='ocrx_word' id='word_1_271' title='bbox 1111 2655 1214 2716; x_wconf 91' lang='lat' dir='ltr'><strong>circuli</strong></span> <span class='ocrx_word' id='word_1_272' title='bbox 1238 2656 1348 2718; x_wconf 84' lang='lat' dir='ltr'><strong>Terras</strong></span> <span class='ocrx_word' id='word_1_273' title='bbox 1373 2657 1491 2721; x_wconf 92' lang='lat' dir='ltr'><strong>omnino</strong></span> <span class='ocrx_word' id='word_1_274' title='bbox 1556 2691 1561 2702; x_wconf 92' lang='lat'>·</span> 
     </span>
     <span class='ocr_line' id='line_1_28' title="bbox 126 2743 1491 2825; baseline 0.003 -21"><span class='ocrx_word' id='word_1_275' title='bbox 126 2762 178 2806; x_wconf 92' lang='lat' dir='ltr'><strong>non</strong></span> <span class='ocrx_word' id='word_1_276' title='bbox 200 2743 359 2816; x_wconf 88' lang='lat' dir='ltr'><strong>ambiunt,</strong></span> <span class='ocrx_word' id='word_1_277' title='bbox 392 2743 446 2804; x_wconf 89' lang='lat' dir='ltr'><strong>sed</strong></span> <span class='ocrx_word' id='word_1_278' title='bbox 469 2745 551 2806; x_wconf 91' lang='lat' dir='ltr'><strong>circa</strong></span> <span class='ocrx_word' id='word_1_279' title='bbox 574 2743 678 2806; x_wconf 88' lang='lat' dir='ltr'><strong>Solem</strong></span> <span class='ocrx_word' id='word_1_280' title='bbox 707 2743 822 2806; x_wconf 81' lang='lat' dir='ltr'><strong>laxiore</strong></span> <span class='ocrx_word' id='word_1_281' title='bbox 847 2743 962 2806; x_wconf 88' lang='lat' dir='ltr'><strong>ambitu</strong></span> <span class='ocrx_word' id='word_1_282' title='bbox 992 2744 1184 2806; x_wconf 90' lang='lat' dir='ltr'><strong>circulantnr.</strong></span> <span class='ocrx_word' id='word_1_283' title='bbox 1231 2744 1368 2825; x_wconf 90' lang='lat' dir='ltr'><strong>Denique</strong></span> <span class='ocrx_word' id='word_1_284' title='bbox 1392 2746 1491 2808; x_wconf 90' lang='lat' dir='ltr'><strong>circo-</strong></span> 
     </span>
     <span class='ocr_line' id='line_1_29' title="bbox 127 2831 1490 2914; baseline 0.004 -22"><span class='ocrx_word' id='word_1_285' title='bbox 127 2833 213 2894; x_wconf 88' lang='lat' dir='ltr'><strong>lomm</strong></span> <span class='ocrx_word' id='word_1_286' title='bbox 243 2849 374 2896; x_wconf 89' lang='lat' dir='ltr'><strong>snorum</strong></span> <span class='ocrx_word' id='word_1_287' title='bbox 402 2839 525 2893; x_wconf 90' lang='lat' dir='ltr'><strong>centron</strong></span> <span class='ocrx_word' id='word_1_288' title='bbox 554 2832 584 2894; x_wconf 93' lang='lat' dir='ltr'><strong>in</strong></span> <span class='ocrx_word' id='word_1_289' title='bbox 608 2831 679 2893; x_wconf 89' lang='lat' dir='ltr'><strong>Sole</strong></span> <span class='ocrx_word' id='word_1_290' title='bbox 709 2833 911 2905; x_wconf 91' lang='lat' dir='ltr'><strong>constituunt,</strong></span> <span class='ocrx_word' id='word_1_291' title='bbox 946 2833 991 2894; x_wconf 87' lang='lat' dir='ltr'><strong>ita</strong></span> <span class='ocrx_word' id='word_1_292' title='bbox 1023 2839 1060 2909; x_wconf 37' lang='lat' dir='ltr'><strong>ut,</strong></span> <span class='ocrx_word' id='word_1_293' title='bbox 1080 2833 1291 2914; x_wconf 14' lang='lat' dir='ltr'><strong>supratipsnm</strong></span> <span class='ocrx_word' id='word_1_294' title='bbox 1318 2834 1490 2913; x_wconf 86' lang='lat' dir='ltr'><strong>ahquando,</strong></span> 
     </span>
     <span class='ocr_line' id='line_1_30' title="bbox 125 2920 1491 3001; baseline 0.002 -20"><span class='ocrx_word' id='word_1_295' title='bbox 125 2920 197 2982; x_wconf 87' lang='lat' dir='ltr'><strong>infra</strong></span> <span class='ocrx_word' id='word_1_296' title='bbox 218 2922 403 3001; x_wconf 89' lang='lat' dir='ltr'><strong>plerumque</strong></span> <span class='ocrx_word' id='word_1_297' title='bbox 431 2920 659 3000; x_wconf 86' lang='lat' dir='ltr'><strong>propinquiores</strong></span> <span class='ocrx_word' id='word_1_298' title='bbox 683 2920 783 2982; x_wconf 84' lang='lat' dir='ltr'><strong>Terris</strong></span> <span class='ocrx_word' id='word_1_299' title='bbox 813 2922 978 2984; x_wconf 82' lang='lat' dir='ltr'><strong>ferantur.“</strong></span> <span class='ocrx_word' id='word_1_300' title='bbox 1027 2921 1111 2982; x_wconf 85' lang='lat' dir='ltr'><strong>inira</strong></span> <span class='ocrx_word' id='word_1_301' title='bbox 1133 2940 1219 2995; x_wconf 88' lang='lat' dir='ltr'><strong>vero,</strong></span> <span class='ocrx_word' id='word_1_302' title='bbox 1252 2940 1318 2984; x_wconf 91' lang='lat' dir='ltr'><strong>cum</strong></span> <span class='ocrx_word' id='word_1_303' title='bbox 1345 2923 1429 3001; x_wconf 90' lang='lat' dir='ltr'><strong>prius</strong></span> <span class='ocrx_word' id='word_1_304' title='bbox 1453 2924 1491 2985; x_wconf 91' lang='lat' dir='ltr'><strong>de</strong></span> 
     </span>
     <span class='ocr_line' id='line_1_31' title="bbox 127 3007 1489 3089; baseline 0.003 -19"><span class='ocrx_word' id='word_1_305' title='bbox 127 3009 206 3072; x_wconf 81' lang='lat' dir='ltr'><strong>buna</strong></span> <span class='ocrx_word' id='word_1_306' title='bbox 228 3019 262 3072; x_wconf 87' lang='lat' dir='ltr'><strong>et</strong></span> <span class='ocrx_word' id='word_1_307' title='bbox 286 3007 366 3072; x_wconf 89' lang='lat' dir='ltr'><strong>Solo</strong></span> <span class='ocrx_word' id='word_1_308' title='bbox 389 3010 557 3089; x_wconf 89' lang='lat' dir='ltr'><strong>mutuisque</strong></span> <span class='ocrx_word' id='word_1_309' title='bbox 580 3009 615 3071; x_wconf 89' lang='lat' dir='ltr'><strong>in</strong></span> <span class='ocrx_word' id='word_1_310' title='bbox 640 3027 707 3072; x_wconf 88' lang='lat' dir='ltr'><strong>sese</strong></span> <span class='ocrx_word' id='word_1_311' title='bbox 731 3021 763 3070; x_wconf 90' lang='lat' dir='ltr'><strong>et</strong></span> <span class='ocrx_word' id='word_1_312' title='bbox 787 3009 816 3074; x_wconf 91' lang='lat' dir='ltr'><strong>in</strong></span> <span class='ocrx_word' id='word_1_313' title='bbox 841 3011 936 3072; x_wconf 84' lang='lat' dir='ltr'><strong>Terra</strong></span> <span class='ocrx_word' id='word_1_314' title='bbox 958 3009 1116 3072; x_wconf 87' lang='lat' dir='ltr'><strong>affectibus</strong></span> <span class='ocrx_word' id='word_1_315' title='bbox 1147 3010 1274 3089; x_wconf 84' lang='lat' dir='ltr'><strong>egisset,</strong></span> <span class='ocrx_word' id='word_1_316' title='bbox 1300 3009 1413 3072; x_wconf 91' lang='lat' dir='ltr'><strong>ordinis</strong></span> <span class='ocrx_word' id='word_1_317' title='bbox 1436 3031 1489 3074; x_wconf 92' lang='lat' dir='ltr'><strong>ra-</strong></span> 
     </span>
     <span class='ocr_line' id='line_1_32' title="bbox 124 3096 1488 3179; baseline 0.001 -19"><span class='ocrx_word' id='word_1_318' title='bbox 124 3099 200 3162; x_wconf 90' lang='lat' dir='ltr'><strong>tione</strong></span> <span class='ocrx_word' id='word_1_319' title='bbox 224 3100 265 3162; x_wconf 88' lang='lat' dir='ltr'><strong>ad</strong></span> <span class='ocrx_word' id='word_1_320' title='bbox 291 3117 350 3160; x_wconf 89' lang='lat' dir='ltr'><strong>eos</strong></span> <span class='ocrx_word' id='word_1_321' title='bbox 373 3097 524 3177; x_wconf 84' lang='lat' dir='ltr'><strong>pervenit,</strong></span> <span class='ocrx_word' id='word_1_322' title='bbox 559 3099 628 3178; x_wconf 85' lang='lat' dir='ltr'><strong>„qui</strong></span> <span class='ocrx_word' id='word_1_323' title='bbox 652 3099 734 3162; x_wconf 88' lang='lat' dir='ltr'><strong>circa</strong></span> <span class='ocrx_word' id='word_1_324' title='bbox 757 3096 860 3162; x_wconf 88' lang='lat' dir='ltr'><strong>Solem</strong></span> <span class='ocrx_word' id='word_1_325' title='bbox 890 3098 1100 3179; x_wconf 83' lang='lat' dir='ltr'><strong>peragratione</strong></span> <span class='ocrx_word' id='word_1_326' title='bbox 1125 3099 1275 3161; x_wconf 88' lang='lat' dir='ltr'><strong>mundana</strong></span> <span class='ocrx_word' id='word_1_327' title='bbox 1297 3099 1488 3178; x_wconf 85' lang='lat' dir='ltr'><strong>volvuntur,“</strong></span> 
     </span>
     <span class='ocr_line' id='line_1_33' title="bbox 127 3186 1489 3268; baseline 0.004 -20"><span class='ocrx_word' id='word_1_328' title='bbox 127 3186 148 3258; x_wconf 69' lang='lat' dir='ltr'>Q</span> <span class='ocrx_word' id='word_1_329' title='bbox 170 3197 201 3250; x_wconf 90' lang='lat' dir='ltr'><strong>et</strong></span> <span class='ocrx_word' id='word_1_330' title='bbox 215 3193 254 3266; x_wconf 65' lang='lat' dir='ltr'><strong>Q,</strong></span> <span class='ocrx_word' id='word_1_331' title='bbox 281 3205 413 3267; x_wconf 88' lang='lat' dir='ltr'><strong>quorum</strong></span> <span class='ocrx_word' id='word_1_332' title='bbox 437 3186 584 3259; x_wconf 79' lang='lat' dir='ltr'><strong>„choulos</strong></span> <span class='ocrx_word' id='word_1_333' title='bbox 600 3187 751 3268; x_wconf 84' lang='lat' dir='ltr'><strong>epioyclos</strong></span> <span class='ocrx_word' id='word_1_334' title='bbox 766 3207 844 3264; x_wconf 89' lang='lat' dir='ltr'><strong>esse,</strong></span> <span class='ocrx_word' id='word_1_335' title='bbox 870 3187 1082 3268; x_wconf 88' lang='lat' dir='ltr'><strong>superioribus,</strong></span> <span class='ocrx_word' id='word_1_336' title='bbox 1108 3187 1162 3257; x_wconf 89' lang='lat' dir='ltr'><strong>ait,</strong></span> <span class='ocrx_word' id='word_1_337' title='bbox 1185 3188 1400 3264; x_wconf 88' lang='lat' dir='ltr'><strong>memorasse,“</strong></span> <span class='ocrx_word' id='word_1_338' title='bbox 1425 3189 1445 3252; x_wconf 90' lang='lat' dir='ltr'><strong>i.</strong></span> <span class='ocrx_word' id='word_1_339' title='bbox 1462 3209 1489 3253; x_wconf 91' lang='lat' dir='ltr'><strong>e.</strong></span> 
     </span>
     <span class='ocr_line' id='line_1_34' title="bbox 127 3274 1489 3355; baseline 0.003 -17"><span class='ocrx_word' id='word_1_340' title='bbox 127 3295 199 3349; x_wconf 83' lang='lat' dir='ltr'><strong>,non</strong></span> <span class='ocrx_word' id='word_1_341' title='bbox 224 3279 312 3339; x_wconf 89' lang='lat' dir='ltr'><strong>intra</strong></span> <span class='ocrx_word' id='word_1_342' title='bbox 338 3274 483 3336; x_wconf 89' lang='lat' dir='ltr'><strong>ambitum</strong></span> <span class='ocrx_word' id='word_1_343' title='bbox 505 3275 656 3355; x_wconf 91' lang='lat' dir='ltr'><strong>proprium</strong></span> <span class='ocrx_word' id='word_1_344' title='bbox 680 3276 894 3338; x_wconf 86' lang='lat' dir='ltr'><strong>rotunditatem</strong></span> <span class='ocrx_word' id='word_1_345' title='bbox 915 3275 1044 3338; x_wconf 88' lang='lat' dir='ltr'><strong>Telluris</strong></span> <span class='ocrx_word' id='word_1_346' title='bbox 1068 3275 1230 3349; x_wconf 91' lang='lat' dir='ltr'><strong>includere,</strong></span> <span class='ocrx_word' id='word_1_347' title='bbox 1255 3277 1369 3340; x_wconf 85' lang='lat' dir='ltr'><strong>sedda</strong></span> <span class='ocrx_word' id='word_1_348' title='bbox 1394 3279 1489 3342; x_wconf 88' lang='lat' dir='ltr'><strong>latere</strong></span> 
     </span>
     <span class='ocr_line' id='line_1_35' title="bbox 125 3365 1488 3448; baseline 0.004 -22"><span class='ocrx_word' id='word_1_349' title='bbox 125 3366 230 3428; x_wconf 86' lang='lat' dir='ltr'><strong>Terrae</strong></span> <span class='ocrx_word' id='word_1_350' title='bbox 265 3365 492 3446; x_wconf 89' lang='lat' dir='ltr'><strong>quodammodo</strong></span> <span class='ocrx_word' id='word_1_351' title='bbox 525 3365 739 3428; x_wconf 84' lang='lat' dir='ltr'><strong>circumduci.“</strong></span> <span class='ocrx_word' id='word_1_352' title='bbox 767 3367 825 3448; x_wconf 77' lang='lat' dir='ltr'><strong>⁴In</strong></span> <span class='ocrx_word' id='word_1_353' title='bbox 863 3384 920 3446; x_wconf 89' lang='lat' dir='ltr'><strong>quo</strong></span> <span class='ocrx_word' id='word_1_354' title='bbox 954 3365 1086 3447; x_wconf 86' lang='lat' dir='ltr'><strong>epicyclo</strong></span> <span class='ocrx_word' id='word_1_355' title='bbox 1121 3366 1268 3445; x_wconf 88' lang='lat' dir='ltr'><strong>quomodo</strong></span> <span class='ocrx_word' id='word_1_356' title='bbox 1301 3375 1488 3445; x_wconf 87' lang='lat' dir='ltr'><strong>moveantur,</strong></span> 
     </span>
     <span class='ocr_line' id='line_1_36' title="bbox 125 3452 1489 3534; baseline 0.003 -18"><span class='ocrx_word' id='word_1_357' title='bbox 125 3453 197 3516; x_wconf 87' lang='lat' dir='ltr'><strong>infra</strong></span> <span class='ocrx_word' id='word_1_358' title='bbox 228 3455 259 3516; x_wconf 92' lang='lat' dir='ltr'><strong>in</strong></span> <span class='ocrx_word' id='word_1_359' title='bbox 285 3452 413 3526; x_wconf 87' lang='lat' dir='ltr'><strong>Venere</strong></span> <span class='ocrx_word' id='word_1_360' title='bbox 443 3453 579 3516; x_wconf 89' lang='lat' dir='ltr'><strong>declarat</strong></span> <span class='ocrx_word' id='word_1_361' title='bbox 601 3453 647 3516; x_wconf 91' lang='lat' dir='ltr'><strong>his</strong></span> <span class='ocrx_word' id='word_1_362' title='bbox 672 3453 788 3516; x_wconf 83' lang='lat' dir='ltr'><strong>verbis:</strong></span> <span class='ocrx_word' id='word_1_363' title='bbox 822 3453 875 3529; x_wconf 87' lang='lat' dir='ltr'><strong>„in</strong></span> <span class='ocrx_word' id='word_1_364' title='bbox 899 3473 953 3516; x_wconf 89' lang='lat' dir='ltr'><strong>sno</strong></span> <span class='ocrx_word' id='word_1_365' title='bbox 981 3453 1083 3534; x_wconf 88' lang='lat' dir='ltr'><strong>posita</strong></span> <span class='ocrx_word' id='word_1_366' title='bbox 1106 3455 1216 3517; x_wconf 90' lang='lat' dir='ltr'><strong>circulo</strong></span> <span class='ocrx_word' id='word_1_367' title='bbox 1241 3474 1307 3518; x_wconf 90' lang='lat' dir='ltr'><strong>enm</strong></span> <span class='ocrx_word' id='word_1_368' title='bbox 1330 3456 1416 3518; x_wconf 89' lang='lat' dir='ltr'><strong>varia</strong></span> <span class='ocrx_word' id='word_1_369' title='bbox 1439 3457 1489 3520; x_wconf 91' lang='lat' dir='ltr'><strong>di-</strong></span> 
     </span>
     <span class='ocr_line' id='line_1_37' title="bbox 124 3541 1491 3626; baseline 0.006 -26"><span class='ocrx_word' id='word_1_370' title='bbox 124 3545 267 3608; x_wconf 79' lang='lat' dir='ltr'><strong>versitate</strong></span> <span class='ocrx_word' id='word_1_371' title='bbox 292 3541 478 3617; x_wconf 90' lang='lat' dir='ltr'><strong>circumdat,</strong></span> <span class='ocrx_word' id='word_1_372' title='bbox 512 3542 581 3623; x_wconf 86' lang='lat' dir='ltr'><strong>quia</strong></span> <span class='ocrx_word' id='word_1_373' title='bbox 604 3543 766 3623; x_wconf 89' lang='lat' dir='ltr'><strong>aliquando</strong></span> <span class='ocrx_word' id='word_1_374' title='bbox 794 3562 860 3606; x_wconf 91' lang='lat' dir='ltr'><strong>enm</strong></span> <span class='ocrx_word' id='word_1_375' title='bbox 884 3543 1077 3618; x_wconf 88' lang='lat' dir='ltr'><strong>transcurrit,</strong></span> <span class='ocrx_word' id='word_1_376' title='bbox 1111 3543 1272 3624; x_wconf 84' lang='lat' dir='ltr'><strong>aliqnando</strong></span> <span class='ocrx_word' id='word_1_377' title='bbox 1296 3545 1491 3626; x_wconf 87' lang='lat' dir='ltr'><strong>subsequitur</strong></span> 
     </span>
     <span class='ocr_line' id='line_1_38' title="bbox 125 3631 1490 3714; baseline 0.004 -22"><span class='ocrx_word' id='word_1_378' title='bbox 125 3651 173 3694; x_wconf 90' lang='lat' dir='ltr'><strong>nec</strong></span> <span class='ocrx_word' id='word_1_379' title='bbox 196 3631 444 3713; x_wconf 87' lang='lat' dir='ltr'><strong>comprehendit,</strong></span> <span class='ocrx_word' id='word_1_380' title='bbox 469 3632 629 3712; x_wconf 86' lang='lat' dir='ltr'><strong>aliquando</strong></span> <span class='ocrx_word' id='word_1_381' title='bbox 654 3632 850 3713; x_wconf 82' lang='lat' dir='ltr'><strong>superfertur,</strong></span> <span class='ocrx_word' id='word_1_382' title='bbox 874 3651 1083 3713; x_wconf 90' lang='lat' dir='ltr'><strong>nonnunquam</strong></span> <span class='ocrx_word' id='word_1_383' title='bbox 1099 3633 1272 3714; x_wconf 86' lang='lat' dir='ltr'><strong>subjacet.“</strong></span> <span class='ocrx_word' id='word_1_384' title='bbox 1295 3634 1380 3696; x_wconf 89' lang='lat' dir='ltr'><strong>Haec</strong></span> <span class='ocrx_word' id='word_1_385' title='bbox 1395 3637 1490 3698; x_wconf 89' lang='lat' dir='ltr'><strong>verba</strong></span> 
     </span>
     <span class='ocr_line' id='line_1_39' title="bbox 124 3720 1188 3801; baseline 0.003 -21"><span class='ocrx_word' id='word_1_386' title='bbox 124 3733 152 3782; x_wconf 88' lang='lat' dir='ltr'><strong>et</strong></span> <span class='ocrx_word' id='word_1_387' title='bbox 173 3723 354 3785; x_wconf 87' lang='lat' dir='ltr'><strong>sententiae</strong></span> <span class='ocrx_word' id='word_1_388' title='bbox 379 3721 526 3800; x_wconf 90' lang='lat' dir='ltr'><strong>quomodo</strong></span> <span class='ocrx_word' id='word_1_389' title='bbox 551 3721 712 3801; x_wconf 88' lang='lat' dir='ltr'><strong>desumpta</strong></span> <span class='ocrx_word' id='word_1_390' title='bbox 735 3720 797 3782; x_wconf 88' lang='lat' dir='ltr'><strong>sint</strong></span> <span class='ocrx_word' id='word_1_391' title='bbox 819 3740 858 3782; x_wconf 84' lang='lat' dir='ltr'><strong>ax</strong></span> <span class='ocrx_word' id='word_1_392' title='bbox 881 3722 948 3784; x_wconf 91' lang='lat' dir='ltr'><strong>aliis</strong></span> <span class='ocrx_word' id='word_1_393' title='bbox 967 3721 1035 3800; x_wconf 89' lang='lat' dir='ltr'><strong>jam</strong></span> <span class='ocrx_word' id='word_1_394' title='bbox 1057 3722 1188 3801; x_wconf 88' lang='lat' dir='ltr'><strong>patebit.</strong></span> 
     </span>
    </p>

    <p class='ocr_par' dir='ltr' id='par_1_4' title="bbox 124 3809 1490 3982">
     <span class='ocr_line' id='line_1_40' title="bbox 205 3809 1490 3892; baseline 0.002 -18"><span class='ocrx_word' id='word_1_395' title='bbox 205 3810 303 3874; x_wconf 85' lang='lat' dir='ltr'><strong>Plinii</strong></span> <span class='ocrx_word' id='word_1_396' title='bbox 329 3809 468 3872; x_wconf 88' lang='lat' dir='ltr'><strong>mensio</strong></span> <span class='ocrx_word' id='word_1_397' title='bbox 493 3809 633 3890; x_wconf 89' lang='lat' dir='ltr'><strong>ambiguo</strong></span> <span class='ocrx_word' id='word_1_398' title='bbox 657 3819 705 3872; x_wconf 88' lang='lat' dir='ltr'><strong>est</strong></span> <span class='ocrx_word' id='word_1_399' title='bbox 729 3829 795 3872; x_wconf 89' lang='lat' dir='ltr'><strong>cum</strong></span> <span class='ocrx_word' id='word_1_400' title='bbox 817 3809 974 3872; x_wconf 91' lang='lat' dir='ltr'><strong>verborum</strong></span> <span class='ocrx_word' id='word_1_401' title='bbox 993 3810 1179 3872; x_wconf 87' lang='lat' dir='ltr'><strong>obscuritate</strong></span> <span class='ocrx_word' id='word_1_402' title='bbox 1203 3819 1268 3874; x_wconf 91' lang='lat' dir='ltr'><strong>tum</strong></span> <span class='ocrx_word' id='word_1_403' title='bbox 1291 3811 1490 3892; x_wconf 88' lang='lat' dir='ltr'><strong>interpretum</strong></span> 
     </span>
     <span class='ocr_line' id='line_1_41' title="bbox 124 3897 1488 3982; baseline 0.004 -22"><span class='ocrx_word' id='word_1_404' title='bbox 124 3899 150 3960; x_wconf 92' lang='lat' dir='ltr'><strong>in</strong></span> <span class='ocrx_word' id='word_1_405' title='bbox 172 3900 227 3962; x_wconf 89' lang='lat' dir='ltr'><strong>hoc</strong></span> <span class='ocrx_word' id='word_1_406' title='bbox 252 3898 382 3979; x_wconf 88' lang='lat' dir='ltr'><strong>negotio</strong></span> <span class='ocrx_word' id='word_1_407' title='bbox 402 3897 594 3982; x_wconf 81' lang='lat' dir='ltr'><strong>anctoritate.</strong></span> <span class='ocrx_word' id='word_1_408' title='bbox 643 3899 754 3961; x_wconf 90' lang='lat' dir='ltr'><strong>Valido</strong></span> <span class='ocrx_word' id='word_1_409' title='bbox 769 3897 917 3979; x_wconf 91' lang='lat' dir='ltr'><strong>probatur</strong></span> <span class='ocrx_word' id='word_1_410' title='bbox 935 3907 1112 3979; x_wconf 88' lang='lat' dir='ltr'><strong>argumento</strong></span> <span class='ocrx_word' id='word_1_411' title='bbox 1137 3919 1175 3961; x_wconf 88' lang='lat' dir='ltr'><strong>ex</strong></span> <span class='ocrx_word' id='word_1_412' title='bbox 1189 3919 1256 3980; x_wconf 89' lang='lat' dir='ltr'><strong>cap.</strong></span> <span class='ocrx_word' id='word_1_413' title='bbox 1273 3900 1360 3963; x_wconf 90' lang='lat' dir='ltr'><strong>VIII.</strong></span> <span class='ocrx_word' id='word_1_414' title='bbox 1379 3902 1429 3964; x_wconf 92' lang='lat' dir='ltr'><strong>lib.</strong></span> <span class='ocrx_word' id='word_1_415' title='bbox 1444 3903 1488 3966; x_wconf 89' lang='lat'><strong>11.</strong></span> 
     </span>
    </p>
   </div>
   <div class='ocr_carea' id='block_1_3' title="bbox 124 3985 1612 4069">
    <p class='ocr_par' dir='ltr' id='par_1_5' title="bbox 124 3985 1612 4069">
     <span class='ocr_line' id='line_1_42' title="bbox 124 3985 1612 4069; baseline 0 -17"><span class='ocrx_word' id='word_1_416' title='bbox 124 3985 265 4069; x_wconf 83' lang='lat' dir='ltr'><strong>Capellae</strong></span> <span class='ocrx_word' id='word_1_417' title='bbox 299 3995 436 4050; x_wconf 89' lang='lat' dir='ltr'><strong>mentem</strong></span> <span class='ocrx_word' id='word_1_418' title='bbox 459 3987 556 4050; x_wconf 91' lang='lat' dir='ltr'><strong>Plinio</strong></span> <span class='ocrx_word' id='word_1_419' title='bbox 584 4006 643 4049; x_wconf 93' lang='lat' dir='ltr'><strong>non</strong></span> <span class='ocrx_word' id='word_1_420' title='bbox 675 3987 767 4050; x_wconf 83' lang='lat' dir='ltr'><strong>fuisse</strong></span> <span class='ocrx_word' id='word_1_421' title='bbox 795 3997 995 4068; x_wconf 90' lang='lat' dir='ltr'><strong>perspectam.</strong></span> <span class='ocrx_word' id='word_1_422' title='bbox 1042 3987 1088 4048; x_wconf 86' lang='lat' dir='ltr'><strong>Eo</strong></span> <span class='ocrx_word' id='word_1_423' title='bbox 1117 4007 1222 4069; x_wconf 91' lang='lat' dir='ltr'><strong>nempe</strong></span> <span class='ocrx_word' id='word_1_424' title='bbox 1256 3989 1321 4050; x_wconf 91' lang='lat' dir='ltr'><strong>loco</strong></span> <span class='ocrx_word' id='word_1_425' title='bbox 1354 4010 1421 4054; x_wconf 90' lang='lat' dir='ltr'><strong>cum</strong></span> <span class='ocrx_word' id='word_1_426' title='bbox 1451 4011 1489 4052; x_wconf 83' lang='lat' dir='ltr'><strong>ex</strong></span> <span class='ocrx_word' id='word_1_427' title='bbox 1606 3985 1612 3998; x_wconf 59' lang='lat'>⁸</span> 
     </span>
    </p>
   </div>
   <div class='ocr_carea' id='block_1_4' title="bbox 122 4075 1487 4870">
    <p class='ocr_par' dir='ltr' id='par_1_6' title="bbox 122 4075 1487 4320">
     <span class='ocr_line' id='line_1_43' title="bbox 122 4075 1487 4162; baseline 0.003 -24"><span class='ocrx_word' id='word_1_428' title='bbox 122 4079 256 4156; x_wconf 78' lang='lat' dir='ltr'><strong>professo</strong></span> <span class='ocrx_word' id='word_1_429' title='bbox 281 4077 436 4158; x_wconf 87' lang='lat' dir='ltr'><strong>sphaeras</strong></span> <span class='ocrx_word' id='word_1_430' title='bbox 459 4076 627 4151; x_wconf 87' lang='lat' dir='ltr'><strong>ordinaret,</strong></span> <span class='ocrx_word' id='word_1_431' title='bbox 653 4075 756 4152; x_wconf 83' lang='lat' dir='ltr'><strong>„infra</strong></span> <span class='ocrx_word' id='word_1_432' title='bbox 778 4075 889 4153; x_wconf 85' lang='lat' dir='ltr'><strong>Solem,</strong></span> <span class='ocrx_word' id='word_1_433' title='bbox 913 4077 1019 4157; x_wconf 91' lang='lat' dir='ltr'><strong>inquit,</strong></span> <span class='ocrx_word' id='word_1_434' title='bbox 1045 4076 1140 4138; x_wconf 90' lang='lat' dir='ltr'><strong>ambit</strong></span> <span class='ocrx_word' id='word_1_435' title='bbox 1152 4077 1258 4157; x_wconf 89' lang='lat' dir='ltr'><strong>ingens</strong></span> <span class='ocrx_word' id='word_1_436' title='bbox 1275 4077 1359 4140; x_wconf 88' lang='lat' dir='ltr'><strong>sidus</strong></span> <span class='ocrx_word' id='word_1_437' title='bbox 1378 4081 1487 4162; x_wconf 87' lang='lat' dir='ltr'><strong>appel-</strong></span> 
     </span>
     <span class='ocr_line' id='line_1_44' title="bbox 124 4164 1487 4245; baseline 0.003 -19"><span class='ocrx_word' id='word_1_438' title='bbox 124 4167 213 4230; x_wconf 85' lang='lat' dir='ltr'><strong>latam</strong></span> <span class='ocrx_word' id='word_1_439' title='bbox 228 4165 402 4228; x_wconf 88' lang='lat' dir='ltr'><strong>Veneris.“</strong></span> <span class='ocrx_word' id='word_1_440' title='bbox 448 4164 491 4226; x_wconf 89' lang='lat' dir='ltr'><strong>Et</strong></span> <span class='ocrx_word' id='word_1_441' title='bbox 520 4165 610 4244; x_wconf 89' lang='lat' dir='ltr'><strong>paulo</strong></span> <span class='ocrx_word' id='word_1_442' title='bbox 633 4175 705 4245; x_wconf 88' lang='lat' dir='ltr'><strong>post</strong></span> <span class='ocrx_word' id='word_1_443' title='bbox 727 4165 914 4245; x_wconf 85' lang='lat' dir='ltr'><strong>„proximum</strong></span> <span class='ocrx_word' id='word_1_444' title='bbox 940 4164 1053 4228; x_wconf 88' lang='lat' dir='ltr'><strong>Veneri</strong></span> <span class='ocrx_word' id='word_1_445' title='bbox 1076 4165 1159 4228; x_wconf 90' lang='lat' dir='ltr'><strong>sidus</strong></span> <span class='ocrx_word' id='word_1_446' title='bbox 1182 4167 1323 4230; x_wconf 88' lang='lat' dir='ltr'><strong>Mercurii</strong></span> <span class='ocrx_word' id='word_1_447' title='bbox 1346 4169 1487 4232; x_wconf 81' lang='lat' dir='ltr'><strong>inferiore</strong></span> 
     </span>
     <span class='ocr_line' id='line_1_45' title="bbox 123 4253 389 4320; baseline -0.004 -4"><span class='ocrx_word' id='word_1_448' title='bbox 123 4255 228 4320; x_wconf 78' lang='lat' dir='ltr'><strong>cuculo</strong></span> <span class='ocrx_word' id='word_1_449' title='bbox 253 4253 389 4318; x_wconf 82' lang='lat' dir='ltr'><strong>fertur.“</strong></span> 
     </span>
    </p>

    <p class='ocr_par' dir='ltr' id='par_1_7' title="bbox 123 4339 1487 4870">
     <span class='ocr_line' id='line_1_46' title="bbox 205 4339 1486 4426; baseline 0 -20"><span class='ocrx_word' id='word_1_450' title='bbox 205 4343 421 4406; x_wconf 87' lang='lat' dir='ltr'><strong>Retinuerunt</strong></span> <span class='ocrx_word' id='word_1_451' title='bbox 442 4341 517 4402; x_wconf 87' lang='lat' dir='ltr'><strong>haec</strong></span> <span class='ocrx_word' id='word_1_452' title='bbox 540 4339 634 4403; x_wconf 87' lang='lat' dir='ltr'><strong>verba</strong></span> <span class='ocrx_word' id='word_1_453' title='bbox 658 4341 869 4417; x_wconf 89' lang='lat' dir='ltr'><strong>Collimitium,</strong></span> <span class='ocrx_word' id='word_1_454' title='bbox 897 4341 1082 4422; x_wconf 88' lang='lat' dir='ltr'><strong>Zieglerum,</strong></span> <span class='ocrx_word' id='word_1_455' title='bbox 1107 4342 1276 4425; x_wconf 86' lang='lat' dir='ltr'><strong>Mycillum,</strong></span> <span class='ocrx_word' id='word_1_456' title='bbox 1305 4343 1486 4426; x_wconf 85' lang='lat' dir='ltr'><strong>interpretes</strong></span> 
     </span>
     <span class='ocr_line' id='line_1_47' title="bbox 123 4429 1487 4511; baseline 0 -17"><span class='ocrx_word' id='word_1_457' title='bbox 123 4431 207 4496; x_wconf 87' lang='lat' dir='ltr'><strong>Plinii</strong></span> <span class='ocrx_word' id='word_1_458' title='bbox 230 4452 295 4496; x_wconf 93' lang='lat' dir='ltr'><strong>non</strong></span> <span class='ocrx_word' id='word_1_459' title='bbox 321 4430 481 4504; x_wconf 78' lang='lat' dir='ltr'><strong>moerico,</strong></span> <span class='ocrx_word' id='word_1_460' title='bbox 507 4449 564 4510; x_wconf 93' lang='lat' dir='ltr'><strong>quo</strong></span> <span class='ocrx_word' id='word_1_461' title='bbox 588 4429 686 4494; x_wconf 88' lang='lat' dir='ltr'><strong>minus</strong></span> <span class='ocrx_word' id='word_1_462' title='bbox 710 4430 845 4506; x_wconf 84' lang='lat' dir='ltr'><strong>inferius,</strong></span> <span class='ocrx_word' id='word_1_463' title='bbox 870 4448 938 4493; x_wconf 91' lang='lat' dir='ltr'><strong>cum</strong></span> <span class='ocrx_word' id='word_1_464' title='bbox 961 4432 990 4494; x_wconf 94' lang='lat' dir='ltr'><strong>in</strong></span> <span class='ocrx_word' id='word_1_465' title='bbox 1006 4431 1108 4511; x_wconf 88' lang='lat' dir='ltr'><strong>specie</strong></span> <span class='ocrx_word' id='word_1_466' title='bbox 1126 4431 1243 4494; x_wconf 88' lang='lat' dir='ltr'><strong>Phnins</strong></span> <span class='ocrx_word' id='word_1_467' title='bbox 1259 4433 1295 4498; x_wconf 87' lang='lat' dir='ltr'><strong>de</strong></span> <span class='ocrx_word' id='word_1_468' title='bbox 1311 4433 1431 4496; x_wconf 89' lang='lat' dir='ltr'><strong>Venere</strong></span> <span class='ocrx_word' id='word_1_469' title='bbox 1455 4439 1487 4494; x_wconf 89' lang='lat' dir='ltr'><strong>et</strong></span> 
     </span>
     <span class='ocr_line' id='line_1_48' title="bbox 123 4518 1485 4601; baseline -0.001 -19"><span class='ocrx_word' id='word_1_470' title='bbox 123 4522 269 4586; x_wconf 85' lang='lat' dir='ltr'><strong>Mercurio</strong></span> <span class='ocrx_word' id='word_1_471' title='bbox 300 4519 399 4582; x_wconf 90' lang='lat' dir='ltr'><strong>verba</strong></span> <span class='ocrx_word' id='word_1_472' title='bbox 428 4519 518 4594; x_wconf 81' lang='lat' dir='ltr'><strong>facit,</strong></span> <span class='ocrx_word' id='word_1_473' title='bbox 547 4519 577 4580; x_wconf 92' lang='lat' dir='ltr'><strong>in</strong></span> <span class='ocrx_word' id='word_1_474' title='bbox 600 4518 698 4582; x_wconf 89' lang='lat' dir='ltr'><strong>Plinio</strong></span> <span class='ocrx_word' id='word_1_475' title='bbox 728 4518 885 4599; x_wconf 84' lang='lat' dir='ltr'><strong>Capellam</strong></span> <span class='ocrx_word' id='word_1_476' title='bbox 914 4539 1080 4601; x_wconf 84' lang='lat' dir='ltr'><strong>agnoscere</strong></span> <span class='ocrx_word' id='word_1_477' title='bbox 1108 4521 1231 4584; x_wconf 90' lang='lat' dir='ltr'><strong>vellent.</strong></span> <span class='ocrx_word' id='word_1_478' title='bbox 1279 4519 1357 4584; x_wconf 90' lang='lat' dir='ltr'><strong>Sunt</strong></span> <span class='ocrx_word' id='word_1_479' title='bbox 1384 4527 1485 4582; x_wconf 88' lang='lat' dir='ltr'><strong>autem</strong></span> 
     </span>
     <span class='ocr_line' id='line_1_49' title="bbox 124 4607 1484 4689; baseline -0.004 -15"><span class='ocrx_word' id='word_1_480' title='bbox 124 4609 193 4674; x_wconf 77' lang='lat' dir='ltr'><strong>haec</strong></span> <span class='ocrx_word' id='word_1_481' title='bbox 216 4631 257 4674; x_wconf 86' lang='lat' dir='ltr'><strong>ex</strong></span> <span class='ocrx_word' id='word_1_482' title='bbox 275 4627 347 4688; x_wconf 89' lang='lat' dir='ltr'><strong>cap.</strong></span> <span class='ocrx_word' id='word_1_483' title='bbox 372 4607 497 4670; x_wconf 82' lang='lat' dir='ltr'><strong>XVII:</strong></span> <span class='ocrx_word' id='word_1_484' title='bbox 532 4607 687 4683; x_wconf 84' lang='lat' dir='ltr'><strong>„Primum</strong></span> <span class='ocrx_word' id='word_1_485' title='bbox 710 4607 802 4688; x_wconf 89' lang='lat' dir='ltr'><strong>igitur</strong></span> <span class='ocrx_word' id='word_1_486' title='bbox 825 4609 959 4678; x_wconf 89' lang='lat' dir='ltr'><strong>dicatur,</strong></span> <span class='ocrx_word' id='word_1_487' title='bbox 983 4629 1035 4672; x_wconf 90' lang='lat' dir='ltr'><strong>cur</strong></span> <span class='ocrx_word' id='word_1_488' title='bbox 1058 4607 1088 4670; x_wconf 91' lang='lat' dir='ltr'><strong>hi</strong></span> <span class='ocrx_word' id='word_1_489' title='bbox 1112 4609 1170 4671; x_wconf 88' lang='lat' dir='ltr'><strong>duo</strong></span> <span class='ocrx_word' id='word_1_490' title='bbox 1194 4627 1342 4689; x_wconf 91' lang='lat' dir='ltr'><strong>nunquam</strong></span> <span class='ocrx_word' id='word_1_491' title='bbox 1365 4607 1484 4685; x_wconf 87' lang='lat' dir='ltr'><strong>longios</strong></span> 
     </span>
     <span class='ocr_line' id='line_1_50' title="bbox 125 4695 1484 4779; baseline 0.001 -21"><span class='ocrx_word' id='word_1_492' title='bbox 125 4699 234 4763; x_wconf 86' lang='lat' dir='ltr'><strong>aSole</strong></span> <span class='ocrx_word' id='word_1_493' title='bbox 258 4697 445 4770; x_wconf 88' lang='lat' dir='ltr'><strong>abscedant,</strong></span> <span class='ocrx_word' id='word_1_494' title='bbox 469 4715 560 4776; x_wconf 85' lang='lat' dir='ltr'><strong>saepe</strong></span> <span class='ocrx_word' id='word_1_495' title='bbox 584 4698 622 4760; x_wconf 87' lang='lat' dir='ltr'><strong>ad</strong></span> <span class='ocrx_word' id='word_1_496' title='bbox 641 4696 744 4760; x_wconf 85' lang='lat' dir='ltr'><strong>Solem</strong></span> <span class='ocrx_word' id='word_1_497' title='bbox 766 4698 971 4779; x_wconf 86' lang='lat' dir='ltr'><strong>reciprocent?</strong></span> <span class='ocrx_word' id='word_1_498' title='bbox 1018 4695 1190 4760; x_wconf 87' lang='lat' dir='ltr'><strong>Conversas</strong></span> <span class='ocrx_word' id='word_1_499' title='bbox 1204 4697 1319 4760; x_wconf 85' lang='lat' dir='ltr'><strong>habent</strong></span> <span class='ocrx_word' id='word_1_500' title='bbox 1341 4701 1484 4776; x_wconf 87' lang='lat' dir='ltr'><strong>utraeque</strong></span> 
     </span>
     <span class='ocr_line' id='line_1_51' title="bbox 124 4783 1483 4870; baseline -0.003 -20"><span class='ocrx_word' id='word_1_501' title='bbox 124 4787 243 4852; x_wconf 85' lang='lat' dir='ltr'><strong>absidas</strong></span> <span class='ocrx_word' id='word_1_502' title='bbox 268 4795 305 4850; x_wconf 84' lang='lat' dir='ltr'><strong>nt</strong></span> <span class='ocrx_word' id='word_1_503' title='bbox 330 4785 414 4852; x_wconf 83' lang='lat' dir='ltr'><strong>iufra</strong></span> <span class='ocrx_word' id='word_1_504' title='bbox 436 4783 538 4850; x_wconf 78' lang='lat' dir='ltr'><strong>Solem</strong></span> <span class='ocrx_word' id='word_1_505' title='bbox 561 4785 651 4864; x_wconf 86' lang='lat' dir='ltr'><strong>sitae,</strong></span> <span class='ocrx_word' id='word_1_506' title='bbox 675 4794 850 4870; x_wconf 88' lang='lat' dir='ltr'><strong>tantumque</strong></span> <span class='ocrx_word' id='word_1_507' title='bbox 873 4787 995 4852; x_wconf 86' lang='lat' dir='ltr'><strong>circulis</strong></span> <span class='ocrx_word' id='word_1_508' title='bbox 1018 4804 1121 4852; x_wconf 85' lang='lat' dir='ltr'><strong>aarum</strong></span> <span class='ocrx_word' id='word_1_509' title='bbox 1143 4786 1247 4848; x_wconf 86' lang='lat' dir='ltr'><strong>subter</strong></span> <span class='ocrx_word' id='word_1_510' title='bbox 1269 4790 1318 4846; x_wconf 87' lang='lat' dir='ltr'><strong>ost</strong></span> <span class='ocrx_word' id='word_1_511' title='bbox 1340 4791 1483 4865; x_wconf 84' lang='lat' dir='ltr'><strong>quantum</strong></span> 
     </span>
    </p>
   </div>
   <div class='ocr_carea' id='block_1_5' title="bbox 0 0 1818 5518">
    <p class='ocr_par' dir='ltr' id='par_1_8' title="bbox 0 0 1818 5518">
     <span class='ocr_line' id='line_1_52' title="bbox 0 0 1818 5518; baseline 0 8"><span class='ocrx_word' id='word_1_512' title='bbox 0 0 1818 5518; x_wconf 95' lang='lat' dir='ltr'><strong> </strong></span> 
     </span>
    </p>
   </div>
  </div>
 </body>
</html>
