3674 5528
308 245 374 315 358
534 317 538 324 Ι
727 247 830 300 Literas
845 247 951 313 Kepleri
970 247 1121 316 shommqne
1138 243 1243 301 matriae

307 408 334 458 in
352 406 432 475 prima
450 407 576 458 creatione
595 411 689 458 semum
707 409 847 471 respeetmu
866 406 943 472 signis
964 411 991 456 st
1001 405 1110 470 planetis
1123 407 1276 466 attribuirm,
1295 407 1328 460 ed
1339 407 1404 460 hese
1415 407 1454 460 rel
1465 407 1520 460 als
1531 407 1595 460 losa
1607 421 1668 474 pree

309 477 363 529 aliis
383 476 523 526 afficienda.

380 547 445 608 Quid
471 549 548 596 sentis
574 547 605 596 de
630 547 724 612 ignium
749 547 828 611 globis
855 561 885 596 ox
904 545 983 595 stre?
1019 547 1072 610 ligo
1097 553 1157 610 puto
1176 561 1230 597 esse
1258 549 1403 612 imperfecta
1422 549 1547 614 quaedam
1566 563 1669 614 corpora

310 619 440 680 cometics,
460 631 509 668 nou
528 618 591 668 satis
609 617 751 674 sublimatur
772 633 802 668 ex
820 619 927 668 materis
945 617 1043 667 diram
1061 623 1087 666 st
1104 618 1151 667 sibi
1171 619 1297 668 coenaria
1314 626 1437 670 comme.

379 688 437 738 iarn
455 688 572 738 describit
590 689 745 738 emunctam
764 703 782 738 a
798 703 825 738 ss
844 688 973 750 stellam
996 689 1187 738 variabilem
1209 689 1236 738 ln
1254 696 1311 740 ceto
1330 695 1355 740 et
1372 691 1411 740 sie
1428 689 1569 740 concludit:
1593 687 1667 750 vele,

307 759 372 824 eigs,
390 759 466 810 tiore!
502 759 575 809 Brevi
594 759 665 822 plura
683 758 713 808 ds
733 765 831 812 comem
848 765 891 808 tuo
911 763 937 808 st
956 759 1011 808 eliis
1029 759 1140 809 habebis.
1178 757 1264 810 Scribe
1289 775 1384 824 quoque
1402 761 1475 818 mihi,
1502 775 1570 825 quse
1595 761 1672 810 iussit

307 829 435 878 vernunst
450 831 591 893 praecessio
611 830 821 894 aequinoctiorum
847 837 957 894 tempere
975 829 1127 891 Ptolemaei,
1153 830 1253 894 qualem
1276 837 1304 880 tn
1330 839 1436 896 numque
1453 831 1614 896 Hipparchus
1639 847 1670 882 es

309 900 421 964 diligenti
439 907 549 950 veterum
569 901 739 950 observatione
757 901 880 950 invenitis.
919 898 997 960 Vale,
1017 901 1050 949 mi
1070 901 1238 952 amantissime
1258 901 1383 965 Keplere.
1409 907 1435 952 et
1454 903 1598 954 diuturnum
1616 904 1669 954 vire

308 985 339 1022 sc
357 971 426 1026 sale,
451 976 479 1018 ut
497 977 617 1034 tanquam
635 971 707 1020 Atlas
726 970 821 1022 eoelum
848 985 878 1020 ao
896 971 1027 1034 sphaeram
1050 977 1095 1020 tua
1112 973 1218 1022 scientia
1242 973 1341 1030 lnlcire,
1368 973 1417 1022 imo
1436 985 1557 1023 renovare
1583 973 1669 1036 possis.

311 1041 380 1092 Deus
400 1039 430 1092 0.
450 1040 488 1092 lt.
507 1041 633 1092 tibicines
653 1055 684 1091 ac
701 1055 773 1092 susm
792 1043 899 1106 gretiam
918 1041 1056 1106 largissime
1075 1042 1108 1092 sd
1126 1043 1152 1091 id
1169 1057 1229 1106 opus
1248 1043 1427 1093 communicet!
1452 1046 1543 1095 Amen.
1582 1043 1672 1094 suum

307 1119 378 1164 usus
395 1114 463 1175 piam
481 1125 582 1160 uxorem
605 1120 631 1162 st
649 1126 733 1161 omnes
752 1112 915 1174 Tychunioos.
953 1109 1093 1176 (Inscripsit
1120 1112 1167 1163 has
1184 1113 1270 1163 literas
1293 1115 1345 1164 sio:
1371 1114 1587 1165 Excellentissimo
1605 1113 1670 1164 (ise-

308 1195 397 1234 umas
414 1182 556 1245 Maiestatis
576 1185 722 1232 Astronomo
747 1197 776 1233 sc
794 1182 938 1234 Ptolemaeo
957 1184 1105 1236 Gemanica
1124 1183 1157 1232 Ι).
1175 1183 1200 1233 J.
1219 1185 1342 1248 Keplero,
1362 1186 1443 1234 amico
1461 1200 1506 1236 suo
1523 1185 1671 1234 suumne

309 1255 467 1310 ermenteo,
493 1253 595 1303 uranica
609 1259 634 1302 et
651 1255 725 1303 unice
744 1250 868 1314 colendo.)
889 1277 922 1287 -
942 1253 980 1303 Ea
992 1269 1057 1318 quse
1069 1255 1164 1319 reliqua
1176 1260 1234 1304 sunt
1246 1255 1334 1306 harum
1347 1256 1508 1318 epistolarum
1520 1255 1672 1306 notabiliora

308 1323 528 1382 recensuerunt.
557 1324 716 1382 utdiximue,
746 1325 870 1374 adlibros
888 1323 990 1387 Kepleri
1018 1325 1050 1374 de
1069 1324 1199 1388 Optics,
1226 1324 1315 1375 Nora
1333 1325 1442 1376 Stella
1467 1327 1623 1378 senextus
1641 1339 1672 1375 ex

308 1399 379 1458 perte
398 1395 436 1445 de
454 1393 575 1452 Marte,
594 1395 625 1446 de
643 1409 691 1459 quo
703 1395 830 1446 Fabricius
848 1394 971 1458 permulta
983 1409 1062 1460 esque
1075 1410 1125 1446 uon
1137 1397 1236 1446 omniuo
1249 1396 1386 1459 rejicienda
1397 1398 1430 1448 sd
1441 1397 1581 1462 Keplernm
1593 1396 1671 1446 dedit.

382 1676 454 1737 Quae
480 1689 536 1726 cum
555 1676 611 1726 aliis
628 1677 788 1740 Keplerus
812 1691 856 1740 per
873 1677 959 1727 literas
983 1678 1035 1742 egit
1060 1676 1090 1726 de
1113 1678 1185 1728 rebus
1207 1677 1360 1743 semulogicis
1380 1677 1586 1744 Gsleudmiisqne
1611 1681 1672 1736 suis.

310 1748 400 1812 partim
418 1761 494 1830 supra
511 1750 688 1810 proposuimus,
708 1747 798 1812 partim
815 1749 914 1812 propius
933 1749 1061 1813 attingmn
1077 1749 1166 1799 libmm
1184 1749 1216 1799 de
1235 1747 1315 1800 Stella
1328 1749 1408 1799 Nora.
1447 1750 1595 1802 Praemisit
1607 1753 1673 1804 hese

311 1817 663 1939 sumammuh
682 1885 845 1950 (Vicimus,
876 1887 951 1946 ,Sec
971 1887 1044 1938 Cass.
1064 1887 1207 1951 hiajsstatis
1227 1889 1349 1954 dapifer“.
1376 1897 1476 1954 postea:
1505 1905 1539 1950 ,a
1565 1891 1673 1942 consiliis

312 1955 473 2020 metallicist)
492 1961 564 2024 plura
580 1961 633 2024 egit
649 1974 693 2023 per
710 1959 796 2008 literas
815 1975 870 2009 oum
888 1960 998 2023 Keplero
1018 1959 1191 2014 astronomica.
1210 1960 1254 2010 scd
1273 1975 1337 2025 quae
1356 1967 1500 2025 spectarent
1518 1962 1631 2012 mamma
1642 1977 1673 2012 ex

310 2038 383 2094 parte
402 2031 559 2096 asmologica.
579 2028 676 2094 (comp.
696 2030 808 2080 ilausch.
828 2045 853 2093 p.
873 2027 1036 2092 tut-³3³.)
1073 2029 1176 2080 Praeter
1194 2031 1244 2080 alis
1262 2031 1361 2094 saepius
1381 2047 1397 2082 s
1414 2033 1525 2096 Keplere
1542 2034 1621 2096 petit.
1644 2040 1673 2083 ut

311 2101 358 2165 ipsi
383 2102 463 2152 rarius
487 2101 640 2166 ,dirigendi“
660 2102 745 2151 modos
774 2101 887 2166 explicet
923 2101 964 2152 Ad
988 2102 1052 2152 haec
1076 2101 1204 2166 rsepondit
1221 2103 1383 2166 Keplerus
1406 2101 1442 2166 (d.
1462 2102 1488 2153 8.
1506 2104 1568 2154 uec.
1590 2101 1673 2165 luti)
1784 2158 1790 2168 ,

313 2171 379 2222 huno
396 2171 422 2222 in
439 2171 551 2221 modum:

526 2257 720 2321 Nobilissime
744 2259 881 2334 Domine,
907 2262 1021 2322 Fautor
1045 2258 1275 2323 Colendissime.

311 2390 313 2394 .
402 2347 478 2426 Legi
500 2347 665 2409 Ptolemaei
690 2347 788 2409 locum
812 2366 877 2410 cum
892 2349 1070 2424 attentione,
1095 2355 1126 2410 et
1145 2347 1249 2410 videor
1263 2349 1334 2412 mihi
1349 2367 1471 2411 sensum
1484 2357 1570 2412 reete
1585 2367 1671 2412 com-

314 2434 524 2516 prehendisse,
560 2455 648 2516 quern
679 2435 852 2515 explicabo,
883 2437 976 2498 misso
1001 2435 1158 2513 Cardono,
1193 2439 1277 2517 cujus
1305 2439 1578 2500 commentationes
1602 2445 1674 2500 suni

315 2523 502 2585 obscuriores
524 2523 591 2603 ipso
615 2524 786 2586 Ptolemaei
808 2534 904 2600 textu,
928 2534 1000 2608 puto
1023 2527 1209 2606 prolixitate,
1234 2527 1383 2589 varietate
1408 2526 1671 2606 imaginationum,

315 2611 416 2673 taedio
440 2611 578 2674 lectionis
598 2620 630 2673 et
652 2613 812 2692 praecipue
835 2613 918 2675 vitiis
943 2607 1221 2694 typographicis.⁸)

403 2701 470 2762 Duo
484 2699 577 2781 igitur
600 2701 715 2762 dicam:
745 2700 776 2775 1)
800 2701 1019 2764 Doctrinam
1043 2703 1296 2765 directionum
1320 2721 1357 2762 er
1376 2711 1476 2764 mente
1491 2702 1670 2764 Ptolemaei.

315 2785 351 2863 2)
374 2787 571 2851 Rationem
595 2790 854 2852 constituendi
878 2791 1001 2852 dumos
1026 2793 1230 2865 coelestes,
1256 2809 1294 2852 ex
1317 2790 1423 2851 codem
1448 2799 1584 2853 auctore.

403 2877 569 2958 Dcprimu.
607 2877 687 2939 Fieri
714 2885 831 2958 potest,
856 2886 890 2939 ut
914 2877 1070 2942 Cardenus
1089 2879 1138 2942 hic
1161 2881 1366 2941 Ptolemaeum
1391 2898 1450 2941 non
1473 2881 1553 2941 male
1577 2879 1673 2942 intel-

315 2963 423 3027 lexerit
429 2985 437 3040 ;
461 2986 519 3027 nun
540 2966 737 3027 enimomnes
753 2964 885 3028 Cardaui
899 2969 1107 3048 paragraphus
1122 2967 1321 3030 consideravi.
1339 2977 1341 2985 ’
1356 2967 1400 3029 At
1416 2965 1524 3030 Stadio
1544 2969 1673 3029 multum

316 3055 412 3130 deest,
429 3073 484 3134 quo
508 3055 606 3116 minus
630 3074 750 3116 sonsum
775 3057 1034 3131 tenuissemus,
1061 3057 1130 3138 quia
1148 3057 1282 3118 omuibus
1297 3055 1443 3117 machinis
1459 3057 1517 3119 hoc
1540 3057 1615 3133 ogit,
1641 3063 1675 3118 ut

316 3163 354 3204 ex
367 3143 553 3205 Ptolemaiou
570 3143 717 3222 dirigendi
733 3144 821 3205 modo
837 3151 975 3206 exstruat
989 3146 1110 3207 modum
1124 3145 1257 3224 erigendi
1272 3145 1384 3224 figuras
1400 3147 1559 3207 coelestes.
1597 3146 1673 3206 Pto·

316 3231 423 3293 lemaei
447 3231 599 3293 sententia
621 3233 697 3293 haec
721 3240 784 3293 est:
817 3233 976 3294 videndum
1000 3252 1084 3309 esse,
1115 3243 1186 3316 quot
1209 3234 1353 3312 manuum
1379 3233 1554 3312 sequuturis
1583 3235 1673 3295 volu-

314 3321 396 3382 tione
419 3320 629 3397 significatoria
654 3321 746 3382 situm
769 3331 949 3400 assequatur
972 3323 1145 3400 promissor.
1193 3321 1272 3392 Quia
1287 3342 1359 3384 vero
1374 3323 1516 3383 zodiacus
1532 3322 1673 3402 obliquus

317 3415 372 3480 est,
399 3407 522 3487 ejusque
545 3413 660 3487 partes,
685 3408 742 3470 uisi
758 3410 870 3470 fuerint
885 3409 1047 3483 antisciae,
1071 3420 1222 3492 nequeunt
1244 3412 1323 3472 idem
1347 3410 1506 3475 rneridiaui
1531 3419 1564 3472 et
1588 3411 1675 3472 hori-

314 3496 411 3558 zontis
426 3501 569 3575 punctum
584 3496 727 3571 transire,
753 3497 820 3559 ideo
837 3499 940 3559 delinit
953 3497 1162 3572 Ptolemaeus,
1187 3499 1257 3580 quid
1277 3499 1319 3560 sit
1332 3499 1479 3560 identitas
1499 3501 1579 3560 situs
1594 3501 1675 3562 inter

313 3593 417 3666 partes
432 3583 546 3646 zodiaci
562 3602 620 3645 non
636 3585 789 3648 autiscias.
836 3585 912 3648 Earn
937 3587 1071 3650 definivit
1084 3607 1138 3668 per
1157 3587 1333 3650 identitates
1353 3585 1454 3648 circuli
1469 3588 1674 3667 positionum3

314 3683 385 3735 tunc
409 3673 486 3734 enirn
509 3673 722 3752 promissorem
746 3675 882 3736 obtinere
907 3675 1034 3737 similem
1059 3676 1147 3739 situm
1175 3675 1271 3752 illius,
1306 3695 1393 3755 quern
1418 3675 1552 3738 habebat
1577 3676 1675 3756 signi-

314 3763 429 3833 ficator,
445 3762 471 3822 si
486 3762 649 3839 promissor
667 3763 808 3825 inciderit
822 3765 851 3824 in
869 3765 1010 3826 circulum
1027 3765 1195 3844 positionis,
1217 3784 1302 3844 quem
1319 3765 1506 3843 significator
1520 3773 1674 3827 tenuerat.

315 3848 431 3912 Deinde
447 3849 566 3929 quaerit
583 3849 662 3911 viam
679 3857 709 3912 et
723 3853 905 3927 methodum,
931 3855 1077 3933 quomodo
1091 3854 1272 3932 perducatur
1284 3854 1450 3933 promissor
1464 3855 1501 3914 ad
1518 3855 1598 3916 hunc
1614 3855 1674 3916 'cir-

316 3940 424 4001 culurn.
472 3935 569 4007 Quum
594 3947 694 4000 autern
719 3961 775 4002 non
793 3949 950 4003 exstarent
965 3941 1096 4014 tabulae,
1122 3941 1235 4004 similes
1251 3943 1313 4003 tab.
1339 3943 1536 4004 directionum
1556 3941 1674 4023 Regio-

316 4026 464 4101 nrontsni,
500 4027 604 4106 quibus
638 4029 863 4108 expeditissime
891 4031 1044 4108 negotium
1077 4032 1115 4092 ad
1149 4040 1280 4092 mentem
1308 4031 1475 4092 Ptolemaei
1510 4033 1675 4110 perficitur,

315 4116 383 4178 ideo
415 4116 549 4194 confugit
573 4117 766 4179 Ptolemaeus
793 4120 835 4196 ,ad
859 4119 979 4181 horaria
1009 4127 1161 4200 tempora,
1192 4131 1222 4182 et
1248 4119 1334 4192 dicit,
1364 4127 1433 4180 tunc
1461 4139 1530 4180 esse
1555 4120 1678 4182 diversa

315 4203 431 4267 zodiaci
460 4212 571 4282 puncta
594 4225 684 4286 super
707 4208 811 4270 eodem
827 4207 936 4270 circulo
951 4209 1120 4287 positionis,
1145 4209 1174 4269 h.
1196 4229 1222 4270 e.
1243 4209 1271 4269 in
1293 4207 1384 4270 simili
1399 4208 1467 4282 situ,
1493 4227 1561 4270 curn
1578 4208 1675 4290 quod-

317 4293 392 4355 libet
411 4311 512 4354 euruur
535 4311 589 4372 per
604 4313 674 4355 suas
689 4297 827 4374 proprias
843 4297 932 4358 horas
949 4300 1130 4376 temporales
1156 4300 1223 4370 (seu
1237 4297 1440 4376 planetarios)
1464 4297 1588 4376 aequali
1610 4316 1675 4359 tum

316 4381 426 4444 ceteris
449 4400 573 4442 numero
597 4391 728 4458 sumine,
763 4384 970 4447 ameridiauo
1001 4383 1154 4448 distiterit.
1202 4385 1270 4446 Jarn
1300 4385 1392 4464 igitur
1423 4385 1479 4446 huc
1503 4385 1677 4447 devolvitur

317 4470 480 4550 negotium,
505 4477 538 4530 ut
555 4476 712 4534 teneamus
726 4473 871 4534 rationem
893 4481 924 4535 et
937 4475 1120 4547 methodum,
1147 4493 1206 4554 qua
1220 4475 1277 4534 duo
1293 4473 1413 4534 diverse
1429 4473 1545 4535 zodiaci
1560 4481 1676 4553 puncta

317 4559 438 4640 aequali
461 4559 626 4622 interstitio
651 4563 789 4622 horarum
814 4563 919 4642 cuique
943 4563 1129 4642 propriarum
1150 4561 1193 4624 M.
1211 4561 1246 4624 Ο.
1268 4563 1500 4636 admoveantur,
1527 4571 1562 4624 ut
1585 4561 1671 4624 simul

318 4656 418 4709 tamen
442 4646 622 4722 innotescat,
648 4658 721 4730 quot
735 4650 847 4728 gradus
863 4651 1036 4730 sequuturis
1053 4651 1247 4714 meridianum
1267 4659 1425 4712 transeant
1441 4652 1574 4724 interim,
1601 4653 1669 4712 duru

319 4752 393 4797 uirus
416 4734 499 4798 locus
523 4739 699 4816 postellum
716 4739 844 4800 adhunc
860 4739 1027 4820 quaesitum
1044 4739 1224 4822 pervenerit.
1264 4739 1313 4800 Ad
1329 4737 1385 4800 hoc
1401 4748 1433 4801 ut
1447 4741 1672 4820 perveuiarnus,
