3674 5528
703 275 826 333 dem
844 277 1005 344 melotide
1470 275 1538 348 w

161 449 219 512 par
240 433 353 512 polum
376 433 495 496 scditci
519 433 602 495 ducti
625 433 800 496 describere
823 433 951 496 circulos
974 436 1146 511 domorum,
1167 427 1398 515 'intercipientes
1421 435 1538 502 metuet

165 521 314 600 aequalis
339 522 595 584 dodecatemoria.

258 608 412 690 Sequitur
435 610 541 672 modus
563 611 760 672 construendi
783 610 918 672 tabulam
943 611 1096 673 domorum
1120 611 1159 672 ad
1183 618 1312 673 mentem
1328 609 1437 690 Stadii,
1463 611 1534 676 Ma-

170 695 251 776 gisi,
275 697 442 767 Everardi,
466 697 574 772 Marii,
598 697 628 762 in
653 717 710 779 quo
733 697 892 777 ccutIngit,
916 707 950 760 ut
972 718 1058 762 omne
1076 697 1193 762 initium
1218 699 1322 765 domus
1340 699 1396 762 XI.
1420 699 1535 764 duabus

169 786 254 847 horis
278 786 501 866 temporalibus
525 785 637 864 elapsis
661 787 765 849 veniet
786 787 826 848 ad
849 787 1059 862 meridianum,
1085 807 1172 850 omns
1194 787 1311 850 initium
1335 789 1440 850 domus
1462 789 1535 851 XII.
1611 797 1613 806 ’

171 881 302 952 quattmr
326 875 410 936 horis
434 873 651 954 temporalibus
670 875 790 949 eodem;
815 876 977 936 seeundum
992 877 1110 936 modum
1135 876 1307 938 directionis
1328 877 1536 938 aPtolemaen
1592 925 1599 940 .

173 963 342 1023 traditum:
368 963 408 1023 ad
431 963 618 1042 propositam
643 963 831 1024 altitudinem
854 964 915 1042 puli
940 982 1050 1042 quaere
1074 963 1203 1026 omnium
1218 965 1363 1044 graduum
1378 965 1536 1044 eclipticne

174 1050 363 1130 integrorum
388 1051 613 1112 ostensionales
637 1051 832 1124 differentias,
857 1071 932 1132 quas
955 1051 1069 1113 habent
1091 1053 1121 1112 iu
1136 1053 1306 1126 horizonte;
1330 1054 1367 1114 de
1392 1054 1428 1114 iis
1451 1073 1535 1115 sume

172 1148 293 1220 partem
317 1139 454 1208 tertiam,
484 1146 515 1200 et
537 1139 629 1212 adde,
661 1141 686 1201 si
711 1140 963 1218 septentrionalia
986 1141 1073 1220 signa
1097 1140 1221 1213 luerint,
1253 1141 1291 1202 ad
1316 1137 1385 1215 30⁰,
1413 1151 1478 1216 aut,
1509 1141 1535 1203 si

127 1295 128 1298 Ἴ
175 1227 397 1302 meridionalia,
423 1228 517 1289 aufer.
564 1225 718 1290 Summam
743 1229 791 1290 vel
815 1229 965 1290 residuum
990 1230 1075 1304 aufer
1098 1230 1192 1290 semel
1217 1230 1256 1290 ab
1274 1229 1312 1291 Α.
1329 1229 1367 1292 R.
1388 1230 1535 1310 propositi

180 1315 312 1394 gradus,
348 1324 379 1377 et
402 1313 580 1395 relinquitur
606 1315 662 1377 tibi
685 1317 724 1378 Α.
749 1316 787 1377 R.
811 1316 901 1377 medii
925 1316 1016 1388 coeli,
1040 1317 1118 1397 quod
1143 1317 1246 1391 fuerit,
1281 1319 1306 1378 si
1329 1319 1441 1398 gradem
1464 1327 1536 1380 tuus

179 1404 303 1466 steterit
326 1405 356 1464 in
381 1403 503 1482 cuspide
526 1403 583 1466 XI.
630 1403 664 1465 Si
689 1423 834 1467 summam
861 1404 910 1465 vel
933 1404 1083 1468 residuum
1103 1404 1149 1466 bis
1165 1403 1335 1480 abstuleris,
1361 1407 1536 1487 relinquitur

178 1493 218 1554 A.
243 1492 284 1554 R.
310 1492 401 1553 medii
424 1491 518 1566 coeli,
547 1493 758 1572 respondentis
782 1494 963 1574 tuo-gradui
994 1494 1024 1554 iu
1047 1493 1120 1555 XII.
1146 1494 1304 1556 collocato.
1350 1495 1409 1557 Pro
1432 1493 1536 1556 inferis

178 1581 317 1643 domibus
341 1573 413 1661 pars
437 1579 528 1642 tertia
551 1581 739 1643 differentiae
764 1581 981 1643 ascensionalis
1005 1589 1054 1643 est
1077 1583 1241 1644 auferenda
1264 1603 1282 1642 a
1307 1579 1375 1658 30⁰,
1401 1583 1428 1644 si
1449 1581 1539 1644 fuerit

179 1669 429 1752 septentrionalis
444 1675 513 1730 tuus
528 1668 650 1748 gradus,
666 1671 815 1743 addenda,
841 1670 865 1732 si
880 1669 1086 1732 meridionalis
1092 1689 1101 1743 ;
1126 1678 1157 1732 et
1178 1669 1330 1733 residuum
1345 1672 1392 1734 vel
1412 1691 1536 1746 summa,

180 1757 277 1820 semel
302 1757 409 1820 addita
433 1757 471 1818 ad
493 1755 534 1818 A.
554 1757 594 1838 R.
623 1757 667 1820 tui
697 1759 823 1837 gradus,
854 1759 929 1820 facit
951 1757 991 1821 A.
1015 1759 1054 1820 R.
1083 1758 1136 1821 imi
1159 1759 1248 1827 coeli,
1283 1758 1308 1820 si
1332 1760 1445 1839 gradus
1468 1768 1537 1822 tuus

180 1845 271 1908 fuerit
295 1847 324 1908 in
349 1846 457 1920 tertia3
480 1845 527 1908 bis
550 1847 664 1920 addita,
690 1847 766 1908 facit
787 1848 827 1909 A.
843 1847 882 1909 R.
907 1839 966 1910 imi
982 1845 1068 1921 coeli,
1093 1847 1119 1909 si
1133 1848 1245 1927 gradum
1268 1855 1338 1910 tuus
1361 1849 1391 1910 iu
1406 1849 1539 1911 secunda
1599 1857 1602 1862 '

178 1934 304 2014 cuspide
328 1934 458 1996 steterit.
505 1935 571 1998 Hoc
594 1945 684 2015 pacto
708 1955 762 2015 pro
786 1933 959 1998 ldnmibus
983 1935 1063 2010 (xi,
1075 1935 1162 2011 -XII,
1184 1935 1233 2008 Il.,
1249 1935 1322 2006 III.)
1345 1935 1537 2000 constituun-

178 2029 227 2084 tur
250 2019 273 2085 4
297 2022 446 2097 tabellae,
481 2042 557 2103 quae
581 2023 694 2085 habent
717 2025 747 2085 in
771 2025 813 2086 M.
840 2023 875 2087 O.
901 2025 1017 2087 minuta
1040 2023 1237 2086 adhaerentia
1260 2026 1398 2104 partibus
1421 2025 1537 2088 zodiaci

178 2129 230 2172 seu
254 2109 401 2188 gradibus
425 2110 562 2192 integris,
586 2111 615 2174 in
640 2113 776 2175 domibus
800 2112 934 2194 integros
957 2114 1081 2194 gradem.
1128 2113 1231 2175 Facile
1254 2122 1306 2175 est
1328 2113 1430 2192 igitur,
1454 2109 1537 2176 eud

177 2199 292 2261 tabulis
316 2217 407 2260 unam
430 2199 547 2274 iacere,
581 2201 741 2264 collocatis
770 2201 897 2281 integris
926 2201 1070 2280 gradibus
1093 2201 1122 2262 in
1146 2201 1190 2264 M.
1216 2199 1270 2276 0:,
1309 2209 1341 2264 et
1363 2201 1538 2281 cuspidibus

177 2289 334 2349 domorum
359 2305 425 2349 cum
449 2295 536 2368 parte
560 2287 787 2370 proportionali,
813 2291 843 2352 h.
869 2308 895 2350 e.
921 2309 989 2352 curu
1012 2289 1247 2352 adhaerentibus
1271 2288 1395 2352 minutis
1417 2289 1448 2352 lu
1465 2309 1537 2352 suos
1598 2309 1603 2320 ·

177 2375 295 2437 loculos
319 2375 489 2440 collocatis.
535 2375 710 2440 Notandum
734 2386 853 2452 tamen,
883 2396 938 2440 nos
960 2379 1055 2440 molto
1078 2379 1189 2441 rectius
1214 2378 1254 2440 ad
1275 2387 1407 2440 mentem
1429 2377 1536 2442 Ptole-

176 2464 254 2526 maei
281 2471 475 2542 operaturos,
505 2474 537 2527 et
559 2485 648 2548 quam
673 2467 806 2544 proxime
830 2466 869 2527 ad
892 2466 1074 2528 directiones
1097 2465 1347 2545 Regiomontani,
1372 2475 1404 2527 et
1428 2467 1457 2527 iu
1481 2467 1538 2528 hoc

177 2551 300 2628 negctIo
323 2553 364 2614 ad
387 2553 527 2634 cuspides
551 2556 705 2616 domorum
728 2555 893 2617 rationales
916 2563 1079 2630 venturos,
1111 2556 1137 2617 si
1170 2554 1355 2618 differentias
1380 2555 1537 2616 ascensio-

176 2641 264 2702 nales
289 2659 349 2701 non
371 2641 402 2703 iu
425 2641 579 2704 horizonte
602 2643 676 2711 loni,
711 2643 764 2704 sed
788 2662 843 2723 pro
866 2642 922 2706 XI.
949 2651 981 2704 et
1003 2645 1059 2708 ΙΙΙ.
1089 2644 1120 2704 iu
1144 2643 1255 2708 circulo
1279 2641 1454 2722 positionis,
1488 2643 1537 2722 qui

177 2730 296 2790 vicinum
321 2737 370 2790 est
392 2729 566 2804 meridiano,
592 2739 624 2793 et
645 2750 699 2811 pro
714 2731 787 2794 XII.
813 2739 845 2794 et
868 2732 907 2794 II.
931 2731 961 2793 iu
986 2732 1096 2794 circulo
1120 2733 1289 2812 positionis,
1317 2731 1365 2810 qui
1388 2727 1537 2792 horizonti

176 2817 296 2879 vicinus
320 2825 378 2891 est,
402 2818 433 2879 id
457 2820 557 2880 estin
581 2819 700 2881 illorum
724 2819 902 2883 circulomm
925 2818 1143 2882 elevationibus
1174 2818 1235 2900 poli
1258 2819 1340 2900 prius
1364 2818 1538 2880 constitutit

177 2923 411 2986 inquireremus.

270 2994 387 3055 Datum
410 2993 498 3058 VIII.
522 2994 610 3056 Febr.
639 2989 734 3058 1611.
837 2959 844 2964 -

250 3081 308 3132 Vol.
328 3079 362 3130 II.
392 3081 453 3132 Mes.
473 3083 662 3140 Viennensium,
682 3099 696 3134 e
714 3099 761 3148 quc
779 3083 917 3148 praemissa
935 3083 1050 3134 desumta
1067 3087 1134 3140 sunt,
1153 3083 1216 3132 haec
1233 3085 1332 3131 tautum
1351 3079 1450 3130 exhibet
1466 3079 1536 3142 Kep-

181 3153 229 3204 leri
247 3153 340 3210 rerba,
368 3154 457 3203 omisso
482 3153 579 3204 exordio
603 3161 630 3204 et
652 3155 817 3206 conclusione.
853 3153 1008 3205 EVickeuii
1025 3153 1103 3203 literis
1120 3159 1242 3216 apparet,
1271 3151 1322 3202 sile
1340 3165 1397 3200 amu
1414 3150 1538 3214 quaedam

177 3224 307 3276 addidime
332 3223 431 3276 leviora.
451 3226 515 3274 iuter
533 3224 584 3274 alia
596 3226 690 3290 gratias
703 3226 785 3292 egisse
802 3239 845 3290 prc
858 3225 922 3275 donc
941 3226 987 3288 ipsi
1000 3223 1065 3274 datis
1084 3222 1235 3274 aVickenic
1255 3222 1379 3282 „liuteis“,
1398 3221 1439 3286 qui
1451 3221 1537 3274 literas

178 3309 240 3344 suas
258 3295 306 3344 hae
326 3297 434 3358 proxime
452 3294 629 3360 praecedentes
649 3293 685 3354 (d.
706 3294 747 3344 il.
766 3292 839 3355 Ian.)
858 3297 893 3345 sic
913 3295 1050 3347 concludit:
1071 3293 1209 3352 ,Tandem
1227 3301 1256 3343 ut
1269 3295 1377 3346 animum
1394 3306 1476 3342 meum
1494 3293 1539 3344 tibi

176 3365 329 3416 benevolum
347 3380 379 3415 ex
395 3373 466 3430 parte
485 3371 584 3416 tautum
597 3365 729 3423 declarem,
748 3369 820 3417 mitto
833 3367 878 3416 tlbI
896 3366 957 3415 duos
970 3367 1100 3415 liutecrum
1114 3365 1287 3415 Silesiacorum
1299 3363 1438 3421 fasciculos,
1458 3365 1538 3414 amice

177 3451 286 3502 rogans.
312 3441 342 3486 ut
364 3437 422 3486 boui
441 3437 568 3492 consulas,
594 3450 625 3486 sc
642 3451 672 3487 ex
691 3439 774 3488 animo
797 3439 861 3488 bouc
879 3438 1015 3500 protectum
1034 3435 1134 3492 credam
1165 3439 1262 3499 majora
1279 3441 1453 3499 expectaturus
1472 3437 1540 3486 cirea

176 3509 274 3558 rumen
292 3506 457 3558 Panchates*⁴
494 3507 623 3569 Adiuncto
646 3508 715 3558 tuere
738 3507 777 3559 his
795 3507 911 3558 Vlckem'i
937 3507 1014 3557 literis
1040 3507 1144 3556 alierum
1174 3507 1300 3572 (Magiml,
1330 3506 1437 3558 simonis
1455 3501 1537 3562 Marii,

178 3578 310 3634 Ererardi,
330 3576 441 3638 CrabhiiI
457 3578 552 3641 judicit
570 3578 602 3628 de
621 3579 710 3638 „modo
729 3579 876 3644 dirigendi“,
896 3594 942 3628 use
960 3593 1010 3628 nou
1029 3579 1130 3628 tabulae
1149 3578 1256 3644 aliaque,
1275 3576 1305 3628 de
1324 3577 1411 3642 quibus
1429 3577 1476 3627 sibi
1495 3591 1538 3626 ex-

178 3651 246 3714 petit
263 3648 383 3710 judicium
401 3649 510 3712 Kepleri·
548 3647 597 3709 Qui
616 3665 690 3714 quum
709 3651 818 3702 maxima
836 3664 866 3698 ex
883 3655 954 3714 parte
974 3648 1083 3700 Stadii
1102 3649 1177 3698 rerba
1189 3648 1340 3706 refutaverit,
1360 3648 1390 3697 de
1402 3647 1449 3698 hcc
1461 3661 1537 3712 quae-

178 3721 240 3774 dam
261 3719 378 3770 addenda
395 3733 533 3770 censemus.
570 3717 611 3770 De
628 3721 681 3770 rita
700 3720 782 3772 Stadii
798 3722 892 3788 pagina
911 3733 999 3770 srersc
1015 3719 1081 3770 tituli
1101 3718 1322 3784 „Ephemeridum“
1343 3715 1440 3780 (Goion.
1456 3712 1538 3778 tter)

179 3791 244 3841 haec
264 3791 351 3840 effert:
370 3790 504 3840 Ioannis
523 3788 644 3849 studit,
662 3791 836 3842 Mathematici
854 3791 959 3856 Belgae,
978 3791 1193 3854 Epitaphium,
1212 3789 1421 3841 laborassem:
1440 3788 1463 3838 J.
1479 3787 1538 3840 Sta·

180 3863 231 3918 dic,
251 3859 447 3918 Mathematieo,
475 3862 507 3911 ab
526 3861 598 3910 editis
616 3863 706 3912 tabulis
725 3870 751 3913 et
769 3862 964 3927 ephemeridibus
983 3861 1152 3928 astrologicis,
1177 3863 1406 3926 commentariisqus
1423 3860 1539 3910 hhtcrla·

178 3948 245 4054 iti
258 3933 1157 4071 intinittiittthi‘iuii¹¹t¹;¹.¹tt.ihi.i⁰tiii
1163 3931 1541 4068 itimhsftititti

179 4073 345 4124 studiosorum
362 4073 490 4124 bominum
509 4076 534 4122 iu
553 4073 651 4126 Illarum
668 4077 765 4126 urbium
783 4077 919 4126 academiis
938 4090 1058 4126 concursu
1078 4075 1171 4136 docuit,
1188 4074 1364 4138 professionem
1383 4074 1479 4124 adscito
1492 4069 1538 4126 dcc.

148 4141 153 4146 ’
180 4167 215 4178 -
234 4143 306 4196 Vixit
323 4145 396 4195 aunis
416 4141 459 4202 tc,
479 4145 540 4194 cbiit
557 4145 635 4208 pridie
655 4146 708 4198 cn.
722 4146 854 4198 Novembr.
871 4144 963 4196 1579!
983 4169 1019 4180 -
1038 4143 1212 4211 EphemerIdes
1229 4144 1276 4196 hes
1295 4143 1339 4204 (ab
1354 4160 1420 4194 enno
1434 4141 1538 4194 1be—

181 4212 263 4276 1606)
283 4216 363 4267 edidit
380 4214 446 4266 filius
465 4215 545 4284 Stadii
563 4215 728 4278 Hieronymus
748 4232 812 4268 anuo
831 4225 887 4282 post
904 4224 1000 4282 patrem
1019 4223 1141 4266 mortuum
1160 4215 1283 4273 secundo,
1302 4217 1446 4266 immutatas
1464 4215 1536 4264 reliu-

179 4302 257 4353 queus
276 4289 473 4337 illes¹anuorum
494 4283 679 4345 teet-1570,
700 4303 761 4352 quas
779 4283 832 4352 ipse
844 4288 955 4338 Ioannes
974 4301 1040 4337 ιιιιιιο
1057 4283 1122 4335 1556
1137 4285 1256 4335 Coloniae
1277 4285 1452 4350 imprimendas
1465 4297 1537 4334 eura·

178 4364 262 4418 verat,
287 4356 472 4425 praefationem
490 4371 586 4422 qunque
603 4359 681 4422 patris
700 4359 875 4424 asueloglcam
900 4361 988 4409 isdem
1013 4359 1064 4408 lere
1088 4358 1166 4406 verbis
1194 4355 1304 4422 (reliquis
1322 4371 1336 4406 e
1355 4357 1431 4419 petris
1449 4369 1538 4408 mauu·

178 4431 272 4495 scripu·
291 4425 398 4492 additis)
423 4429 594 4492 praemittens.
631 4429 660 4478 Iu
680 4430 728 4480 hae
746 4430 901 4493 praelatione
927 4429 1040 4480 editionis
1062 4429 1208 4493 posthumae
1235 4427 1440 4492 deprehendimus
1463 4425 1538 4475 rerba

178 4501 264 4562 stadii,
284 4516 352 4569 quae
372 4505 447 4548 taxat
465 4499 595 4563 Keplsrus,
614 4501 641 4549 iu
659 4502 742 4564 capite
759 4503 890 4564 iuscrIpto:
913 4502 969 4560 „De
987 4500 1098 4552 domibus
1116 4501 1166 4549 sire
1186 4499 1249 4552 cceli
1267 4499 1360 4564 liguris,
1379 4497 1446 4548 varic
1465 4495 1538 4546 mode

177 4573 312 4642 descriptis,
332 4571 479 4634 ibidemque
496 4569 634 4622 Ptolemaei
652 4572 737 4622 modus
757 4572 906 4636 expositus.“

237 4641 388 4702 Ptolemaei
408 4641 492 4699 rerba,
511 4655 575 4706 quae
594 4656 651 4692 cum
671 4657 688 4692 a
700 4639 796 4700 Stadia,
815 4647 868 4691 tum
887 4641 1025 4706 aKepierc
1044 4647 1211 4698 recensentur,
1230 4639 1347 4704 leguntur
1364 4637 1390 4684 in
1408 4647 1480 4698 opere
1498 4634 1536 4684 in·

167 4722 270 4788 scripto:
292 4717 355 4778 „De
374 4711 483 4762 Iudiciis
501 4713 639 4763 utrorum‘
658 4711 893 4777 (Quadripertitum)
911 4715 1011 4777 passim,
1031 4711 1137 4761 mammo
1155 4711 1197 4762 lib.
1216 4709 1261 4759 III.
1281 4721 1337 4770 cap.
1359 4703 1401 4754 tc.

235 4783 455 4846 Vickeulus,
486 4796 541 4835 curn
564 4783 662 4845 facilem
685 4799 717 4838 ex
740 4785 779 4836 his
800 4785 876 4836 literis
900 4784 1036 4849 Kepiemm
1062 4786 1223 4850 cognesceret
1247 4779 1281 4830 ad
1297 4773 1494 4840 respondendum
1512 4781 1539 4826 ct
