3586 5518
292 227 355 296 136
807 224 921 290 Memfi
940 223 1141 292 &memmei

289 399 456 454 ceterorum
480 376 583 452 ¹latera
612 387 696 450 dieta
728 403 786 448 non
816 385 904 448 simul
937 405 1067 468 cosmae
1101 385 1171 470 poni
1199 390 1338 463 possunt.
1355 381 1380 457 1)
1434 385 1656 448 Dodecaedron

666 493 713 546 re.
730 489 761 534 rs
1143 473 1236 554 igitur
1260 471 1363 534 decem
1393 472 1540 537 lateribus
1564 473 1657 534 talem

302 576 1106 664 Μ
1150 559 1294 623 describit
1317 561 1412 638 viam,
1442 581 1497 642 per
1525 561 1658 624 medium

302 625 1107 753 Q
1149 657 1325 713 transeunte
1345 651 1492 730 quadrato
1507 649 1656 724 octaedri,

1148 758 1179 800 ιο
1202 739 1325 818 planum
1349 747 1475 802 extenso
1499 741 1565 820 (fig.
1592 735 1656 812 13).

287 897 289 900 .
378 834 562 897 Iccsaddron
585 849 657 893 vere
682 829 877 894 manifestam
901 849 1006 893 nonam
1030 831 1086 892 hoc
1110 837 1210 910 pacto,
1235 835 1410 890 transeunte
1429 847 1548 891 rursum
1568 835 1658 889 octa-

671 928 767 981 0000
1150 916 1214 979 edri
1238 917 1386 996 quadrato
1409 915 1440 980 in
1459 925 1579 980 rectum
1603 936 1657 978 ex-

673 1020 698 1026 *
1024 1021 1041 1027 ⁷
1148 1013 1236 1068 tenso
1261 1005 1325 1085 (fig.
1354 1003 1418 1080 tt).

1217 1092 1306 1165 Quod
1321 1095 1347 1156 si
1362 1096 1436 1157 haec
1451 1095 1509 1178 dno
1525 1103 1660 1174 cognata

1003 1259 1006 1266 Ι
1150 1203 1276 1264 corpora
1307 1184 1353 1246 ita
1381 1184 1572 1264 applicentur
1605 1202 1660 1263 per

711 1307 739 1310 --
789 1307 793 1311 ·
1003 1283 1056 1312 -'
1151 1272 1421 1335 circumferentiam
1446 1275 1532 1346 (narn
1556 1272 1660 1352 anguli

191 1347 199 1367 '
292 1363 350 1425 dno
374 1359 462 1423 nnius
487 1367 519 1422 et
546 1368 651 1424 centra
677 1363 835 1444 planorum
868 1361 992 1426 duorum
1021 1364 1145 1426 alterius
1174 1361 1284 1434 adhuc,
1311 1370 1350 1423 nt
1376 1381 1482 1442 snpra,
1512 1371 1660 1442 tanquam

290 1451 353 1532 poli
377 1451 537 1512 cohaerere
561 1451 785 1532 intelliguntur)
808 1460 844 1514 nt
867 1452 1047 1536 apparentia
1077 1453 1148 1514 bins
1177 1450 1409 1532 quinquangnla
1426 1451 1595 1523 ioosaddri,
1627 1457 1661 1511 et

670 1571 715 1621 ῃ,
732 1569 765 1610 15
1149 1538 1220 1600 bina
1243 1557 1316 1600 vera
1335 1539 1515 1622 dodeoaedri
1536 1537 1660 1618 angulis

310 1650 1116 1855 1010101010]
1151 1617 1659 1797 retruderentur

211 1796 666 1932 ΝΛ*
758 1736 1116 1935 W&
1151 1805 1660 1998 {eremitatem

671 2005 717 2054 00.
734 2003 766 2044 re.
944 1997 946 2002 ·
1216 1981 1269 2045 Sin
1291 1985 1418 2062 angulus
1441 1984 1528 2046 unius
1559 1984 1659 2046 medin

310 2088 707 2228 'w'
879 2088 1141 2226 'v
1151 2070 1240 2134 lateri
1265 2073 1427 2135 alterius'
1418 2094 1448 2136 ru
1473 2072 1659 2155 supradictis

352 2099 425 2227 Δ
513 2096 588 2227 Δ
675 2090 914 2227 *W*
1000 2094 1075 2226 Δ
1135 2159 1382 2242 quinquangulus
1391 2163 1568 2245 applicetur
1585 2161 1659 2226 telis

312 2231 669 2371 ἦν,
595 2230 909 2363 vvvv
921 2232 1118 2369 vm
1153 2251 1212 2312 erit
1234 2251 1380 2326 sentior)
1365 2252 1470 2330 )(.iig
1499 2247 1568 2325 16).

1220 2337 1300 2411 Quid
1323 2348 1421 2403 restat
1448 2339 1555 2420 igitur,
1588 2339 1658 2421 quin

293 2433 429 2497 dicamus
460 2430 602 2513 planetas
634 2430 717 2492 illam
750 2428 832 2491 riam
864 2435 912 2492 tot
944 2429 1116 2493 manifestis
1147 2437 1241 2510 punct
1241 2429 1267 2491 is
1296 2437 1433 2491 notatam
1463 2450 1482 2490 a
1511 2428 1660 2500 Creatore

288 2525 394 2606 jussos
418 2521 472 2596 ire,
496 2521 657 2602 praecipue
681 2537 747 2582 curn
771 2519 850 2580 inter
874 2538 965 2599 snpra
988 2526 1126 2582 assumta
1148 2517 1351 2600 colligataque
1375 2526 1481 2581 centra
1505 2525 1538 2580 et
1561 2536 1659 2598 angu-

293 2613 339 2675 los
367 2620 511 2693 tanquam
533 2609 620 2690 polos
643 2609 744 2671 media
767 2609 818 2671 sit.
833 2609 863 2680 ²²)

725 2845 777 2934 m
802 2844 943 2908 cneus
965 2843 1224 2910 00000000

820 2966 936 3020 NOTAE
955 2967 1133 3020 aporema.

375 3075 403 3146 a)
425 3081 525 3135 Totum
538 3079 591 3133 hoc
606 3085 691 3150 caput
705 3087 837 3152 quant-um
859 3081 894 3133 ad
907 3095 1018 3149 scopum
1033 3078 1123 3133 omitti
1136 3079 1236 3149 potuit,
1259 3077 1361 3132 nullius
1376 3075 1447 3132 eninr
1461 3075 1594 3131 momenti
1610 3083 1662 3130 est

296 3163 391 3232 Neque
406 3161 477 3214 enim
495 3159 541 3212 bic
559 3167 604 3214 est
617 3161 753 3230 genuinus
769 3159 838 3214 situs
860 3176 908 3213 seu
923 3157 1065 3228 coaptatio
1081 3159 1153 3217 inter
1167 3177 1196 3212 se
1219 3175 1362 3228 corporum
1377 3157 1495 3228 quinque
1511 3157 1662 3227 geometri·

296 3257 397 3304 eorum,
419 3248 452 3294 00
470 3240 544 3293 infra
561 3239 685 3309 patebit:
708 3257 797 3310 neque
819 3239 842 3292 si
863 3243 946 3302 esset,
963 3237 1091 3292 zodiacus
1113 3239 1175 3293 inde
1197 3243 1282 3293 esset.

376 3315 406 3384 b)
430 3321 503 3374 Eece
526 3325 558 3373 nt
580 3320 767 3374 foeneraverit
780 3320 845 3373 mibi
868 3336 917 3390 per
931 3319 981 3372 hoa
997 3317 1034 3372 25
1050 3335 1135 3373 annos
1160 3319 1322 3390 principium
1345 3317 1404 3386 jam
1423 3323 1490 3370 tunc
1510 3316 1664 3370 tir-unissime

296 3415 474 3470 persuasum:
495 3400 556 3452 ideo
577 3399 635 3454 scil.
659 3401 856 3454 mathematica
880 3415 978 3454 causas
1000 3399 1059 3453 fleri
1083 3401 1250 3454 naturalium
1275 3397 1357 3470 (quod
1371 3399 1473 3468 dogma
1492 3397 1664 3451 Aristoteles

297 3488 340 3536 tot
353 3480 420 3534 locis
436 3473 606 3545 vellicavit).
629 3480 695 3550 quia
709 3480 825 3534 Creator
838 3481 914 3534 Deus
936 3479 1135 3534 mathematica
1154 3487 1187 3534 ut
1200 3479 1368 3548 archetypos
1388 3493 1481 3532 secum
1496 3478 1533 3530 ab
1549 3483 1664 3531 aeterno

296 3560 396 3614 habuit
411 3560 438 3614 in
453 3559 642 3614 abstractione
658 3560 859 3629 simplicissima
873 3566 902 3613 et
916 3560 1016 3624 divina,
1040 3559 1075 3614 ab
1091 3560 1158 3629 ipsis
1173 3560 1257 3614 etiam
1271 3557 1484 3628 quantitatibus.
1508 3557 1664 3612 materiali-

299 3650 341 3695 ter
355 3639 543 3694 consideratis.
585 3640 752 3694 Aristoteles
768 3639 927 3694 Creatorem
948 3639 1072 3711 negarit,
1094 3643 1222 3694 mundum
1242 3647 1384 3706 aeternqm
1402 3637 1522 3712 statuit:
1545 3655 1602 3692 noa
1616 3637 1663 3692 mi·

296 3737 364 3782 rum,
381 3719 404 3772 si
419 3719 587 3788 archetypos
609 3717 719 3787 rejecit:
742 3719 832 3773 fateor
854 3719 925 3774 enim
949 3719 1055 3774 nnllam
1069 3720 1124 3774 illis
1139 3721 1191 3776 vim
1216 3718 1445 3780 futuramfuisse,
1471 3718 1494 3771 si
1518 3735 1575 3772 000
1589 3719 1664 3770 Dens
1698 3783 1701 3788 Ι

298 3801 356 3870 ipse
372 3800 399 3852 ia
414 3799 477 3852 illos
493 3797 666 3867 respexisset
680 3798 707 3852 in
722 3800 849 3854 creando.
891 3800 968 3871 Ergo
988 3799 1072 3853 etiam
1086 3799 1323 3856 ecoentrieitatum
1338 3813 1440 3851 causae
1460 3815 1497 3850 ex
1518 3797 1572 3850 hoc
1590 3797 1663 3866 prin·

297 3879 369 3950 cipio
384 3879 495 3933 tandem
511 3878 639 3932 inventae
654 3885 726 3942 sunt,
748 3895 863 3949 quarum
885 3879 1114 3950 inaequalitatem
1132 3881 1312 3934 vehementer
1332 3895 1445 3931 necesse
1459 3885 1504 3930 est
1523 3877 1663 3938 admirari,

298 3959 451 4030 quicunque
473 3960 506 4011 de
529 3958 560 4013 iis
584 3959 654 4012 serio
679 3959 800 4030 cogitat:
835 3961 987 4031 quicunque
1010 3976 1070 4020 oum
1091 3961 1245 4015 Aristotele
1268 3960 1301 4011 de
1325 3959 1409 4011 rebus
1432 3957 1602 4012 coelestibus
1627 3958 1664 4010 sic

298 4039 420 4110 quaerit:
445 4039 656 4102 Quarenon,
681 4055 748 4110 quo
771 4039 922 4110 quilibet
942 4039 1095 4110 planeta
1115 4040 1295 4102 humilior,
1320 4053 1360 4090 eo
1381 4037 1549 4106 pluribus
1571 4037 1664 4090 orbi·

297 4122 359 4175 bus
380 4119 542 4172 rebitur?
584 4121 655 4174 Nam
669 4119 715 4189 qui
737 4119 763 4172 in
778 4119 830 4173 hoo
845 4120 1033 4189 inquirendum
1047 4121 1099 4174 sibi
1117 4120 1228 4190 putarit
1248 4120 1275 4173 in
1291 4117 1461 4172 astronomia
1475 4117 1517 4170 sui
1533 4117 1664 4187 temporis

297 4202 379 4269 inque
393 4199 574 4268 persuasione
595 4199 646 4252 illa
667 4199 741 4252 falsa
755 4200 903 4254 solidorum
918 4200 1031 4262 orbium,
1057 4201 1126 4254 idem
1142 4199 1222 4255 bodie
1238 4200 1262 4252 si
1276 4199 1390 4262 viveret,
1417 4203 1447 4250 et
1463 4211 1565 4266 puram
1580 4203 1664 4267 atque

297 4281 448 4358 genuinam
469 4286 590 4334 nostram
612 4281 644 4332 de
667 4280 744 4333 coelo
764 4281 914 4334 doctrinam
938 4289 1126 4350 cognosceret,
1150 4277 1237 4335 multo
1259 4279 1379 4334 maxime
1402 4277 1455 4332 sibi
1478 4277 1664 4347 quaerendum

298 4359 486 4414 existimaret:
519 4360 632 4420 Quare
656 4377 737 4422 non
774 4377 838 4431 quo
863 4360 1016 4430 quilibet
1038 4361 1187 4429 planeta
1214 4359 1383 4421 interior,
1412 4357 1665 4412 hoaminorem

298 4440 409 4496 etiarn
432 4455 533 4492 00000
541 4438 736 4494 trinitatem
757 4440 878 4495 habet
868 4438 880 4479 'f
922 4442 1019 4510 ltaque
1035 4433 1159 4496 omnibus
1173 4439 1336 4501 rationibus,
1362 4453 1432 4507 quaa
1454 4436 1507 4508 ipsi
1523 4431 1576 4490 'sua
1589 4437 1663 4507 prin·

298 4517 372 4590 sipia
386 4524 579 4590 suggererent,
603 4520 759 4582 consumtis,
781 4520 831 4574 illa
845 4527 983 4590 perpetua
996 4537 1072 4585 voce,
1097 4523 1208 4584 Quare
1223 4535 1302 4582 000,
1325 4519 1348 4571 si
1372 4520 1483 4572 tandem
1502 4519 1665 4572 edoceretur

299 4599 475 4663 Aristoteles,
497 4615 597 4651 causas
619 4599 703 4668 hrq'us
719 4601 758 4653 rei
773 4599 973 4670 pulcherrimas
997 4607 1027 4654 et
1049 4602 1133 4670 plane
1148 4597 1320 4654 necessarias
1344 4616 1379 4652 ex
1395 4597 1558 4660 harmoniis,
1583 4604 1616 4650 00
1629 4613 1663 4648 ex

300 4679 453 4750 archetypo
474 4679 549 4732 reddi
570 4695 671 4748 posse:
692 4686 761 4749 puto
784 4681 859 4734 illam
880 4679 1038 4749 plenissimo
1058 4697 1173 4735 assensu
1193 4687 1223 4733 et
1242 4679 1419 4749 archetypos,
1444 4684 1475 4730 et
1488 4677 1555 4748 quia
1568 4677 1662 4731 borum

300 4773 350 4826 per
364 4774 393 4812 se
408 4758 486 4812 nulla
500 4759 625 4815 efficacia
639 4767 690 4823 est,
715 4760 804 4814 Deum
825 4760 916 4813 mundi
937 4760 1119 4816 architectum
1139 4767 1313 4830 recepturum
1336 4757 1431 4814 fnisse.
1475 4757 1555 4810 Haeo
1579 4757 1663 4830 igitur
