3586 5518
710 293 792 358 eaput
809 291 862 344 XX·
1049 289 1053 304 ‘
1405 291 1466 356 177

110 457 163 512 306
176 471 261 526 sopra
273 453 410 510 Martiam
427 453 503 510 1000
525 459 570 508 660
582 453 661 520 idem,
686 455 732 526 qui
750 471 884 510 excessus
898 453 1020 510 Martiae
1034 454 1186 509 distantiae
1204 455 1279 509 1000
1303 471 1389 526 supra
1403 455 1467 509 Tel·

109 536 171 592 luris
193 543 348 590 mtam
363 535 432 592 604.
468 535 529 589 Hos
551 535 583 590 00
606 535 677 600 1066,
700 535 863 606 6616116601
885 535 997 606 applico
1011 549 1153 589 numerum
1170 535 1255 598 1000,
1281 539 1338 590 tam
1361 534 1467 605 periodi

109 617 224 680 indicem,
240 632 327 688 quam
341 615 462 680 virtutis,
487 630 569 684 quam
583 615 669 669 etiam
682 614 842 672 distantiae.
880 616 966 686 Atqui
979 615 1033 670 hoc
1046 621 1166 680 nonest,
1188 615 1295 670 revolvi
1308 631 1359 686 per
1372 631 1468 670 neces·

108 697 212 751 ritatem
224 696 348 768 regulas
362 695 429 750 falsi
443 695 478 750 ad
493 696 603 750 eosdem
616 711 751 760 numeros,
766 696 813 766 qui
828 703 909 751 erant
924 695 951 750 in
966 711 1096 766 processu
1110 695 1203 766 priori,
1223 697 1272 750 sed
1286 701 1331 750 est
1345 695 1468 750 invenire

109 777 207 839 iterum,
230 778 303 847 qnod
319 775 399 830 initio
412 790 555 846 posueras.
594 775 661 830 cnm
675 776 746 830 enim
769 775 798 830 in
812 777 899 847 primo
913 791 1044 846 processu
1067 776 1119 830 060
1141 775 1270 830 mediatio
1292 774 1469 832 arithmetica
1579 771 1583 780 “

109 858 174 910 inter
187 855 244 912 687
268 863 299 910 60
315 850 410 915 36576
432 871 483 925 per
497 847 607 918 5267.;
628 858 699 910 0666
723 856 811 928 igitur
834 857 960 910 diversae
984 855 1189 910 constituuntur
1209 855 1411 926 proportiones,
1436 861 1469 910 ut

108 937 133 990 16
145 937 213 992 omni
226 936 281 990 tali
296 935 473 1000 mediatione,
497 935 624 1005 superior
637 935 744 1006 quidem
759 943 790 991 et
803 936 890 991 minor
905 935 962 992 687
979 957 985 991 :
1002 931 1110 1000 52676,
1129 936 1242 990 inferior
1256 953 1322 990 vero
1336 943 1366 990 60
1379 935 1469 1005 major

108 1011 194 1078 5267.
210 1037 217 1070 :
234 1016 295 1072 365
301 1011 350 1081 76,
367 1033 439 1086 quae
453 1031 504 1086 per
517 1016 644 1086 regulam
658 1017 738 1070 Detn'
753 1017 894 1071 translata
908 1017 961 1071 linit
973 1016 1004 1070 iu
1016 1016 1165 1071 distantias
1182 1016 1258 1072 1000
1273 1023 1302 1072 60
1316 1017 1384 1071 664.
1439 1057 1442 1064 .

182 1115 212 1169 ln
235 1115 360 1168 secundo
382 1129 523 1184 processu,
548 1113 610 1168 dum
632 1113 745 1184 ponitur
766 1113 901 1168 distantia
913 1112 1013 1168 Martis
1039 1113 1124 1178 1000,
1147 1114 1251 1168 Terrae
1265 1113 1333 1178 664,
1358 1113 1469 1184 ponitur

108 1195 189 1266 igitur
210 1194 287 1248 inter
312 1192 462 1248 distantias
475 1193 574 1247 Martis
598 1200 628 1248 60
641 1195 743 1248 Terrae
767 1193 953 1264 proportionis
967 1195 1140 1264 periodorum
1157 1194 1329 1248 arithmetice
1344 1193 1469 1247 bisectae

108 1291 166 1346 pars
179 1275 304 1339 interior,
331 1271 440 1328 60111660
453 1268 545 1334 52676
564 1293 570 1327 :
587 1267 690 1334 ats't.
726 1275 780 1328 llla
794 1291 860 1328 vero
875 1275 1043 1330 transfertur
1060 1274 1088 1327 in
1103 1273 1173 1329 alios
1187 1291 1322 1338 numeros,
1347 1291 1384 1329 sc.
1401 1273 1468 1349 687,

109 1356 175 1418 477,
188 1371 240 1424 per
253 1355 388 1426 regulam
401 1354 490 1408 Detri.
528 1353 557 1408 Si
571 1371 640 1426 ergo
664 1369 682 1407 a
696 1355 873 1424 proportione
888 1353 946 1410 687
962 1375 968 1409 :
985 1348 1078 1413 365¹t
1104 1355 1216 1409 auteres
1239 1361 1349 1426 partem
1362 1353 1469 1408 divisae

110 1435 278 1488 arithmetice
294 1434 462 1497 inferiorem,
483 1435 652 1505 applicatam
666 1441 759 1490 tamen
784 1435 899 1488 termino
923 1433 1058 1505 superiori
1074 1433 1140 1500 687,
1165 1433 1284 1506 relinqui
1298 1449 1411 1488 necesse
1425 1439 1470 1488 est

109 1514 222 1585 ejusdem
243 1520 360 1586 partem
374 1513 550 1584 superiorem,
574 1517 648 1585 apud
663 1515 808 1569 terminum
832 1513 996 1578 inferiorem,
1020 1513 1198 1569 66111660477
1215 1529 1221 1571 :
1239 1509 1362 1574 365¹l...
1387 1509 1469 1576 Quali

110 1594 333 1666 transpositione,
356 1601 389 1649 ut
413 1593 504 1648 obiter
526 1611 659 1659 moneam,
683 1611 749 1650 6666
774 1611 833 1648 sum
854 1595 939 1649 etiam
961 1595 989 1650 in
1012 1593 1183 1668 digressione
1206 1595 1323 1664 politica
1338 1597 1373 1648 ad
1386 1595 1467 1649 linem

109 1675 164 1730 libri
178 1675 225 1730 llL
239 1675 483 1730 Harmonieorum.
521 1675 606 1746 Atqui
630 1691 680 1746 per
693 1674 775 1730 Detri
797 1675 938 1730 translata
959 1675 1013 1730 i'uit
1034 1675 1106 1728 haec
1125 1673 1269 1746 proportio
1291 1673 1319 1729 iu
1341 1689 1468 1729 numeros

110 1757 182 1819 alios,
200 1755 279 1810 1306
297 1777 304 1809 z
325 1751 410 1810 1000.
441 1755 532 1817 Quare
547 1772 607 1810 cum
622 1756 692 1810 idern
707 1771 834 1809 numerus
851 1755 926 1810 1000
947 1755 984 1809 610
997 1755 1025 1809 16
1038 1759 1156 1826 utraque
1177 1759 1259 1825 parte
1273 1755 1467 1826 proportionis,

110 1837 226 1906 sequitur
240 1835 343 1907 igitur,
367 1841 400 1889 ut
413 1835 485 1889 inter
498 1838 565 1890 duos
580 1836 710 1890 terminos
724 1834 848 1905 ejusdem
862 1835 959 1900 socios,
984 1835 1056 1890 inter
1075 1852 1112 1888 66.
1129 1835 1187 1890 664
1206 1835 1294 1906 primo
1308 1843 1467 1902 assumtum,

110 1915 224 1971 601306
250 1915 353 1970 ultimo
375 1913 563 1982 constitutum,
588 1915 665 1970 iacta
687 1915 725 1969 sit
747 1915 876 1970 mediatio
900 1914 1076 1970 arithmetica
1098 1932 1149 1984 per
1175 1915 1259 1970 1000.
1302 1915 1374 1979 Quia
1396 1931 1469 1986 6666

111 1996 178 2066 prius
192 1995 268 2050 inter
283 1995 355 2060 687,
378 1985 472 2054 36576
488 2001 550 2050 erat
563 2011 629 2066 pars
644 1995 765 2059 inferior,
790 2013 827 2049 66.
844 1991 952 2060 52676,
978 1989 1088 2059 36576,
1117 2011 1152 2050 ea
1164 1995 1210 2049 hic
1222 2012 1329 2050 rursum
1344 2001 1470 2050 66666106

112 2077 158 2130 1610
170 2091 235 2146 pars
250 2075 371 2130 inferior
387 2075 472 2142 1000,
488 2076 555 2141 664,
571 2092 722 2147 quaerero
738 2074 776 2129 ibi
790 2091 855 2146 pars
870 2078 1004 2148 superior,
1020 2091 1058 2130 sc.
1074 2073 1141 2139 687,
1158 2069 1248 2134 52676
1274 2069 1383 2146 (eadem
1398 2075 1470 2130 enim

111 2165 158 2220 660,
178 2173 250 2227 6666
265 2155 328 2210 477
344 2170 352 2213 1
368 2149 498 2223 36576),
522 2173 558 2210 66
578 2155 622 2210 016
644 2172 751 2210 rursum
775 2155 901 2226 superior
924 2157 1079 2212 constituta
1100 2153 1162 2219 1610,
1186 2155 1246 2210 6611.
1265 2155 1340 2211 1306
1356 2176 1362 2210 :
1381 2156 1469 2210 1000.

112 2235 630 2291 0116066160660664666601060666
654 2237 708 2290 1010
730 2235 847 2291 medium
868 2235 1072 2292 arithmeticum
1089 2236 1174 2300 1000,
1199 2243 1372 2290 6666666660
1393 2237 1469 2291 01116-

112 2316 207 2371 rentias
228 2316 370 2388 aequales
391 2315 509 2387 prodire,
533 2333 570 2370 66.
595 2315 805 2387 6016666306.
843 2315 1006 2372 8601616060
1019 2317 1114 2388 igitur,
1138 2317 1315 2387 proposuisse
1331 2317 1424 2371 iacere
1439 2323 1472 2372 nt

113 2395 195 2455 52676
212 2399 248 2450 60
264 2395 326 2452 687
343 2402 373 2450 60
387 2396 444 2452 365
451 2391 493 2460 76,
518 2396 558 2451 616
574 2397 699 2452 100060
714 2398 782 2451 0666
797 2395 883 2451 alios:
907 2397 933 2452 id
951 2413 1003 2468 per
1017 2395 1167 2466 simplicem
1181 2397 1261 2452 Detri
1276 2397 1355 2452 lieret
1369 2412 1406 2450 au
1419 2413 1471 2468 per

113 2475 188 2540 l'alsi,
212 2475 335 2547 perinde
355 2483 427 2530 erat.
466 2476 578 2531 Certum
600 2477 671 2531 enim
692 2485 762 2542 erat,
794 2475 931 2532 minimum
954 2476 1099 2532 terminum
1119 2475 1290 2548 proditurum
1314 2479 1381 2544 604,
1406 2478 1472 2549 6616

113 2557 188 2611 susm
202 2557 231 2610 in
245 2556 338 2626 primo
352 2573 485 2627 processu
498 2558 585 2611 tiebat
598 2563 630 2611 ut
644 2551 736 2617 trel.
753 2560 788 2612 ad
803 2551 896 2617 atti.
917 2558 956 2612 616
973 2558 1097 2613 100060
1112 2557 1179 2612 664.
1488 2555 1491 2560 ’

185 2638 301 2691 lnterim
329 2636 527 2701 animadverte,
552 2639 624 2708 6660
644 2638 697 2692 066
720 2637 884 2710 imaginario
902 2653 1034 2692 concursu
1050 2636 1179 2692 turbatus
1195 2631 1296 2706 (veluti
1311 2635 1358 2709 qui
1370 2638 1473 2692 dextra

114 2716 247 2772 6161606666
261 2715 375 2771 neamus
400 2718 428 2771 in
443 2717 565 2771 tenebris
587 2718 724 2789 contingit
746 2724 776 2772 et
789 2715 936 2784 horrescit)
952 2717 1138 2773 aberraverim
1161 2733 1180 2772 a
1199 2717 1350 2788 proposito,
1375 2718 1471 2771 rolens

114 2799 222 2852 6660666
234 2797 374 2851 virtutum
389 2797 593 2868 proportionem
608 2799 736 2868 probare,
754 2813 826 2869 6666
840 2807 917 2853 66660
929 2797 1136 2860 distantiarum
1159 2813 1219 2851 cum
1233 2801 1326 2851 tamen
1340 2797 1473 2852 virtutum

115 2877 152 2930 016
164 2877 374 2948 proportionem
388 2877 518 2932 minorem
533 2883 663 2942 statuam,
679 2878 778 2932 Martis
792 2878 851 2932 scil.
869 2879 954 2944 1000,
970 2880 1073 2933 Terrae
1091 2877 1182 2940 1306;
1205 2877 1397 2931 distantiarum
1414 2891 1472 2932 ma·

111 2957 200 3024 jorern,
222 2958 328 3013 llartis
353 2958 439 3022 1000,
460 2959 563 3012 Terrae
579 2959 645 3023 664,
668 2957 767 3013 linisset
779 2975 845 3013 vero
859 2961 956 3014 eadem
970 2958 1098 3028 utrinque
1113 2955 1263 3028 proportio,
1279 2956 1303 3010 si
1316 2955 1472 3011 nouarith-

115 3039 214 3102 metica,
230 3039 284 3092 sed
297 3037 467 3110 geometrice
481 3039 651 3093 mediassem.

186 3118 278 3174 Nimis
302 3119 392 3173 multa
413 3120 446 3172 de
467 3119 520 3172 hoc
542 3119 689 3189 p'rocessu;
713 3119 887 3188 sepeliendus
907 3118 978 3173 enim
993 3126 1038 3172 est
1060 3135 1115 3173 non
1129 3133 1225 3172 emaus
1246 3121 1363 3183 tantum,
1388 3117 1437 3170 sed
1451 3115 1475 3170 si

116 3198 192 3253 eu'am
205 3200 296 3268 plane
311 3197 437 3270 legitime
451 3201 596 3270 procedat;
621 3199 687 3270 quia
706 3199 847 3268 proportio
869 3199 1045 3268 periodorum
1062 3215 1118 3254 non
1132 3203 1177 3252 est
1190 3198 1276 3268 dupla
1289 3195 1474 3267 proportionis

116 3278 307 3334 distantiarum
321 3279 480 3343 mediarum,
502 3281 549 3334 sed
564 3278 764 3350 perfectissime
778 3285 808 3333 et
829 3279 1033 3334 absolutissime
1056 3279 1179 3350 ejusdem
1197 3277 1398 3350 sesquialtera:
1421 3278 1475 3331 hoo

117 3367 163 3421 est,
186 3361 209 3414 si
233 3365 409 3432 quaerantur
429 3359 536 3414 radices
560 3359 674 3414 cubicae
698 3375 735 3414 ex
758 3360 935 3430 planetarum
957 3359 1126 3430 temporibus
1147 3357 1301 3429 periodicis,
1325 3355 1429 3412 60687
1446 3363 1476 3412 60

118 3438 219 3504 36510,
245 3448 278 3495 60
299 3440 356 3493 066
378 3439 485 3494 radices
509 3439 727 3510 multiplicentur
741 3441 891 3510 quadrate:
916 3445 981 3495 tune
1002 3439 1030 3494 in
1044 3438 1187 3512 quadratis
1201 3439 1254 3494 'his
1268 3437 1387 3492 numeris
1402 3437 1477 3491 inest

119 3515 268 3574 certissima
287 3519 430 3590 proportio
445 3520 707 3575 semidiametrorum
722 3519 836 3574 orbium.
873 3519 971 3574 Perfici
985 3537 1051 3574 raro
1074 3524 1192 3591 possunt
1206 3517 1381 3590 operationes
1403 3517 1476 3572 16066
1495 3517 1498 3522 ’

119 3597 202 3664 facila,
225 3601 274 3653 rel
290 3617 340 3670 per
354 3601 481 3655 tabulam
495 3600 625 3656 cuborum
639 3597 737 3663 Clarii,
757 3616 829 3670 quae
843 3599 956 3671 adjecta
969 3607 1013 3654 est
1027 3600 1088 3669 ejus
1105 3599 1297 3664 ,Geometriae
1311 3597 1473 3651 Praeticae“

122 3675 295 3748 11107111),
311 3680 358 3732 rel
373 3680 457 3752 longe
471 3681 580 3734 facilius
593 3697 645 3752 per
659 3679 841 3750 logarithmos
856 3681 959 3750 Nepesi
973 3679 1089 3734 baronis
1104 3679 1178 3734 Sonti
1193 3678 1247 3733 sic:
1271 3677 1478 3748 Prolongentur

119 3760 199 3813 nostri
220 3759 330 3814 numeri
353 3775 404 3830 pro
418 3761 585 3815 necessitate
609 3768 638 3814 60
658 3761 860 3824 commoditate,
883 3767 917 3814 ut
930 3759 985 3814 sint
1000 3759 1097 3816 68700
1112 3767 1143 3813 60
1156 3758 1267 3824 36525,
1291 3775 1342 3811 666
1358 3757 1419 3826 jam
1433 3775 1477 3811 66-

121 3853 231 3975 mapula}
251 3855 386 3932 summam
409 3840 607 3896 subtilitatem:
631 3839 806 3911 Logarithmi
829 3857 923 3895 eorum
935 3847 1011 3894 sunt
1032 3857 1068 3894 ex
1084 3839 1195 3895 Conone
1208 3837 1312 3910 Neperi
1327 3837 1425 3893 37543
1449 3843 1479 3890 60

254 3927 375 3974 mrum.

193 4019 299 4073 llorom
322 4023 420 4088 partes
443 4018 544 4073 tertiae
568 4025 633 4073 sunt
650 4017 745 4073 12514
759 4023 790 4071 60
805 4015 912 4073 33572.
955 4017 993 4071 Et
1015 4017 1113 4070 irarum
1131 4015 1224 4086 dupla,
1248 4013 1359 4074 illarum
1382 4013 1478 4069 besses

123 4093 212 4152 25020
236 4105 268 4154 60
282 4097 390 4162 67144,
415 4113 488 4169 6666
508 4099 645 4154 exhibent
666 4097 828 4152 intorsione
852 4114 978 4152 numeros
998 4097 1081 4151 hosce
1097 4095 1195 4151 77858
1209 4101 1240 4149 60
1254 4089 1361 4148 51067.
1403 4095 1479 4148 luter

124 4176 167 4232 bos
189 4185 235 4234 660
254 4178 400 4250 proportio
423 4178 529 4233 orbium
543 4179 643 4234 ldartis
667 4185 697 4232 60
710 4177 838 4233 Telluris.
881 4179 1092 4249 ‘Iransponatur
1114 4175 1187 4230 enim
1199 4175 1342 4246 proportio
1366 4174 1392 4227 in
1408 4173 1478 4249 61166

124 4274 250 4324 numeros,
275 4265 306 4314 et
319 4259 371 4314 060
384 4265 417 4312 60
432 4258 528 4314 51067
544 4261 580 4313 60
596 4259 725 4323 100000,
746 4257 948 4314 6167785860
966 4255 1096 4320 152373,
1121 4271 1192 4326 6666
1213 4255 1297 4326 plane
1311 4261 1356 4308 est
1369 4252 1478 4324 quanti·

125 4345 164 4390 tss
185 4339 328 4394 mediocris
350 4339 500 4394 distantiae
518 4339 626 4404 1460016,
651 4338 771 4410 qualium
795 4339 883 4394 Terra
906 4338 1003 4394 aSolo
1016 4336 1105 4391 distat
1121 4336 1246 4393 100000.
1290 4337 1408 4390 Causam
1431 4347 1480 4384 our

126 4433 172 4472 non
185 4419 222 4474 sit
235 4421 322 4491 dupla
334 4419 478 4490 proportio
497 4420 671 4490 periodomm
689 4421 725 4474 ad
738 4417 944 4489 proportionem
958 4417 1072 4481 orbium,
1097 4418 1145 4470 sed
1169 4415 1271 4472 saltem
1285 4411 1478 4484 sesquialtera.

127 4495 240 4554 invenies
253 4500 425 4571 explicatam
439 4499 467 4553 in
480 4499 556 4570 Epit.
570 4503 646 4554 Astr.
662 4499 710 4554 lib.
725 4500 772 4553 IV.

197 4581 257 4635 lloc
279 4579 367 4652 igitur
390 4581 510 4635 alterum
532 4586 563 4634 et
584 4578 852 4650 praestantissimum
885 4577 993 4648 quidem
1016 4581 1152 4630 secretum
1179 4573 1296 4628 auctarii
1324 4570 1384 4623 loco
1407 4580 1479 4618 nuuc

129 4661 233 4714 6666060
247 4659 389 4732 llysteriis
403 4660 480 4714 hisce
496 4658 752 4732 cosmographicis:
783 4675 836 4728 quo
855 4657 884 4712 in
897 4658 1000 4728 vulgus
1023 4655 1170 4710 enunciato
1194 4654 1273 4706 16060
1286 4665 1357 4704 6666
1371 4643 1478 4734 661661·-ι

130 4753 176 4803 ¹⁰⁸,
198 4747 254 4796 tam
267 4741 427 4812 theologos,
452 4755 534 4810 quam
547 4739 729 4810 philosophos
752 4739 831 4792 elata
844 4754 911 4791 voce
935 4739 971 4792 ad
985 4751 1128 4790 censuram
1148 4729 1286 4802 dogmatis
1299 4721 1479 4780 Aristarchicr

130 4833 278 4876 motare.
319 4819 470 4878 Attendite
489 4819 541 4876 riri
561 4817 772 4892 religiosissimi,
794 4815 1006 4889 profundissimi,
1028 4811 1189 4870 doctissimi:

179 4912 377 4966 1661660666ιο
1236 4899 1269 4952 lt
