3586 5518
732 248 813 315 ceo
830 248 850 300 1·
1405 246 1490 314 ιιι·
1596 199 1600 208 ’

132 412 312 476 tardissimum
348 413 517 485 Gopernicus
541 411 609 468 idem
633 418 763 483 praestat
793 429 844 483 per
866 411 1070 470 aberrationem
1095 411 1276 468 restitutionis
1306 411 1423 484 epicycli
1450 429 1469 468 s

132 493 292 550 restitutione
308 493 485 560 concentrioi,
510 511 569 548 cunr
586 493 624 547 sit
644 500 761 563 utraque
783 509 876 549 annua
889 495 955 548 iere.
997 493 1177 548 verisimilius
1197 499 1289 548 autem
1302 499 1354 558 est,
1378 500 1468 548 motus

132 576 182 630 illos
204 577 298 630 tardos
319 593 358 630 ex
382 575 557 630 aberratione
571 590 633 628 esse
657 590 736 645 quam
759 591 796 628 ex
809 579 885 629 motu
905 573 1033 644 positivo.
1074 574 1241 630 Praesertim
1264 591 1324 628 curn
1344 573 1468 645 epieyclo

130 663 205 712 notus
228 671 336 710 annuus
360 661 468 710 tantum
489 661 616 724 respectu
640 654 784 710 eooeutrioi
807 654 849 708 sui
872 653 948 719 insit,
973 671 1065 726 aquo
1087 654 1250 710 circumacto
1272 655 1412 726 epioyolns
1436 671 1466 708 se

130 735 220 790 erolrit
231 736 259 790 in
272 736 392 808 plagam
404 735 578 799 contrariam,
601 739 632 789 at
645 741 774 804 respectu
787 736 904 790 fixarum
919 734 1017 807 quietis
1032 735 1123 806 potius
1139 735 1257 805 speciem
1277 751 1345 805 prae
1359 752 1389 790 se
1403 735 1467 799 fert,

130 818 183 888 qnia
204 816 231 870 in
250 817 305 871 hac
320 817 478 871 evolutione
501 817 540 880 lit,
564 821 597 870 ut
610 817 724 869 enodem
737 815 854 886 epieycli
878 822 972 886 partes
991 817 1086 870 iisdem
1107 817 1224 870 fixarum
1245 815 1337 888 plagis
1361 832 1469 885 semper

130 900 309 960 obvertuntur,
339 896 392 951 nisi
412 897 574 968 quantulum
596 896 693 950 turbat
715 897 863 950 aberratio.
913 897 976 968 Ego
999 913 1065 951 vero
1089 896 1116 950 in
1139 895 1345 952 Commentariis
1370 895 1467 950 Martis

130 987 153 1032 et
169 977 194 1030 in
207 977 283 1048 Epit.
306 981 384 1032 Astr.
406 977 476 1032 libro
489 977 536 1032 IV.
560 992 671 1030 causam
692 978 772 1030 trado
795 977 938 1048 physicam
959 984 1016 1033 tam
1039 977 1252 1032 eooentricitatis
1273 992 1354 1047 quam
1378 983 1467 1030 trans·

129 1057 259 1130 positionis
273 1073 473 1129 apogaeorum,
497 1073 568 1129 quae
583 1073 669 1112 causa
691 1056 776 1110 insita
789 1062 833 1111 est
852 1056 880 1112 in
898 1058 974 1112 libris
989 1057 1109 1128 eorporis
1134 1059 1274 1128 planetae,
1298 1075 1349 1112 neo
1362 1057 1469 1130 indiget

130 1139 165 1192 rel
178 1139 363 1192 deferentibus
377 1139 423 1192 vel
437 1137 576 1208 epioyclis.
620 1137 673 1192 Sed
695 1138 748 1191 hoo
770 1139 926 1202 membrum,
951 1139 1042 1194 Solem
1065 1138 1154 1208 ipsum
1178 1133 1241 1206 (seu
1255 1134 1378 1202 Terram)
1402 1137 1467 1192 atti·

130 1237 194 1282 nens,
218 1217 347 1290 intellige
369 1218 460 1272 obiter
473 1219 572 1273 saltem
593 1217 774 1280 insulcatum
797 1225 829 1272 ut
842 1236 879 1272 ex
893 1237 926 1273 eo
945 1219 1005 1290 jam
1019 1220 1189 1284 ostendatur,
1214 1218 1277 1290 quid
1296 1236 1332 1272 ex
1347 1216 1468 1290 apogaei

129 1299 191 1354 Solis
210 1297 424 1368 transpositione
443 1299 577 1352 redundet
597 1299 626 1352 in
646 1300 776 1369 planetas
798 1305 914 1354 ceteros.

200 1375 230 1448 ιι)
250 1381 329 1433 Haec
343 1377 504 1433 dilucidiora
516 1380 585 1432 liunt
598 1395 649 1449 per
662 1377 789 1433 intuitum
802 1380 850 1451 fig.
866 1378 904 1432 23
919 1386 948 1434 et
962 1379 1008 1433 24.
1048 1380 1103 1434 Est
1123 1378 1228 1450 quidam
1248 1379 1300 1433 hoo
1314 1377 1468 1444 vaticinari,

131 1461 210 1514 dicere
224 1459 286 1530 quid
308 1465 375 1529 post
393 1460 480 1513 multa
501 1459 596 1514 secula
613 1459 651 1512 sit
669 1459 803 1522 futurum
826 1476 884 1512 curn
906 1459 959 1514 iste
977 1459 1120 1530 scrupulus
1140 1461 1174 1512 de
1197 1458 1338 1530 praesenti
1352 1461 1469 1515 noudum

130 1546 221 1613 urgeat
234 1539 429 1595 astronomiam
442 1545 571 1594 veterem.
613 1539 665 1594 Sed
676 1539 715 1593 sic
729 1546 915 1610 comparatum
931 1547 975 1594 est
992 1556 1051 1594 cuns
1073 1540 1287 1594 transsumtione
1306 1539 1469 1610 placitorum

131 1620 270 1675 Ptolemaei
284 1619 494 1692 particularium
507 1619 535 1674 in
549 1619 717 1691 hypothesin
732 1619 882 1690 Copernici,
905 1627 936 1675 ut
950 1638 1004 1674 non
1027 1620 1151 1692 potuerit
1169 1637 1243 1675 ame
1258 1620 1345 1675 omitti
1368 1621 1469 1676 mentio

130 1703 186 1756 ista
223 1702 293 1756 Nam
314 1701 399 1756 etiam
413 1700 579 1770 Cepernious
600 1698 820 1755 ecoentsieitates
841 1701 959 1773 quinque
982 1701 1156 1771 planetarum
1175 1701 1345 1772 computavit
1362 1702 1471 1757 relata

131 1789 216 1837 centm
235 1781 308 1836 orbis
331 1780 439 1853 magni:
471 1780 549 1851 quasi
578 1781 645 1835 illud
670 1778 736 1846 (non
762 1796 827 1835 vero
850 1780 940 1851 ipsum
962 1781 1033 1836 Solis
1063 1789 1186 1847 centmm
1209 1778 1410 1848 vicinissimum)
1434 1781 1472 1836 sit

131 1863 241 1935 munina
252 1861 329 1917 basis
343 1862 504 1933 systematis
525 1860 684 1931 planetarii.
726 1860 781 1915 Per
804 1862 855 1916 hos
869 1871 934 1916 vsro
950 1861 987 1916 25
1004 1878 1099 1926 annos,
1125 1881 1161 1917 ex
1175 1879 1228 1934 quo
1251 1863 1375 1917 libellum
1397 1864 1470 1920 huno

132 1944 201 2006 edidi,
224 1943 261 1997 sio
274 1949 319 1996 est
333 1957 352 1996 a
365 1959 408 1996 me
430 1941 581 1996 constituta
599 1941 775 2004 astronomia,
800 1948 833 1995 ut
850 1943 1070 1998 eooentricitates
1086 1960 1177 1998 omues
1191 1938 1393 2014 (primariorum
1407 1944 1469 2013 pla·

132 2020 257 2091 netarum)
280 2025 315 2078 ad
338 2022 503 2092 ipsissimum
521 2023 593 2078 Solis
617 2029 739 2077 centrum
763 2039 814 2076 ceu
836 2040 929 2078 reram
949 2024 1040 2078 mundi
1063 2023 1143 2079 basin
1165 2024 1330 2078 referantur.
1372 2023 1470 2094 Itaque

133 2122 231 2160 manere
251 2110 368 2175 possunt
388 2102 609 2159 eccentrioitates
631 2103 808 2173 planetarum
823 2105 947 2168 omnium,
972 2121 1207 2175 quorsumcunque
1227 2122 1257 2158 se
1270 2103 1389 2174 recipiat
1401 2120 1468 2175 apo-

132 2202 221 2257 gaeum
242 2183 323 2240 Solis.
364 2184 434 2236 Vide
457 2183 484 2237 in
507 2181 682 2238 Martialibus
697 2183 904 2238 Commentariis
928 2191 1036 2256 partem
1059 2185 1173 2256 primam
1197 2187 1230 2239 de
1254 2183 1470 2257 aequipollentia

134 2265 324 2336 hypothesium,
348 2264 509 2336 praesertim
533 2264 625 2334 Caput
646 2264 694 2316 Vi.

200 2341 227 2411 o)
247 2347 326 2400 Haec
350 2362 387 2398 ex
407 2343 591 2398 admonitione
613 2343 699 2414 ipsius
714 2345 855 2416 (lopernioi
879 2344 1048 2415 transcripta
1069 2352 1140 2401 sunt
1182 2345 1221 2400 Et
1241 2361 1335 2400 verum
1351 2343 1404 2410 est,
1426 2346 1471 2417 qui

134 2431 241 2480 centrum
265 2425 338 2479 orbis
352 2424 425 2479 Solis
448 2440 467 2479 a
480 2425 590 2479 Tellure
607 2423 663 2491 (vel
677 2424 795 2480 Telluris
819 2419 929 2494 aSole)
952 2423 1062 2480 nimium
1086 2426 1212 2490 dimovet,
1236 2433 1268 2480 ut
1290 2426 1389 2481 fecisse
1408 2445 1470 2481 oon·

135 2509 205 2560 tendo
216 2506 405 2561 Ptolemaeum
431 2512 460 2560 et
473 2505 670 2576 Hipparchum,
695 2505 718 2560 is
742 2505 765 2559 si
787 2507 962 2575 planetarum
977 2506 1196 2561 eocentricitates
1207 2509 1250 2561 ad
1272 2508 1324 2562 hoc
1341 2513 1470 2578 punctum

134 2587 214 2651 refert,
237 2587 308 2641 alias
332 2585 365 2639 iis
381 2586 555 2656 quantitates
578 2584 716 2658 largiatur
738 2603 851 2640 necesse
875 2593 928 2650 est,
952 2603 1034 2659 quam
1057 2587 1103 2658 qui
1124 2586 1204 2641 hodie
1224 2587 1296 2642 Solis
1315 2587 1470 2643 eccentrici·

136 2674 209 2722 tatem
222 2668 395 2722 emendatam
409 2667 506 2722 habet.
549 2670 589 2720 At
601 2667 625 2722 si
649 2666 869 2721 eecentrioitatos
889 2673 1081 2738 computentur
1099 2668 1135 2722 ab
1153 2668 1214 2738 ipso
1227 2674 1322 2722 centro
1336 2668 1416 2732 Solis,
1440 2675 1472 2722 ut

136 2764 180 2818 eqo
192 2747 267 2811 facia
292 2747 441 2802 tuncnihil
464 2747 529 2801 illas
553 2746 655 2802 attinet
677 2748 748 2801 haec
771 2747 886 2803 mutatio
908 2747 1120 2804 eocentricitatis
1134 2747 1205 2803 Solis
1226 2765 1274 2802 seu
1288 2750 1399 2812 Terrae,
1423 2764 1470 2802 seu

135 2844 190 2882 vera
211 2829 259 2882 illa
272 2828 318 2892 sit,
342 2833 375 2880 ut
396 2827 509 2882 credidit
524 2827 698 2898 Copernicus,
723 2844 780 2891 scu,
804 2835 836 2882 ut
858 2847 920 2900 ego,
945 2829 1019 2883 falsa
1041 2835 1071 2882 et
1093 2828 1272 2898 persuasione
1300 2831 1374 2884 nuda
1396 2829 1470 2884 nixa.

136 2908 226 2979 Inspice
248 2925 333 2978 super
346 2907 401 2961 har
414 2925 444 2962 re
463 2909 510 2980 hg.
527 2907 565 2962 23
586 2913 615 2960 et
630 2907 676 2962 24.
692 2914 721 2962 et
735 2908 920 2964 narrationem
934 2908 1051 2972 Rhetici,
1076 2913 1107 2962 nt
1127 2915 1156 2963 et
1169 2908 1339 2986 Martialium
1353 2925 1472 2964 meorum
1542 2899 1545 2912 '

137 2995 210 3058 caput
226 2989 360 3042 ultimum.
770 3001 774 3007 ·

200 3065 231 3139 p)
253 3067 451 3141 imaginationi
463 3068 526 3144 huic
549 3083 646 3122 ansam
670 3068 800 3137 praebuit
814 3069 995 3139 Copernicus:
1025 3085 1075 3122 seu
1102 3069 1205 3122 servire
1233 3068 1352 3123 voluerit
1365 3068 1467 3140 captui,

138 3149 183 3201 sire
204 3165 300 3203 revera
323 3148 432 3219 etipse
455 3149 580 3203 haeserit
602 3147 630 3202 in
648 3148 836 3218 perplexitate
857 3149 905 3214 rei,
931 3165 1002 3222 quae
1017 3148 1202 3204 schematibus
1225 3149 1317 3220 planis
1332 3149 1470 3204 sublevari

138 3229 225 3300 nequit,
247 3229 340 3283 solidis
363 3235 459 3299 posset
482 3229 596 3298 quidem,
620 3231 668 3282 sed
693 3228 744 3282 illa
766 3229 923 3289 difficillime
939 3236 1118 3300 apparantur.
1160 3231 1230 3284 Utut
1252 3247 1282 3284 se
1296 3246 1340 3284 res
1359 3232 1470 3294 habeat,

138 3318 212 3363 notus
233 3309 284 3364 iste
304 3325 405 3364 rerera
427 3315 517 3363 motus
540 3327 593 3364 non
617 3316 669 3372 est,
694 3309 770 3379 quies
792 3309 884 3379 potius
900 3311 1027 3365 dicenda:
1052 3329 1102 3364 nec
1124 3311 1221 3365 melius
1245 3311 1305 3365 ulla
1326 3327 1356 3365 rc
1379 3317 1472 3381 potest

139 3390 328 3459 repraesentari
351 3405 434 3461 quam
457 3389 595 3460 ipsissima
617 3405 668 3444 sua
691 3405 777 3444 causa
798 3390 928 3461 physica,
954 3407 1024 3462 quae
1040 3409 1077 3446 ex
1091 3390 1267 3446 Martialibus
1288 3397 1318 3446 et
1330 3392 1471 3462 Epitomes

138 3473 201 3524 astr.
220 3472 266 3524 lib.
293 3472 315 3526 i.
336 3471 371 3526 11.
394 3471 440 3524 llI.
463 3477 493 3524 et
507 3471 552 3525 Vl.
568 3475 612 3524 est
630 3469 694 3524 ista.
736 3471 839 3524 Terrae
861 3472 962 3542 globus
986 3473 1048 3525 dum
1071 3489 1162 3527 annuo
1185 3478 1260 3527 motu
1284 3471 1473 3527 circumfertur

138 3549 199 3604 drea
210 3551 306 3615 Solem,
333 3556 412 3606 tenet
434 3550 543 3604 interim
566 3567 649 3605 axem
671 3550 870 3606 consolationis
893 3568 961 3606 suae
983 3551 1035 3606 sibi
1058 3551 1111 3623 ipsi
1130 3567 1237 3622 semper
1260 3553 1422 3622 paralellum
1444 3553 1471 3606 in

139 3629 237 3685 dirersis
249 3632 357 3694 sitibus,
380 3636 495 3701 propter
506 3632 637 3686 librarum
651 3632 808 3686 naturalem
821 3639 851 3685 et
857 3632 1049 3705 ,magnetieam
1063 3631 1267 3687 inclinationem
1281 3635 1316 3688 ad
1330 3631 1470 3704 quiescen-

139 3711 201 3767 dum:
222 3713 265 3766 rel
285 3711 370 3766 etiam
394 3717 510 3781 propter
532 3711 741 3766 continuitatem
754 3711 867 3766 diurnae
882 3712 1081 3768 convolutionis
1101 3713 1174 3767 circa
1196 3713 1376 3778 humanam,
1402 3731 1471 3785 quae

140 3789 203 3844 illum
223 3799 299 3848 tenet
321 3797 451 3856 erectum,
475 3797 507 3845 ut
529 3792 561 3845 iit
583 3791 612 3846 iu
633 3790 743 3846 turbine
765 3791 880 3847 incitato
895 3799 924 3846 et
938 3792 1140 3858 dismmsitante,
1182 3795 1274 3856 Quare
1297 3793 1370 3848 sicut
1382 3801 1472 3849 motus

142 3869 183 3922 iste
195 3889 288 3926 revera
309 3889 364 3926 non
378 3877 430 3932 est.
455 3873 502 3925 sed
516 3871 592 3943 quies
616 3871 717 3942 potius,
742 3873 780 3926 sic
800 3873 883 3928 etiam
904 3873 1025 3927 orbiculo
1044 3873 1226 3928 commentitio
1249 3873 1318 3929 nihil
1331 3881 1375 3930 est
1389 3893 1470 3946 opus:

30 4011 32 4020 .
141 3957 163 4002 st
178 3950 235 4019 jure
257 3952 301 4007 bic
324 3970 366 4008 me
391 3952 520 4022 antiquae
543 3959 573 4005 et
594 3953 935 4023 emoneae'persuasionis
958 3953 991 4007 de
1015 3954 1154 4009 soliditate
1183 3955 1287 4009 orbium
1309 3973 1384 4010 reum
1412 3955 1473 4028 egit

141 4029 367 4100 lychoBraheus,
392 4033 438 4102 qui
462 4032 533 4086 lecto
555 4031 651 4087 libello
672 4032 769 4088 literas
792 4035 845 4087 hac
865 4035 899 4088 de
922 4049 1008 4088 causa
1031 4037 1065 4088 ad
1084 4051 1126 4089 me
1148 4033 1230 4088 dedit.
1274 4035 1422 4108 (Tychonis
1437 4039 1471 4092 de

141 4107 183 4163 hac
199 4130 226 4166 re
244 4114 343 4168 literae
365 4113 497 4185 leguntur
519 4113 547 4166 iu
569 4113 708 4183 prooemio
730 4130 798 4185 pag.
820 4110 882 4178 44.)

207 4189 235 4264 q)
257 4194 349 4248 Omnis
377 4191 502 4247 doctrina
521 4193 719 4264 praecessionis
742 4193 975 4265 aequinoctiorum
998 4195 1229 4265 contemplatione
1256 4191 1319 4248 axis
1341 4195 1371 4242 et
1392 4190 1470 4259 polo-

143 4274 313 4330 mnTelluris
338 4273 507 4335 absolvitun
537 4279 569 4328 ut
591 4291 641 4328 nec
664 4290 737 4328 nona
760 4275 888 4344 sphaera,
917 4293 967 4330 nec
991 4275 1112 4330 orbiculo
1133 4274 1181 4330 illo
1205 4275 1278 4330 circa
1300 4273 1410 4326 Terram
1433 4269 1470 4323 sit

143 4366 207 4419 opus.
244 4355 312 4408 Vide
335 4354 484 4408 Commeat.
508 4354 605 4408 Martis
628 4361 737 4424 partem
757 4355 791 4410 V.
814 4361 843 4410 et
862 4355 938 4425 Epit.
962 4359 1038 4410 Astr.
1062 4355 1110 4410 lib.
1134 4357 1168 4411 ll.
1192 4357 1240 4410 111.
1266 4361 1296 4409 et
1316 4351 1375 4405 Vll.

205 4429 231 4504 r)
251 4434 403 4490 Secundum
423 4440 524 4488 ructum
548 4435 576 4488 iu
599 4451 701 4489 meram
716 4435 778 4489 axis
792 4435 910 4505 quietem
933 4435 1097 4508 redegimus,
1122 4435 1220 4492 tertius
1242 4436 1300 4507 jam
1322 4433 1355 4485 ad
1373 4443 1468 4483 seeun-

142 4511 193 4565 dum
212 4521 252 4568 est
263 4515 434 4569 reducendus
456 4521 487 4568 et
508 4531 568 4568 eum
590 4533 622 4570 eo
637 4514 664 4568 in
679 4532 761 4571 unum
775 4518 940 4571 conflandus.
981 4516 1011 4570 Si
1034 4515 1105 4570 enim
1126 4533 1270 4572 causarum
1292 4511 1467 4584 physicarum

144 4589 278 4650 obviatione
301 4595 364 4649 axis
379 4593 497 4649 Telluris
519 4601 686 4665 postumam
700 4595 898 4651 revolutionem
921 4613 1039 4652 annuam
1059 4597 1195 4652 invenitur
1208 4587 1359 4649 insensibili
1374 4582 1467 4673 aliquo

146 4676 272 4729 aborsum
293 4674 442 4729 inclinatus
466 4691 484 4728 a
497 4675 551 4729 situ
573 4675 697 4746 pristino,
721 4682 751 4729 et
773 4674 904 4731 situatur
927 4675 1099 4731 nihilominus
1120 4681 1290 4732 constantem
1313 4664 1467 4752 inclinatqu-

146 4765 194 4804 nen
206 4755 237 4808 ad
249 4756 340 4811 latera
353 4755 454 4818 mundi,
479 4771 527 4809 scu
540 4755 619 4826 polos
633 4755 695 4809 riae
710 4754 814 4826 regiae,
840 4757 862 4810 si
886 4755 968 4811 tertio
992 4756 1076 4810 etiam
1094 4755 1231 4826 ecliptica,
1254 4747 1353 4836 quippe
1374 4740 1468 4830 Milli&

147 4827 257 4900 Tellmis,
285 4841 317 4894 ut
338 4835 505 4908 reliquorum
528 4836 702 4910 planetarum
726 4835 848 4902 orbitae,
880 4835 1040 4892 latitudines
1069 4851 1134 4890 suas
1157 4833 1245 4889 habet
1267 4843 1285 4890 a
1306 4837 1354 4885 *tt
1374 4833 1466 4892 ”8¹²2
