3586 5518
324 247 386 316 tat
827 239 940 313 Mureti
958 239 1156 316 cameratio!

320 431 423 486 easque
444 411 626 484 persimilem
646 411 872 482 praeventionem
893 411 1105 468 trauslocablles
1125 415 1160 468 dc
1173 414 1234 468 loco
1255 412 1282 466 in
1300 413 1390 468 locam
1402 416 1453 468 sub
1469 412 1547 476 fixis3
1570 431 1606 468 ex
1618 413 1658 468 bis

320 495 441 550 obtentis
462 494 586 565 sequitur
600 493 673 546 ultro
697 491 755 545 sine
773 493 833 547 ulla
852 495 976 563 polorum
995 493 1150 559 libratione,
1173 500 1203 548 et
1220 493 1430 548 declinationem
1449 494 1593 564 eclipticae
1605 509 1658 548 mn·
1749 530 1751 536 ·

319 576 383 639 tari,
408 580 437 628 et
460 572 635 645 aequinoctia
656 571 780 626 nonnihil
804 575 1012 636 narencium,
1037 591 1108 628 nunc
1129 574 1282 636 rotandum
1310 574 1375 644 quin
1394 573 1448 629 imo
1471 573 1594 646 sequitur
1612 575 1660 628 hoc

318 657 403 711 etiam
426 655 556 724 amplius,
588 654 658 724 quod
683 651 833 721 Copernico
865 655 1110 709 inanimadversum
1141 655 1235 726 Tycbo
1258 655 1384 709 Brabeus
1417 663 1448 708 et
1473 654 1658 723 Landgrsrius

319 735 436 790 Haecine
453 729 491 802 ⁸⁵)
510 736 689 796 detexerunt,
713 733 831 788 fixarum
852 735 953 789 mutari
974 734 1143 789 latitudines.
1184 735 1246 788 Etsi
1264 749 1330 788 vero
1350 735 1463 789 libratio
1481 735 1659 806 aequinoctio·

318 833 377 870 rum
395 833 449 869 uon
470 820 550 868 tanta
570 829 621 866 nec
638 821 695 866 tam
710 813 808 867 celeris
823 819 888 868 tunc
902 815 1017 878 elicitur,
1034 822 1139 886 quanta
1151 833 1189 869 ex
1202 815 1394 870 libationibus
1409 813 1564 886 Coperuici:
1587 816 1659 871 atde

318 896 369 950 illa
381 894 538 967 quantitate
558 909 612 947 non
627 898 735 948 tentum
749 895 868 950 nondam
879 895 977 967 liquet,
1001 897 1048 948 sed
1070 901 1198 950 constans
1220 895 1378 966 aequalitas
1399 903 1465 950 ante
1479 902 1510 949 et
1522 900 1587 964 post
1599 895 1658 948 Pto·

317 977 452 1030 lenaeum
473 973 647 1043 deprebensa
674 977 764 1028 totum
795 975 937 1046 negotium
968 992 1026 1032 una
1047 991 1107 1030 cum
1130 975 1369 1030 observationibus
1391 976 1545 1031 Ptolemaei
1567 991 1659 1046 prope·

316 1058 424 1112 metm
437 1055 464 1108 in
477 1055 588 1109 dubium
601 1060 692 1108 vocat
732 1055 800 1109 Sola
813 1055 885 1110 enim
899 1063 978 1111 actas
992 1056 1145 1111 Ptolemaei
1159 1063 1210 1121 est,
1232 1071 1304 1128 quse
1323 1056 1479 1111 exorbitat:
1498 1055 1658 1126 reliquarum

316 1142 441 1191 aetatum
455 1134 662 1189 observationes
676 1141 834 1206 congruunt
847 1139 883 1190 ad
897 1129 1070 1208 aequabilem
1083 1137 1225 1208 regillam
1249 1135 1426 1206 Cepernicum
1441 1137 1521 1200 enim,
1536 1135 1583 1207 qui
1596 1152 1657 1191 suae

317 1216 420 1272 musto
444 1215 627 1270 associatione
648 1215 822 1269 librationem
845 1217 916 1272 hauc
936 1218 1035 1272 enixus
1058 1223 1115 1280 est,
1140 1217 1257 1287 proximi
1278 1223 1373 1270 aetate
1396 1218 1591 1272 observatores
1611 1218 1659 1270 ide

316 1296 467 1370 dignissimi
487 1296 619 1350 refutant
661 1294 729 1348 Vide
749 1295 803 1350 hac
823 1299 856 1352 de
877 1314 907 1352 re
931 1314 993 1353 mes
1006 1297 1208 1352 Commentaria
1230 1299 1264 1352 de
1278 1298 1370 1352 Marte
1392 1297 1532 1368 capitibus
1552 1296 1658 1360 ultimis,

317 1385 348 1432 et
367 1377 485 1447 Epitom.
501 1379 614 1430 Astron.
637 1375 698 1430 libr.
720 1376 780 1430 Vll.

894 1721 1013 1821 Caput
1039 1713 1087 1796 Π.

651 1881 839 1946 Pdeuumue
860 1883 1135 1946 monstrationis
1157 1881 1335 1945 delineatio.

405 2021 520 2096 Quibus
544 2024 588 2086 ita
610 2026 784 2106 praemissis
808 2034 841 2088 ut
860 2027 899 2089 ad
919 2028 1104 2107 propositum
1124 2024 1251 2099 veniam,
1276 2033 1366 2105 atque
1391 2025 1477 2086 modo
1500 2023 1662 2085 recensitas

318 2109 475 2192 Cupernici
497 2112 680 2196 hypotheses
699 2115 736 2176 de
751 2117 859 2178 mundo
883 2135 959 2178 novo
983 2133 1059 2176 novo
1082 2124 1256 2195 argumento
1276 2113 1409 2193 probem,
1433 2133 1497 2188 rem,
1521 2113 1663 2194 aprino,

316 2201 395 2282 quod
416 2201 513 2275 aiunt,
538 2221 594 2284 qvo
618 2223 677 2284 qua
698 2203 848 2267 brevitate
872 2205 935 2268 lieri
957 2204 1069 2285 poterit
1092 2212 1234 2284 repetam.

404 2288 521 2370 Corpus
545 2299 612 2353 erat
635 2293 674 2366 id,
699 2295 777 2373 quod
800 2293 885 2357 initio
904 2295 986 2356 Deus
1009 2293 1141 2355 creavit:
1167 2294 1252 2372 cujus
1276 2289 1478 2354 definitionem
1500 2289 1528 2352 si
1553 2289 1661 2352 habea-

316 2398 390 2453 mus,
414 2379 553 2442 existimo
567 2381 755 2444 mediocriter
769 2384 883 2446 clarum
902 2383 973 2458 fore,
999 2401 1051 2444 cur
1073 2380 1159 2444 initio
1182 2400 1290 2462 corpus
1313 2400 1370 2442 uon
1396 2381 1487 2444 aliam
1506 2399 1570 2442 rem
1585 2380 1661 2442 Deris

316 2467 472 2530 creaverit.
519 2470 594 2532 Dico
619 2471 818 2550 quantitatem
841 2472 906 2534 Deo
931 2472 1022 2534 fuisse
1050 2471 1255 2552 propositam:
1288 2471 1327 2532 ad
1356 2489 1444 2550 quam
1472 2468 1661 2530 obtinendam
1764 2547 1765 2554 ἵ

316 2557 450 2620 orunibus
474 2575 548 2636 opus
576 2559 647 2632 tuit,
675 2581 750 2641 quae
779 2563 818 2624 ad
841 2561 973 2641 corporis
997 2560 1160 2622 essentiam
1183 2561 1354 2640 pertinent:
1387 2567 1421 2621 ιιι
1442 2559 1488 2621 ita
1511 2559 1661 2637 quantitas

316 2645 458 2724 corporis,
483 2657 629 2728 quatenus
653 2669 769 2728 corpus,
795 2651 940 2731 quaedam
964 2651 1068 2725 forma,
1094 2650 1331 2730 delinitionisque
1354 2649 1437 2728 origo
1461 2648 1513 2710 sit.
1559 2645 1661 2718 Quan-

316 2735 434 2797 titatem
458 2745 559 2799 autera
582 2737 665 2800 Deus
688 2739 756 2801 ideo
779 2747 849 2802 ante
873 2743 972 2802 omnia
999 2740 1130 2801 existere
1159 2739 1271 2814 voluit,
1304 2746 1339 2799 ut
1371 2749 1454 2800 esset
1489 2737 1591 2798 curri
1627 2735 1661 2796 ad

315 2833 451 2886 rectum
479 2827 675 2906 comparatio.
721 2829 787 2891 Hae
818 2830 896 2890 enim
924 2849 983 2890 una
1013 2847 1045 2890 re
1078 2829 1195 2890 divinus
1228 2827 1299 2889 mihi
1328 2825 1466 2890 Cusanus
1484 2820 1528 2900 ⁸³)
1558 2825 1662 2904 aliique

314 2913 461 2988 videntur,
485 2917 563 2996 quod
586 2919 661 2979 recti
684 2919 824 2999 curvique
849 2919 887 2979 ad
911 2918 1036 2980 invicem
1059 2916 1262 2980 habitudinem
1285 2915 1362 2980 tanti
1383 2917 1527 2989 fecerunt,
1554 2921 1662 2976 stour-

313 3022 381 3065 vum
404 3003 484 3078 Deo,
517 3013 630 3068 rectum
653 3008 799 3069 creaturis
822 3007 887 3068 ausi
912 3015 982 3069 sunt
1009 3026 1201 3086 comparare:
1234 3015 1266 3068 ut
1293 3005 1373 3068 haud
1401 3005 1493 3067 multo
1520 3003 1662 3066 utiliorem

218 3133 225 3143 -
315 3110 435 3172 operam
458 3095 673 3172 praestiterint,
700 3095 748 3178 qui
773 3094 949 3159 Creatorem
972 3097 1135 3169 creaturis,
1159 3095 1256 3157 Deum
1279 3095 1406 3168 homiui,
1426 3093 1543 3174 judicia
1567 3091 1663 3155 divina

315 3181 463 3256 humanis,
488 3202 577 3262 quam
601 3184 650 3264 qui
674 3204 793 3248 curvum
817 3193 908 3258 recto,
934 3185 1074 3248 circulum
1089 3185 1237 3266 quadrato
1253 3185 1446 3265 aequiparare
1462 3183 1565 3244 conati
1589 3189 1660 3242 suut.

403 3267 536 3352 Cumque
559 3272 608 3335 vel
631 3273 660 3335 iu
683 3275 740 3336 hoc
763 3275 827 3337 solo
841 3274 918 3336 satis
933 3274 1121 3337 constitisset
1135 3293 1227 3354 penes
1242 3274 1339 3336 Deum
1358 3273 1561 3353 quantitatum
1585 3269 1662 3350 apti-

315 3357 385 3420 tudo
409 3367 441 3421 et
463 3361 545 3422 curvi
567 3362 721 3438 nobilitas,
746 3363 877 3426 accessit
899 3373 999 3427 musea
1025 3373 1056 3424 et
1078 3364 1205 3426 alterum
1224 3364 1311 3443 longe
1334 3363 1446 3441 majus:
1477 3361 1538 3422 Dei
1558 3358 1660 3422 trinum

315 3447 414 3526 imago
436 3447 465 3510 in
490 3450 650 3529 sphaerica
671 3452 840 3532 superficie,
869 3452 971 3514 Patris
994 3452 1111 3514 scilicet
1138 3453 1168 3514 iu
1196 3460 1313 3527 centro,
1344 3451 1413 3513 Filii
1440 3451 1470 3512 in
1499 3447 1660 3530 superficie,

314 3535 445 3617 Spiritus
469 3538 497 3600 iu
523 3541 707 3620 aequalitate
731 3561 862 3623 σχισιως
885 3541 963 3602 inter
984 3549 1126 3620 punctum
1149 3551 1181 3602 et
1204 3541 1357 3603 ambitum.
1398 3541 1477 3602 Nam
1500 3557 1578 3619 quae
1602 3536 1660 3600 Cu·

314 3645 405 3688 sanus
430 3628 553 3704 circulo,
582 3629 634 3691 alii
658 3631 735 3692 forte
759 3630 848 3710 globo
871 3630 1053 3700 tribuerent,
1078 3650 1115 3692 ea
1137 3649 1194 3709 ego
1217 3631 1274 3691 soli
1298 3629 1473 3710 sphaericae
1497 3625 1660 3708 superficiei

316 3733 431 3795 arrogo.
474 3717 538 3778 Nec
561 3721 735 3798 persuaderi
758 3736 889 3799 possum,
915 3737 1069 3780 curvorum
1092 3720 1250 3801 quicquam
1273 3719 1400 3781 nobilius
1426 3737 1493 3778 esse
1519 3727 1573 3779 aut
1594 3733 1660 3796 per-

153 3871 158 3884 ,
271 3875 287 3889 Ι,
315 3803 422 3865 sectius
445 3805 512 3886 ipsa
535 3809 693 3887 sphaerica
712 3807 875 3888 superficie.
915 3805 1031 3870 Glohus
1056 3809 1133 3870 enim
1157 3809 1224 3888 plus
1248 3815 1296 3869 est
1319 3805 1476 3888 sphaerica
1499 3804 1658 3886 superficie,

315 3900 346 3953 et
368 3892 478 3956 mutue
503 3896 688 3972 rectitudini,
715 3917 773 3978 qua
796 3897 862 3958 sola
884 3896 1024 3976 impletur
1047 3898 1137 3959 intus.
1185 3895 1322 3960 Circulos
1346 3914 1417 3959 vero
1441 3895 1498 3958 nisi
1522 3897 1552 3958 in
1575 3896 1660 3975 plano

315 3993 397 4045 recto
422 3984 544 4056 existat,
566 3985 623 4048 hoe
646 3999 704 4060 est,
728 3985 786 4049 nisi
809 3985 966 4066 sphaerica
989 3987 1160 4066 superficies
1185 3994 1237 4049 aut
1259 3987 1365 4066 globus
1392 3987 1482 4066 plano
1506 3993 1589 4048 recto
1613 4001 1660 4045 se-

315 4077 408 4145 cetur,
432 4071 559 4136 circulus
583 4077 680 4140 nullus
704 4077 772 4138 erit.
810 4075 896 4138 Unde
920 4074 1022 4137 videre
1045 4084 1103 4152 est,
1127 4076 1237 4138 multas
1261 4075 1321 4139 illic
1346 4076 1456 4138 acubo
1481 4075 1510 4136 in
1534 4073 1659 4154 globum,

315 4158 574 4310 bizini-umam
598 4165 628 4226 in
652 4165 793 4228 circulum
816 4163 992 4226 secundario
1011 4163 1140 4227 defluere
1153 4165 1366 4244 proprietates,
1390 4171 1513 4244 propter
1527 4159 1659 4226 diametri

315 4267 389 4310 recr
445 4269 531 4313 tuem.

403 4335 465 4400 Sed
487 4357 540 4401 our
561 4341 688 4421 denique
711 4340 793 4402 curvi
817 4349 849 4404 et
877 4341 951 4402 recti
980 4339 1151 4403 discrimina
1179 4341 1318 4420 curvique
1342 4340 1485 4402 nobilitas
1508 4341 1574 4403 Deo
1597 4341 1659 4401 iue-

314 4433 384 4489 ruut
405 4428 560 4507 proposita
583 4429 612 4491 in
637 4429 808 4492 exornando
832 4430 959 4491 mundo?
997 4428 1058 4493 Cur
1077 4429 1177 4490 enim?
1201 4431 1258 4491 nisi
1282 4429 1351 4510 quis
1375 4449 1394 4490 a
1415 4429 1570 4491 conditore
1592 4448 1658 4508 per·

315 4515 480 4578 iectissimo
504 4535 627 4580 necesse
659 4517 777 4580 omnino
807 4519 864 4580 fuit
895 4525 928 4579 ιιι
955 4519 1183 4598 pulcherrimum
1216 4537 1290 4599 opus
1315 4519 1558 4581 constitueretur.
1603 4519 1658 4579 Fas

316 4603 393 4665 enim
417 4623 471 4666 nec
495 4611 543 4666 est
574 4625 628 4668 nec
660 4625 788 4687 unquam
815 4607 871 4669 iuit
902 4605 1107 4688 (obloquitur
1136 4625 1172 4670 ex
1196 4607 1318 4669 'limaeo
1341 4605 1479 4670 Platonis
1504 4605 1608 4670 Cicero
1630 4605 1656 4666 in

317 4691 392 4762 lihro
408 4693 444 4755 de
459 4693 669 4770 universitate)
694 4695 849 4776 quicquam
865 4694 921 4756 nisi
936 4695 1163 4775 pulcherrimum
1184 4697 1281 4759 iacere
1301 4713 1377 4770 eum,
1403 4697 1451 4777 qui
1476 4705 1559 4758 esset
1581 4693 1655 4775 opti·
1690 4683 1702 4700 '

317 4798 408 4844 mus·
437 4779 512 4850 Cum
539 4783 629 4871 igitur
660 4785 758 4850 ideam
791 4785 890 4850 muudi
919 4783 1064 4850 Conditor
1096 4785 1194 4848 animo
1227 4784 1471 4872 praeconceperit
1504 4785 1656 4868 (loquimur
