3628 5518
779 257 943 312 emuna
1482 263 1542 332 aar
1595 234 1601 243 '

168 413 198 475 in
227 432 262 474 ra
296 431 432 494 operam
455 415 528 479 Ursi
555 415 676 497 expetii.
725 415 879 488 Quantam
908 427 1023 492 antem,
1056 435 1111 498 per
1138 419 1236 482 Deum
1268 420 1483 486 immortalem!
1519 433 1550 488 et

170 521 259 584 qnam
283 503 492 583 multiplicem
516 504 586 598 milpi
610 505 685 566 facit
706 505 846 585 injuriam
868 507 950 569 ieras
974 507 1085 569 homo?
1131 507 1310 572 Ambiebam
1345 509 1410 590 ejus
1441 513 1547 576 amici-

172 591 246 652 tiam
268 591 369 654 missa
394 594 537 674 epistola.
567 592 618 655 'Si
641 593 818 674 petitionem
843 613 942 656 meam
966 595 1099 672 admisit,
1124 596 1211 658 fidem
1231 597 1297 676 ejus
1322 599 1476 663 desidero:
1502 603 1548 664 siu

171 679 308 759 sprevit,
344 690 454 744 tamen
486 682 664 745 inhumanus
693 690 750 744 est.
802 681 965 746 Sermones
1000 683 1177 759 amicorum,
1212 686 1319 748 literae
1351 688 1449 768 magis
1481 692 1547 770 pri-

172 777 263 830 vatae
289 787 362 830 esse
387 771 517 833 debent:
541 771 598 833 has
621 771 671 833 ills
696 771 873 850 publicavit,
898 791 953 834 nec
977 791 1023 834 me
1047 773 1206 850 consuluit,
1232 793 1286 836 uec
1310 776 1466 852 facturum,
1492 799 1547 840 uec

174 859 289 920 samum
315 859 488 934 nunciavit,
521 878 577 922 nec
608 859 766 939 exemplar
793 859 887 922 misit.
934 859 1051 932 Quibus
1079 870 1128 923 est
1159 881 1248 924 curae
1276 865 1414 944 aequitas
1447 886 1483 928 ue
1517 869 1545 928 in

173 945 295 1008 hostem
321 947 445 1028 quidem
468 949 530 1010 tale
560 948 631 1029 quid
655 949 793 1034 audent,
827 948 1013 1012 Remisisset
1040 949 1129 1026 mibi,
1163 951 1242 1031 quod
1263 960 1385 1014 veteres
1413 954 1545 1030 aiebant,

174 1036 332 1108 nuncium,
364 1046 420 1098 aut
448 1037 636 1100 abolevisset
664 1036 823 1111 schedam,
858 1037 884 1099 si
912 1056 971 1100 nnn
999 1039 1115 1118 placuit
1143 1039 1265 1102 amicus.
1312 1039 1491 1123 Quanquam
1520 1047 1546 1107 si

175 1125 271 1186 literis
296 1126 364 1204 ejus
387 1127 498 1188 adme
523 1126 620 1187 altero
644 1126 767 1187 tandem
791 1145 873 1188 anno
897 1126 1034 1208 scriptis,
1065 1127 1092 1188 si
1110 1128 1226 1206 judicio
1249 1130 1315 1208 ejus
1338 1131 1376 1191 de
1399 1150 1447 1192 me
1470 1132 1545 1194 fides

174 1213 281 1274 haberi
310 1221 432 1293 potest:
467 1223 500 1276 et
525 1213 640 1294 placuit
667 1214 813 1288 conditio,
855 1221 887 1276 et
920 1215 1084 1279 amicitiam
1117 1218 1216 1279 colere
1248 1217 1434 1282 instituerat.
1482 1219 1545 1284 Sed
1613 1285 1618 1314 ι

174 1300 251 1364 baec
276 1302 361 1364 levia
383 1311 464 1378 suut,
486 1303 541 1366 illa
562 1303 660 1382 major
682 1302 870 1383 improbitas,
890 1303 959 1382 jure
984 1305 1086 1384 ntique
1101 1305 1290 1381 vindicanda,
1315 1307 1342 1369 si
1363 1309 1411 1370 cui
1433 1308 1545 1372 infore

175 1399 228 1452 aut
253 1411 328 1472 spes
362 1399 416 1453 ant
443 1391 624 1454 oblectatio:
659 1391 807 1472 quodid,
842 1393 922 1472 qnod
944 1413 1154 1474 raupaaponm
1178 1394 1290 1456 dictum
1314 1415 1371 1476 ego
1394 1397 1542 1475 volebam,
1581 1451 1588 1466 .

177 1480 243 1560 ipse
268 1479 328 1542 sibi
352 1480 560 1556 maledicenti,
585 1483 663 1560 quod
679 1480 801 1555 scribis,
825 1481 968 1560 applicat.
1026 1482 1267 1544 Acerbissimum
1291 1485 1429 1562 omnium,
1454 1489 1543 1567 quod,

174 1587 264 1648 quem
290 1569 483 1649 intelligebat
507 1588 544 1632 ex
566 1569 641 1630 meis
665 1568 762 1632 literis
786 1589 806 1630 a
828 1589 876 1632 rue
904 1570 1026 1632 maximi
1056 1571 1135 1644 fleri,
1167 1571 1227 1633 illis
1250 1572 1325 1652 ipsis
1348 1575 1424 1636 meis
1448 1576 1545 1638 literis

175 1665 320 1738 qnantum
343 1659 445 1738 potuit
468 1657 690 1721 dehonestavit.
737 1656 790 1720 Sic
813 1658 953 1722 nimirum
977 1659 1035 1738 ipsi
1058 1678 1105 1721 me
1130 1658 1167 1721 de
1191 1659 1315 1724 laudato
1345 1663 1464 1726 inimico
1489 1685 1543 1727 sno

173 1747 292 1825 placuit
324 1747 440 1808 ulcisci.
488 1745 550 1809 Sed
584 1765 679 1827 neque
708 1747 786 1808 satis
814 1747 916 1809 mirari
948 1765 1071 1826 possum
1102 1749 1262 1812 consilinm
1291 1750 1437 1816 hominis:
1473 1754 1543 1816 dum

173 1835 333 1896 consilinm
357 1854 455 1897 meum
478 1834 559 1898 illius
582 1834 794 1916 hyperbolicae
819 1836 1003 1898 laudationis
1026 1838 1150 1900 ventilo.
1198 1836 1300 1909 Quid?
1324 1841 1452 1904 Tantiuc
1469 1843 1544 1906 facit

172 1923 235 1985 ieta
259 1942 329 1985 mea
352 1924 533 2004 praeconia?
561 1925 607 1986 At
629 1925 714 2004 cnjus
738 1925 883 1986 huminis?
921 1925 956 1987 Si
979 1926 1147 2000 virescet,
1171 1934 1391 2003 contemneret,
1418 1931 1445 1992 si
1468 1949 1540 2011 pru-

174 2013 261 2088 dens,
287 2031 348 2074 uon
371 2015 555 2076 venditaret.
603 2011 961 2084 Quaerebam'obscnrns
992 2033 1047 2094 ego
1073 2015 1258 2077 laudatorem
1283 2018 1394 2080 clarum
1418 2019 1542 2082 vixdum

173 2101 238 2162 uati
262 2102 622 2174 inuenti,·mendicabam
646 2103 685 2163 ab
709 2103 775 2181 ipso
800 2103 919 2181 stipem,
944 2119 1014 2164 eccs
1039 2104 1149 2182 stipem
1168 2104 1234 2184 ipse
1249 2106 1386 2169 mendico
1402 2109 1541 2172 extorsit.

173 2191 410 2269 Praeceptcrem
425 2190 505 2264 dixi3
529 2210 586 2252 nas
608 2208 732 2269 parvam
759 2190 840 2252 laudi
861 2190 1065 2252 accessionem
1089 2192 1164 2254 facit
1186 2212 1225 2255 ex
1248 2193 1421 2258 adulatione
1447 2197 1541 2260 disci-

173 2278 246 2358 puli.
296 2276 435 2350 Quaerat
459 2297 559 2346 eorum
590 2279 767 2358 praecunia,
798 2279 847 2358 qui
871 2298 904 2340 se
931 2290 1144 2358 praeceptores
1176 2281 1272 2361 ipsius
1296 2283 1404 2348 serunt.
1452 2283 1540 2357 Quod

173 2369 199 2430 ai
223 2367 300 2430 mibi
323 2375 427 2448 partes
448 2367 558 2447 judicis
581 2367 678 2429 tradit
701 2369 771 2442 (nec
795 2368 929 2447 apertius
952 2369 983 2429 id
1006 2369 1170 2447 potuisset,
1204 2389 1292 2450 quam
1315 2371 1359 2434 sic
1383 2380 1540 2438 osmntats

172 2475 242 2518 mea
265 2456 428 2537 epistola),
453 2455 540 2530 sciat,
560 2457 623 2536 jam
648 2456 720 2518 mibi
744 2457 821 2517 alios
845 2475 934 2536 quam
957 2457 1094 2541 discipuli
1123 2477 1221 2521 mores
1246 2469 1425 2541 competere.
1474 2464 1537 2526 To·

174 2547 290 2626 leuatur
312 2546 343 2607 in
369 2545 517 2625 discipulo
541 2555 688 2624 utcunque
708 2544 852 2619 adulatio,
879 2547 905 2606 si
929 2565 966 2606 ex
990 2545 1127 2626 opinione
1142 2551 1357 2629 praeceptoris,
1382 2570 1420 2612 ex
1435 2571 1537 2616 aurore

171 2636 314 2714 prolecta
333 2634 372 2696 ad
396 2634 486 2695 finem
510 2634 643 2696 discendi
663 2633 819 2712 dirigatur.
866 2635 900 2696 In
919 2634 1021 2713 jndice
1039 2636 1175 2697 adulatio
1190 2638 1337 2716 flagitium
1352 2647 1411 2700 est.
1450 2639 1537 2712 Quae
1650 2639 1652 2646 '

171 2725 216 2786 sic
240 2723 404 2786 scribenda
432 2723 524 2798 duxi,
557 2730 592 2784 nt
615 2723 752 2802 quamvis
784 2730 922 2802 praestat
949 2723 1123 2785 securitatis
1152 2743 1258 2800 eausa,
1293 2728 1537 2792 nocentissimum

169 2831 319 2893 quemque
340 2811 412 2874 mibi
436 2812 589 2873 minimum
613 2801 721 2884 iiaaci,
745 2820 845 2873 tamen
870 2811 897 2872 si
920 2828 977 2872 nou
1003 2812 1092 2874 aliter
1115 2812 1220 2873 honori
1243 2821 1295 2874 tnn
1319 2815 1434 2876 consuli
1461 2835 1535 2896 poa·

167 2902 228 2976 ait,
262 2901 393 2962 haberes
427 2898 581 2962 arbitrium
613 2902 786 2980 publicatae
819 2901 985 2962 calumnias
1015 2899 1133 2978 publice
1165 2900 1285 2964 obviam
1318 2903 1417 2965 eundi.
1474 2904 1537 2968 Sed

166 2991 296 3052 missum
319 2992 441 3051 tandem
466 2991 564 3069 ipsum
588 2990 746 3052 faciamus.
788 2990 852 3050 Nec
877 2989 955 3050 euim
980 3006 1069 3067 quarn
1093 2989 1158 3068 ipse
1176 2990 1263 3064 male,
1289 2991 1341 3050 sed
1367 3011 1455 3074 quam
1479 3011 1536 3073 ego

166 3081 246 3141 bene
270 3079 404 3153 fecerim,
428 3079 589 3159 quaeritur.
636 3079 678 3140 Et
700 3086 772 3139 sunt
795 3077 913 3157 quidem
937 3077 966 3138 in
981 3077 1035 3138 illa
1049 3095 1116 3139 mea
1130 3077 1260 3158 epistola
1282 3079 1434 3159 pleraque,
1459 3099 1535 3161 qnae

164 3169 303 3241 defendi,
328 3168 439 3247 aliqua,
465 3186 540 3248 qnae
556 3167 703 3240 excusari,
718 3167 829 3246 aliqua,
854 3184 931 3247 qnae
945 3166 1078 3247 pessima
1092 3166 1261 3246 suspicione
1277 3167 1397 3230 liberari
1413 3169 1534 3233 debent.

259 3255 423 3319 Ordiamur
454 3258 492 3318 ab
526 3275 574 3332 eo,
609 3256 688 3337 quod
720 3256 931 3335 gravissimum
965 3262 1027 3317 sat:
1064 3256 1143 3335 quod
1175 3275 1282 3336 nempe
1315 3257 1432 3320 crimini
1461 3259 1534 3322 mibi

162 3347 233 3422 das,
259 3355 369 3408 canna
384 3365 474 3425 qnam
492 3345 636 3408 senserim
660 3345 689 3406 in
710 3364 744 3406 os
769 3344 828 3424 ipsi
853 3345 993 3406 locutum.
1042 3342 1131 3415 Quod
1154 3345 1223 3406 dum
1246 3347 1327 3426 agis,
1359 3347 1404 3408 ita
1428 3348 1533 3430 luque-

160 3436 220 3511 ris‚
245 3445 281 3498 ut
304 3435 378 3497 mihi
401 3434 656 3496 absolutissimum
680 3434 717 3495 de
741 3433 811 3495 aliis
834 3433 982 3513 Jndicium
1007 3433 1137 3495 tribuere
1161 3433 1305 3496 videaris.
1352 3433 1453 3506 Quam
1477 3455 1534 3518 ego

161 3525 371 3605 suspicionem
394 3523 421 3585 si
446 3545 464 3584 a
487 3542 543 3598 me,
568 3523 647 3604 qnod
669 3541 814 3603 perquam
838 3521 926 3583 facile
949 3521 1008 3594 est,
1031 3541 1194 3599 removero,
1219 3543 1330 3604 magna
1348 3535 1435 3604 parte
1458 3545 1533 3607 pur-

159 3614 299 3696 gationis
330 3633 377 3674 me
411 3612 584 3674 defunctum
608 3631 676 3674 esse
710 3611 830 3691 putabo.
876 3609 998 3672 Etenim
1026 3611 1076 3691 qui
1101 3613 1146 3673 vir
1176 3613 1218 3674 sit
1241 3613 1356 3687 Ursus,
1384 3614 1533 3693 jamnon

160 3703 323 3783 disputare
346 3704 464 3781 placet,
499 3710 580 3762 certe
604 3720 661 3780 quo
685 3713 820 3781 ternpore
843 3700 1004 3780 epistolam
1031 3699 1114 3762 illam
1138 3700 1260 3780 scripsi,
1288 3708 1321 3762 et
1341 3701 1533 3768 imbecilliori

162 3813 249 3855 eram
269 3790 396 3872 judicio,
420 3799 453 3851 et
476 3809 534 3852 non
556 3798 663 3869 parum
682 3789 739 3870 ipsi
754 3791 816 3869 jaru
841 3789 891 3850 diu
916 3788 1090 3851 tribueram.
1137 3789 1233 3850 Venit
1257 3788 1396 3852 Gratiam
1415 3791 1533 3856 Ductor

161 3882 317 3962 quispiam
342 3899 380 3942 ex
404 3879 496 3942 ltalia
518 3895 671 3954 reversus,
707 3878 814 3941 librum
837 3877 902 3956 ejus
933 3877 1004 3940 mihi
1028 3877 1187 3954 exhibens,
1221 3897 1309 3959 quem
1332 3881 1433 3960 triduo
1457 3901 1532 3944 cou-

158 3991 250 4034 cesso
274 3969 387 4050 raptim
411 3987 625 4049 percurrerem.
671 3969 705 4030 In
730 3986 765 4028 eo
789 3967 939 4028 salutatos
962 3966 1184 4029 schematiamis
1212 3968 1329 4046 reperio
1352 3970 1533 4052 praecipuos

158 4060 251 4142 hujus
275 4058 424 4139 temporis
450 4056 689 4132 mathematicos,
714 4056 830 4136 reperio
856 4056 1047 4135 magnificam
1071 4057 1100 4117 in
1123 4056 1312 4135 praefatione
1335 4060 1532 4138 provocatio-

158 4169 228 4212 nem
253 4147 419 4212 adsimile
445 4145 514 4226 quid
539 4147 716 4221 audendum,
741 4146 780 4205 ad
804 4145 1021 4206 astronomiam
1046 4165 1061 4205 e
1087 4145 1291 4208 fundamentis
1308 4149 1531 4226 exstruendam,

158 4240 276 4320 reperio
310 4233 495 4320 compendia
529 4235 677 4315 quaedam
710 4253 815 4308 aurea,
851 4251 926 4314 quae
957 4233 1112 4314 Tubingae
1146 4255 1165 4296 a
1192 4234 1356 4297 Maestlino
1385 4236 1532 4298 celebrari

157 4330 373 4402 memineram,
410 4323 529 4403 reperio
558 4323 726 4386 doctrinam
758 4322 890 4398 sinuum,
925 4322 1092 4385 doctrinam
1124 4323 1355 4404 triangulorum,
1396 4325 1532 4404 vulgaria

156 4420 289 4500 quidem,
324 4415 386 4480 sed
419 4431 500 4474 nova
529 4412 600 4474 mibi
634 4411 743 4485 omnia,
776 4421 811 4473 ut
838 4411 958 4486 videas,
994 4431 1051 4493 quc
1084 4412 1196 4492 remige
1230 4415 1343 4474 samam
1374 4413 1530 4486 verberet3

152 4529 218 4574 nam
240 4513 400 4594 pleraque
423 4508 536 4582 postea
557 4501 587 4562 in
607 4500 734 4564 Euclide
759 4507 790 4562 et
804 4498 1046 4578 Regiomontano
1069 4501 1177 4581 reperi,
1202 4520 1278 4581 qnae
1303 4509 1366 4562 tum
1388 4499 1447 4580 ipsi
1470 4499 1529 4560 tri-

149 4601 286 4668 buebam,
339 4596 457 4673 Neque
480 4597 613 4665 metuas,
643 4598 690 4665 ut,
723 4588 884 4671 quaejam
908 4589 984 4666 dixi,
1017 4590 1092 4652 bene
1122 4609 1188 4652 cum
1211 4589 1333 4651 invento
1356 4603 1422 4648 meo
1446 4593 1530 4648 stare

142 4703 265 4779 queant.
316 4685 427 4752 Dicat
451 4679 515 4759 ipsc
538 4698 593 4759 pro
616 4698 663 4741 me
687 4677 884 4754 Maestliuus,
909 4697 999 4758 quam
1024 4679 1163 4740 tenuibus
1186 4675 1340 4758 principiis
1364 4672 1526 4736 institerim

137 4789 238 4866 inpio,
277 4778 337 4866 qui
375 4769 536 4856 profacto,
559 4767 586 4832 ai
614 4775 678 4832 tam
701 4768 837 4850 jejunum
866 4787 912 4830 me
940 4769 1073 4832 secundo
1097 4765 1280 4836 dimisisset,
1315 4779 1403 4840 quam
1430 4759 1528 4842 primo
