3542 5528
286 303 330 371 68
878 305 1041 358 sesamum.

180 483 181 488 ¹
285 474 469 546 potenusam
493 465 558 527 sive
583 465 662 528 latus
688 467 790 527 decem
814 467 921 546 pedum
946 467 975 528 in
1008 465 1174 547 particulas
1208 465 1346 527 minimas
1375 463 1477 538 divisi,
1512 461 1654 543 pinnulas

284 555 373 616 alteri
397 553 525 616 laterum
550 554 631 617 circa
655 563 768 617 rectum
793 555 885 616 affixi.
933 555 1126 635 Triangulum
1159 539 1271 634 ipsum*
1287 551 1369 614 nulla
1392 552 1528 614 trochlea
1553 550 1653 611 stabi-

285 643 348 715 livi,
373 644 427 704 sed
452 644 545 704 libere
569 663 588 704 a
613 637 680 704 lu'ne
703 644 834 724 pendere
858 645 997 723 permisi,
1031 645 1174 723 appensis
1204 643 1271 705 hinc
1300 641 1369 704 iude
1392 638 1589 720 pondusculis
1615 638 1654 699 li-

285 731 370 794 bravi
394 732 554 811 tantisper,
581 731 649 794 dnm
673 733 764 793 stella
787 732 927 811 pinnulae
953 733 1098 794 foramina
1118 732 1334 810 ingrederetur.
1381 730 1485 791 Habes
1517 747 1655 808 appara-

285 829 348 882 tum
373 821 553 882 universum.
601 823 708 900 ltaque
732 821 906 883 observatio
931 821 1073 883 instituto
1096 817 1126 881 2.
1154 820 1262 882 Octob.
1289 837 1365 880 anuo
1394 815 1494 891 1597;
1519 811 1574 880 26.
1601 813 1656 876 27.

285 907 340 972 28.
365 908 508 970 Decemb.
535 929 612 976 anno
634 906 732 984 ¹597;
758 929 845 972 urens
870 920 901 971 et
926 910 1042 990 vesperi
1067 907 1118 974 28.
1139 909 1243 972 Martii
1267 928 1344 970 anno
1364 904 1466 981 159&
1487 904 1540 970 25.
1565 904 1657 984 Sept.

285 1017 363 1060 anno
391 995 485 1072 1598,
510 999 603 1060 toties
627 1000 664 1060 de
688 1017 764 1059 novo
790 1000 933 1060 dimensis
957 999 1095 1060 omnibus
1125 998 1289 1071 lateribus3
1322 1004 1354 1058 et
1377 995 1562 1076 deprehendi
1586 993 1657 1074 qui-

285 1087 352 1148 dem
376 1088 580 1148 constantiam
604 1087 805 1150 instrumenti.
854 1085 932 1150 Cum
956 1107 1027 1169 ergo
1052 1097 1160 1168 quator
1182 1085 1405 1149 observaverim
1430 1083 1568 1145 omnibus
1592 1083 1658 1144 sci·
1703 1130 1716 1146 t

285 1176 359 1237 licet
383 1175 454 1235 anni
478 1175 730 1255 tempestatibus,
766 1177 805 1237 ad
828 1177 981 1257 negotium
1005 1178 1101 1258 ipsum
1126 1176 1260 1252 idoneis,
1292 1183 1355 1236 tres
1385 1173 1508 1235 ultimae
1534 1172 1656 1252 quidem

287 1263 482 1326 consentiunt
505 1265 742 1338 observationes,
767 1266 863 1345 prima
887 1261 1089 1328 secessionem
1114 1265 1197 1328 lacit.
1243 1263 1308 1326 Nec
1331 1263 1446 1336 mirum,
1472 1259 1659 1340 comprima

287 1361 319 1414 et
342 1352 431 1414 unica
457 1351 556 1428 fuerit,
582 1373 637 1414 nec
662 1354 821 1416 admodum
845 1356 947 1434 quieto
971 1361 1057 1429 aere,
1083 1373 1150 1416 cnm
1173 1355 1211 1414 ad
1236 1353 1421 1415 levissimam
1444 1351 1582 1412 aurulam
1607 1349 1657 1410 in-

285 1448 485 1502 strumentum
508 1460 606 1502 meum
630 1443 842 1522 impelleretur.
891 1442 1022 1506 Ceterae
1044 1452 1107 1504 tres
1131 1441 1308 1522 exquisitius
1332 1449 1457 1520 captae,
1481 1440 1659 1518 iteratoque

286 1529 408 1608 saepius
434 1531 625 1592 examinatae
650 1540 730 1593 sunt.
765 1530 999 1613 Comparatione
1023 1533 1105 1594 facta
1129 1530 1242 1612 primae
1266 1549 1408 1592 erroneae
1432 1547 1498 1590 cum
1522 1527 1661 1589 secunda

286 1617 486 1680 confirmabar
510 1619 628 1680 lumea
652 1621 904 1696 ratiocinationc;
928 1622 1023 1701 deque
1047 1622 1104 1682 hac
1128 1619 1351 1699 comparatione
1372 1627 1482 1680 sonant
1499 1615 1659 1697 proximae

285 1726 370 1770 meae
395 1707 510 1769 literae.
561 1709 775 1770 Verumtamen
801 1711 905 1772 ultima
928 1711 1101 1772 observatio
1126 1708 1296 1788 Septembri
1320 1710 1424 1785 elapso
1453 1705 1579 1778 habita,
1604 1724 1658 1765 re-

286 1795 396 1857 futavit
418 1797 544 1875 primam
569 1796 695 1859 Octobri
719 1799 882 1877 superioris
907 1799 977 1860 anni
1001 1807 1136 1879 captam,
1173 1805 1204 1858 et
1232 1795 1464 1858 confirmabatur
1494 1816 1513 1855 a
1537 1792 1659 1854 duabtrs

284 1883 417 1964 reliquls.
465 1884 513 1944 Ex
536 1887 674 1947 omuibus
698 1887 793 1947 tribus
818 1879 1001 1966 comparatis
1024 1905 1078 1968 pro
1103 1894 1186 1949 certo
1211 1885 1353 1966 colligere
1377 1884 1476 1964 potui,
1509 1882 1659 1946 differen-

286 1973 360 2035 tiam
384 1973 414 2034 in
438 1973 648 2048 altitudinibus
672 1975 786 2056 polaris
811 1977 940 2051 stellae,
973 1975 999 2038 si
1024 1984 1172 2056 quaest,
1202 1975 1281 2036 infra
1311 1983 1379 2036 octo
1408 1973 1552 2052 scrupula
1576 1991 1659 2032 esse.

287 2061 367 2126 Nam
392 2062 431 2122 ad
454 2061 584 2123 minores
608 2063 772 2140 particulas
798 2063 1026 2146 instrumentum
1051 2084 1149 2126 meum
1172 2084 1229 2126 non
1251 2062 1416 2126 descendit.
1449 2062 1547 2140 Igitur
1561 2059 1661 2122 semi-

288 2150 436 2212 diameter
461 2149 556 2224 orbis,
581 2152 630 2230 qui
656 2151 780 2213 Terram
805 2155 902 2230 vehit,
927 2155 1024 2215 minus
1045 2173 1132 2233 quam
1159 2152 1400 2234 quingentesima
1428 2148 1582 2230 particula
1611 2159 1663 2209 est

288 2239 326 2300 de
350 2237 577 2300 semidiametro
605 2240 743 2302 lixarum.
797 2241 950 2304 Dimoveri
988 2251 1089 2304 tamen
1123 2261 1180 2302 nun
1213 2259 1336 2322 possum
1364 2239 1402 2302 ab
1435 2257 1472 2300 ea
1505 2238 1660 2320 opinione,

287 2325 356 2408 quin
381 2326 517 2402 credam,
555 2328 676 2389 tandem
711 2329 740 2390 iu
770 2329 870 2411 aliquo
898 2331 993 2410 primo
1018 2332 1067 2392 vel
1096 2331 1249 2391 luculenta
1278 2337 1365 2407 purte
1389 2327 1477 2408 primi
1502 2335 1660 2408 repertum

287 2415 323 2477 iri
347 2415 556 2477 differentiam.
604 2415 692 2488 Quod
717 2418 741 2479 si
766 2417 821 2482 hoc
845 2438 903 2480 nou
928 2421 997 2494 fiat,
1027 2429 1059 2481 et
1089 2419 1116 2480 si
1139 2411 1210 2480 milri
1230 2419 1409 2480 credendum
1434 2417 1489 2492 sit,
1514 2416 1658 2478 omnibns

285 2505 382 2566 modis
406 2502 658 2568 inaestimabilem
681 2525 749 2568 esse
773 2509 964 2569 altitudinem
987 2509 1112 2570 lixarum
1135 2510 1174 2569 od
1190 2507 1272 2569 Solis
1296 2507 1501 2575 altitudinem,
1517 2506 1576 2566 hoc
1597 2521 1658 2566 uno

287 2601 463 2673 argumento
491 2592 558 2672 plus
591 2596 725 2656 offendar
757 2596 785 2656 in
810 2597 985 2659 defensione
1018 2596 1191 2676 Copernici,
1232 2615 1319 2677 quam
1352 2597 1432 2658 mille
1463 2595 1658 2655 saeculorum

287 2701 445 2744 consensu.
493 2681 639 2752 Quamvis
667 2684 756 2745 unica
784 2685 944 2765 religiosae
972 2687 1082 2747 mentis
1115 2687 1265 2747 attonitae
1298 2692 1330 2744 et
1360 2683 1512 2764 stupentis
1550 2681 1655 2744 excla-

285 2770 417 2833 matione
443 2768 627 2851 Copernious
652 2773 739 2852 hujus
763 2775 933 2837 offendiculi
963 2776 1088 2836 nebulas
1117 2775 1295 2854 dispulerit:
1320 2773 1443 2834 Tanta
1466 2773 1654 2844 nimirum,

285 2860 432 2941 inquiens,
458 2868 517 2921 est
541 2862 628 2922 haec
652 2861 717 2922 Dei
742 2860 825 2943 Opt.
851 2864 944 2926 Max.
970 2864 1135 2925 Fabriea.
1182 2864 1227 2924 At
1251 2862 1349 2930 hercle
1373 2869 1494 2924 recreat
1524 2879 1574 2922 me
1598 2877 1658 2920 uon

286 2949 404 3022 leviter,
432 2949 500 3010 dum
524 2951 685 3030 perpendo,
711 2971 768 3012 non
793 2961 855 3013 tam
880 2953 988 3014 debere
1013 2970 1067 3014 nos
1091 2951 1191 3012 mirari
1216 2953 1368 3032 ingentem
1392 2959 1424 3012 et
1447 2951 1586 3012 infinitae
1612 2949 1657 3009 si-

286 3039 387 3100 milem
415 3037 511 3100 ultimi
540 3039 617 3101 coeli
652 3040 897 3118 amplitudinem,
935 3059 1024 3121 quarn
1057 3060 1072 3101 e
1105 3049 1211 3102 contra
1243 3050 1379 3103 nostrum
1412 3039 1657 3112 homuncionum,

287 3137 470 3206 nostraeque
495 3127 580 3208 hujus
605 3128 788 3190 exilissinrae
811 3129 960 3208 glebulae,
978 3130 1112 3209 adeoque
1128 3129 1281 3191 mobilium
1296 3131 1425 3192 omnium
1445 3127 1657 3207 exiguitatem.

287 3215 402 3293 Nempe
426 3215 492 3276 Deo
515 3217 640 3277 mundus
666 3236 723 3278 non
748 3226 797 3279 est
820 3226 939 3292 vastus,
970 3226 1003 3279 at
1025 3236 1079 3280 nos
1104 3219 1231 3294 mundo,
1266 3237 1313 3280 me
1338 3217 1480 3292 Christe,
1511 3233 1659 3296 perquam

288 3303 388 3382 exigui
417 3321 529 3366 sumus.
577 3303 659 3374 Quid
690 3306 769 3366 enim
797 3305 825 3367 ei
859 3315 963 3386 potest
992 3306 1086 3369 videri
1124 3325 1282 3387 magnum,
1322 3307 1371 3388 qni
1410 3315 1469 3368 etc.
1505 3314 1541 3366 ut
1565 3304 1659 3366 etiam

289 3391 444 3454 Ciceronis
468 3393 633 3453 autoritate
657 3403 733 3457 utar.
781 3396 886 3476 Neque
911 3415 949 3456 ex
971 3397 1048 3457 mole
1073 3395 1217 3476 jqdioium
1247 3404 1296 3457 est
1328 3396 1365 3457 de
1395 3395 1591 3476 praestantia
1615 3394 1659 3454 fa-

289 3480 436 3541 ciendum.
483 3479 566 3542 Deus
591 3482 683 3557 enim,
709 3484 810 3564 quiin
836 3486 907 3546 altis
932 3485 1065 3558 habitat,
1098 3485 1220 3546 humilia
1247 3495 1347 3546 tamen
1377 3485 1512 3564 respicit.
1563 3481 1658 3544 Etsi

289 3568 412 3629 mobilia
446 3570 513 3631 ideo
547 3570 694 3632 vilissima
730 3590 800 3649 pars
835 3573 935 3634 mundi
964 3581 1080 3648 essent,
1115 3575 1184 3654 quia
1219 3582 1316 3635 totum
1344 3581 1481 3654 systema
1516 3581 1658 3652 respectu

290 3659 414 3718 lixarum
446 3675 540 3738 prope
573 3661 747 3721 evanescit:
782 3671 865 3722 esset
901 3662 1005 3723 eodem
1043 3671 1219 3741 argumento
1258 3664 1345 3724 homo
1381 3664 1461 3724 iuter
1497 3669 1659 3743 postrema

289 3746 390 3806 mrrndi
415 3749 647 3824 rojectamenta,
686 3749 735 3828 qui
773 3751 941 3830 comparari
975 3771 1041 3812 cum
1070 3751 1178 3825 Terra,
1209 3752 1303 3813 Terra
1333 3751 1401 3831 ipsa
1428 3769 1495 3813 cum
1531 3749 1657 3812 Saturni

290 3835 374 3894 coelo
408 3835 528 3895 minimo
556 3845 677 3914 potest:
713 3848 796 3899 esset
828 3839 958 3919 quinimo
991 3838 1158 3901 crocodilus
1192 3849 1245 3901 aut
1276 3841 1400 3921 elephas
1433 3841 1500 3901 Deo
1535 3837 1657 3920 majori,

291 3941 380 4001 quam
405 3925 505 3996 lromo,
541 3943 646 3994 curae,
677 3935 836 4004 propterea
866 3929 936 4008 quia
964 3929 1041 3988 mole
1066 3928 1213 3988 hominem
1238 3939 1390 4009 superant.
1436 3929 1531 3990 Hisce
1558 3940 1591 3991 et
1615 3927 1658 3989 si-

292 4011 413 4072 milibus
437 4013 586 4073 ratiouum
611 4015 761 4090 fomentis,
788 4017 888 4078 nescio
914 4025 947 4077 ut
971 4017 1075 4095 ingens
1101 4017 1147 4078 hic
1173 4018 1257 4078 holus
1282 4019 1426 4099 concoqui
1448 4019 1562 4097 possit.

380 4101 472 4160 Porro
496 4101 698 4163 iustrumenta
722 4123 847 4182 magna,
882 4113 1005 4178 exacta,
1041 4115 1071 4165 et
1099 4107 1353 4168 rectificatissima
1381 4114 1487 4188 optare
1523 4125 1659 4188 possum,

290 4187 436 4260 indicare,
467 4207 522 4267 quo
553 4191 632 4264 loco,
667 4211 725 4271 qua
752 4191 879 4270 pecunia
913 4202 1141 4273 comparentur,
1176 4213 1232 4254 non
1261 4213 1393 4274 possum.
1449 4196 1539 4257 Dono
1577 4196 1661 4258 dedit

226 4305 231 4310 ·
290 4275 453 4340 Moestliuo
477 4277 578 4357 Tycho
603 4280 701 4339 Bralre
727 4299 851 4341 aeueum
877 4283 1040 4360 quoddam,
1067 4283 1257 4345 utilissimum
1283 4285 1418 4365 quidem,
1442 4287 1469 4346 si
1492 4285 1661 4348 Moestliuo

291 4365 354 4444 ejus
379 4365 545 4426 advehendi
571 4387 608 4427 ex
632 4368 713 4428 Balti
739 4369 804 4440 (co)
829 4379 953 4442 sumtus,
980 4381 1033 4432 aut
1056 4372 1225 4450 incorrupte
1250 4392 1304 4453 per
1320 4383 1439 4436 tantum
1463 4369 1661 4436 interuallum

291 4453 466 4516 traducendi
490 4472 560 4533 spes
584 4465 676 4516 esset.
725 4456 823 4518 Credo
847 4476 901 4535 per
924 4459 1133 4521 Moecenatem
1157 4469 1188 4521 et
1210 4457 1396 4525 Praxitelem
1417 4463 1572 4542 Keplerns
1593 4463 1661 4538 (aut

291 4543 356 4621 ejus
383 4543 446 4602 loco
471 4542 556 4602 multi
582 4544 647 4618 alii)
674 4563 731 4604 uon
757 4545 949 4624 inelegantis,
976 4567 1030 4608 neo
1054 4549 1172 4610 inutilia
1196 4557 1337 4613 strueret.
1385 4551 1535 4622 Quamvis
1561 4555 1589 4615 si
1611 4570 1661 4612 ar·
1763 4607 1764 4616 ,

291 4631 402 4692 tihcem
425 4631 496 4692 mihi
521 4639 636 4711 optem,
676 4651 733 4694 noo
763 4634 943 4696 arcularium
970 4637 1078 4710 velim,
1112 4638 1166 4698 sed
1196 4640 1356 4703 moratium
1386 4648 1419 4704 et
1447 4641 1660 4704 architectum.

291 4717 377 4780 anri
402 4720 479 4782 enirn
502 4729 535 4780 et
559 4720 780 4799 amphitheatro
802 4723 970 4785 rectissime
995 4726 1060 4804 quis
1085 4735 1196 4800 utatur,
1221 4728 1363 4806 hocest,
1388 4731 1609 4811 perpendiculo
1633 4739 1663 4789 et

294 4823 381 4892 aqna.
429 4808 511 4870 Sane
533 4827 587 4894 pro
612 4809 694 4871 Solis
718 4812 928 4874 observatione
953 4833 1008 4874 nec
1031 4815 1130 4899 optari
1154 4815 1274 4898 quidem
1299 4821 1399 4902 aptius
1422 4820 1588 4904 quicquam
1606 4837 1662 4900 po·
1762 4865 1763 4908 ,
