3586 5518
293 259 355 328 tro
608 291 613 302 ⁴
801 258 914 323 nysam
933 259 1133 328 conamus

291 387 459 486 coincideie
482 427 515 484 st
536 417 592 481 uiti
616 417 721 482 eodem
745 419 950 496 fondamento,
975 419 1053 501 quod
1076 427 1178 484 umen
1201 437 1259 500 quo
1273 427 1365 499 pacto
1379 421 1443 497 ilat,
1467 421 1655 500 investigare

291 511 437 592 hactenus
460 525 610 589 nunquam
631 507 727 588 potui.
741 505 766 582 ¹)

739 684 784 749 IN
807 682 947 748 CAPUT
970 682 1210 748 VIOESIMUM

818 807 933 858 uorsa
952 807 1131 859 suasoris,

373 911 404 986 a)
427 917 506 970 Haec
520 921 564 970 est
578 915 691 985 propria
705 915 824 970 materia
838 916 901 970 libri
915 917 961 971 IV.
977 917 1133 987 Epitomes;
1159 922 1328 971 transsumts
1348 915 1411 971 inde
1424 916 1452 970 in
1467 917 1515 971 lib.
1530 917 1566 970 V.
1581 917 1656 970 Har·

293 995 464 1051 monicorum.
502 997 572 1050 Nam
586 995 661 1050 illius
676 995 740 1049 libri
754 1012 815 1066 cap.
832 995 859 1050 3.
875 997 945 1050 haec
959 997 1022 1066 ipsa
1036 998 1163 1068 quaestio
1178 998 1321 1058 enodatur,
1345 1003 1375 1051 et
1388 997 1461 1051 inter
1475 997 1657 1051 fundamenta

293 1075 448 1142 assumitur,
474 1076 571 1148 quibus
586 1077 798 1139 demonstratur,
822 1083 912 1131 motus
926 1075 1102 1147 planetarum
1116 1083 1256 1133 extremos
1270 1077 1404 1131 contineri
1428 1077 1656 1148 proportionibus

292 1157 465 1212 harmonicis.
506 1156 567 1211 Etsi
582 1172 647 1210 vero
668 1157 696 1210 in
709 1156 762 1210 hoc
776 1157 868 1226 capite
883 1159 1001 1211 nondum
1020 1164 1164 1212 assecutus
1185 1174 1244 1212 sum
1268 1159 1340 1228 quod
1359 1160 1537 1228 quaerebam,
1563 1159 1658 1228 plera-

293 1254 347 1308 que
361 1245 454 1291 tamen
469 1236 597 1290 adhibita
610 1235 754 1306 principia,
777 1252 849 1307 quae
863 1236 929 1290 mihi
948 1236 1009 1306 jam
1033 1244 1090 1292 tum
1108 1245 1228 1293 naturae
1246 1253 1338 1306 rerum
1351 1239 1518 1294 ridebantur
1540 1253 1657 1292 consan-

294 1325 386 1381 tanea,
412 1318 566 1372 certissima
588 1325 618 1370 et
636 1316 702 1370 totis
724 1317 767 1370 his
782 1316 819 1371 25
834 1316 913 1371 annis
926 1317 1074 1372 utilissima
1096 1334 1156 1374 sum
1170 1324 1322 1388 expertus:
1347 1319 1512 1387 praesertim
1535 1319 1563 1372 in
1578 1319 1658 1372 Conr-

295 1397 436 1452 mentsriis
457 1399 491 1450 de
511 1397 631 1452 motibus
652 1395 761 1460 Martis,
783 1401 864 1466 parte
886 1398 933 1450 lV.

372 1475 405 1544 b)
429 1477 504 1540 Quas
524 1477 616 1532 nullas
638 1493 700 1532 esse
721 1476 838 1546 probari
858 1475 887 1530 in
908 1477 1057 1532 Commeat.
1080 1477 1189 1532 Martis.

374 1554 400 1622 c)
421 1558 450 1611 Si
470 1574 521 1627 pro
541 1574 608 1610 voce
630 1557 746 1612 anima
765 1573 859 1610 rocem
880 1557 945 1611 vim
972 1557 1139 1621 substituas,
1170 1558 1259 1612 habes
1287 1559 1452 1630 ipsissimum
1484 1557 1659 1628 principium,

295 1657 331 1694 ex
354 1655 407 1709 quo
427 1637 546 1709 physica
566 1637 694 1690 coelestis
717 1636 744 1690 in
765 1637 914 1691 Commeat.
936 1637 1035 1692 Martis
1064 1644 1108 1691 est
1116 1638 1294 1704 constituta,
1320 1647 1350 1694 et
1377 1640 1425 1694 lib.
1446 1639 1493 1692 iv.
1515 1637 1662 1707 Epitornes

295 1722 369 1772 Astr.
391 1719 514 1772 exculta.
558 1717 629 1771 Olim
657 1715 727 1771 enim
749 1732 860 1770 oausam
881 1723 1034 1772 moventem
1062 1718 1193 1786 planetas
1214 1720 1343 1774 absolute
1370 1720 1488 1774 animam
1516 1735 1578 1771 esse
1601 1733 1661 1770 cre-

295 1801 408 1862 debam,
440 1799 541 1869 quippe
567 1797 686 1850 imbutus
716 1797 892 1868 dogmatibus
919 1799 944 1853 J.
968 1799 997 1851 C.
1025 1797 1175 1869 scaligeri,
1207 1801 1240 1852 de
1266 1801 1425 1854 motricibus
1451 1796 1661 1869 intelligentiis.

295 1883 333 1933 At
354 1895 413 1932 cum
434 1881 647 1948 perpenderem,
669 1878 742 1931 hanc
762 1892 875 1931 causam
896 1877 1036 1932 motrioem
1056 1877 1197 1932 debilitari
1218 1895 1278 1934 cnm
1299 1879 1449 1943 distantia,
1470 1879 1563 1932 lumen
1586 1877 1662 1932 Solis

295 1959 379 2013 etiam
401 1958 542 2013 attenuari
564 1974 624 2013 cum
645 1958 780 2012 distantia
801 1972 819 2010 s
838 1957 918 2027 Sole:
949 1957 1012 2012 hinc
1032 1957 1153 2012 conclusi
1173 1957 1227 2012 rim
1247 1959 1319 2014 bano
1339 1979 1402 2014 esse
1423 1975 1586 2028 corporeum
1607 1957 1661 2010 ali·

296 2038 367 2112 quid,
390 2038 412 2092 si
434 2056 488 2093 non
509 2037 620 2109 proprie
641 2039 741 2092 saltem
763 2037 926 2107 aequivoce3
948 2037 1019 2092 sieut
1040 2039 1131 2092 lumen
1152 2037 1266 2094 dicimus
1280 2057 1341 2106 esse
1363 2039 1466 2112 aliquid
1486 2053 1661 2108 corporeum,

297 2120 322 2172 id
344 2125 396 2182 est,
419 2118 537 2190 speciem
559 2134 577 2171 a
598 2135 712 2189 corpore
733 2118 886 2187 delapsam.
908 2121 955 2172 sed
977 2118 1200 2172 immaterialem.

377 2195 405 2265 d)
426 2200 558 2254 Nimirum
579 2199 667 2252 locum
689 2197 843 2253 invenitis
865 2199 1015 2254 Commeat.
1036 2198 1135 2253 Mortis
1162 2213 1234 2254 anno
1259 2199 1334 2254 1609
1355 2199 1452 2255 editis:
1482 2200 1546 2254 inde
1569 2207 1663 2254 uana·

297 2286 389 2334 sumta
409 2287 453 2334 est
473 2294 578 2334 summa
599 2279 639 2333 rei
661 2283 691 2332 et
710 2278 834 2348 repetita
853 2278 881 2333 in
901 2279 977 2349 Epit.
998 2283 1111 2334 Astron.
1133 2279 1180 2333 lib.
1203 2280 1250 2332 lV.

376 2355 404 2426 e)
426 2361 504 2414 Haec
524 2359 616 2414 omnia
635 2359 694 2412 sine
714 2359 775 2412 ulla
794 2359 947 2414 mutatione
968 2359 1066 2414 valent
1086 2359 1169 2414 etiam
1190 2358 1218 2412 in
1239 2359 1389 2414 Comment.
1411 2359 1519 2416 Martis.

376 2435 404 2508 i)
426 2439 479 2494 Hic
501 2457 578 2494 error
600 2438 703 2508 incipit.
742 2440 802 2493 Hoc
816 2439 887 2494 enim
901 2457 956 2493 non
970 2446 1015 2493 est
1028 2439 1098 2494 idem
1119 2439 1148 2492 in
1162 2439 1336 2504 contrarium,
1362 2457 1421 2496 cum
1437 2460 1470 2496 eo
1490 2441 1562 2512 quod
1578 2456 1663 2510 prae·

296 2519 422 2583 mittitur,
446 2519 506 2574 scil.
529 2519 736 2592 elongationem
760 2535 777 2572 a
797 2519 862 2573 Sole
886 2519 927 2574 bis
949 2521 1041 2574 iacere
1066 2520 1101 2572 ad
1125 2522 1280 2591 augendam
1308 2520 1458 2590 periodum.
1499 2521 1545 2576 Sic
1566 2529 1664 2574 autem

296 2600 377 2654 debui
392 2601 533 2671 colligere,
555 2605 585 2653 et
600 2606 696 2653 contra
709 2599 914 2669 proportionem
930 2601 1102 2670 periodorum
1117 2600 1228 2669 duplam
1250 2617 1311 2654 esse
1333 2597 1525 2674 ἆποςηματων
1544 2617 1663 2671 propor-

296 2680 387 2744 tionis,
410 2697 464 2734 non
479 2683 549 2751 quod
564 2681 617 2734 boc
630 2695 724 2732 verum
739 2695 800 2732 esse
815 2685 933 2744 teneam,
957 2687 1000 2734 est
1019 2679 1090 2733 enim
1112 2679 1173 2748 ejus
1197 2683 1384 2734 tantummodo
1407 2681 1604 2752 sesquislters,
1629 2689 1665 2733 ut

296 2761 451 2815 audiemus:
477 2763 526 2814 sed
549 2760 615 2831 quia
637 2777 674 2813 ex
689 2759 741 2813 bac
765 2761 1007 2831 argumentatione
1030 2759 1083 2813 boo
1101 2761 1227 2831 legitime
1242 2761 1425 2831 sequebatur:
1448 2763 1527 2816 rides
1548 2761 1593 2815 uti
1616 2761 1663 2814 bic

295 2842 411 2896 medium
435 2839 699 2895 arithmeticum
725 2839 762 2894 sit
784 2847 911 2904 sumtum,
936 2857 985 2911 per
1006 2839 1219 2895 dimidiationem
1236 2841 1416 2906 differentiae,
1441 2857 1502 2896 cum
1516 2841 1663 2895 debuisset

295 2921 412 2976 medium
435 2921 691 2992 geometricum
715 2920 792 2974 sumi.

375 2999 407 3074 g)
427 3001 543 3072 Propius
557 3015 625 3056 sane
648 3017 699 3070 per
713 3002 798 3054 talem
813 2999 1004 3054 mediationem
1019 2999 1236 3065 arithmeticam,
1266 3018 1346 3072 qnam
1374 3019 1425 3072 per
1451 3001 1663 3072 geometricam,

296 3082 419 3154 quamvis
443 3081 614 3154 geometrica
637 3080 762 3152 legitime
784 3081 999 3134 concludebatur
1020 3098 1057 3136 ex
1079 3081 1207 3136 assumtis
1224 3081 1379 3152 principiis;
1406 3083 1547 3154 quiscum
1562 3097 1664 3138 revers

296 3164 333 3217 sit
355 3162 496 3232 proportio
520 3160 706 3232 proportionis
730 3178 784 3214 nou
807 3160 901 3230 dupla,
928 3161 976 3214 sed
991 3167 1097 3216 tantum
1117 3160 1302 3233 sesquialtera
1325 3162 1355 3230 (2
1372 3183 1377 3216 ι
1395 3162 1430 3224 3,
1446 3163 1473 3216 h.
1489 3180 1514 3216 e.
1530 3161 1663 3233 quadrati

297 3245 332 3296 ad
347 3239 471 3308 cubumlr
494 3242 594 3296 accidit
617 3242 669 3306 hic,
694 3247 725 3294 ut
748 3240 864 3295 medium
888 3239 1090 3296 arithmeticum
1113 3241 1350 3312 appropinquaret
1371 3242 1459 3296 medio
1474 3242 1664 3313 proportionis

296 3323 503 3392 sesquialterae,
526 3322 589 3392 plus
604 3339 686 3392 quam
701 3321 817 3374 medium
830 3321 1035 3392 geometricum,
1061 3339 1110 3374 seu
1123 3322 1309 3392 proportionis
1324 3323 1439 3393 duplae,
1464 3323 1531 3393 quia
1545 3323 1664 3376 medium

237 3399 241 3412 '
297 3401 500 3456 arithmeticum
525 3419 632 3471 semper
646 3401 758 3472 propius
783 3408 826 3455 est
841 3400 937 3470 manri
958 3401 1082 3466 termino,
1104 3418 1186 3481 quam
1209 3403 1325 3458 medium
1347 3403 1560 3475 geometricum:
1584 3411 1618 3457 ut
1636 3401 1664 3456 iu

297 3483 425 3553 exemplo
441 3483 467 3538 6.
484 3481 511 3538 9.
530 3481 574 3537 12.
592 3488 622 3535 et
636 3483 661 3536 6.
679 3484 706 3536 8.
726 3482 770 3536 12.
785 3481 831 3535 hic
845 3482 961 3534 medium
976 3482 1178 3536 arithmeticum
1200 3482 1217 3535 9
1231 3484 1322 3553 majus
1341 3491 1386 3536 est
1399 3483 1571 3555 geometrico
1587 3483 1615 3538 8.

376 3562 406 3630 b)
431 3562 509 3617 Citra
530 3563 640 3616 dubium
660 3561 757 3632 praxis
781 3561 837 3616 ista
860 3579 914 3615 non
938 3561 990 3616 mit
1005 3571 1134 3618 assecuta
1153 3562 1332 3619 theorematis
1347 3581 1467 3634 scopum,
1491 3569 1526 3617 ut
1544 3563 1608 3633 jam
1623 3571 1666 3616 est

298 3643 485 3714 explicatum:
506 3643 623 3698 medium
644 3643 715 3696 enirn
739 3642 943 3696 arithmeticum
964 3659 1019 3696 non
1041 3650 1087 3697 ast
1109 3643 1180 3697 idem
1203 3659 1263 3698 cum
1286 3643 1463 3716 geometrico.

377 3721 401 3793 i)
425 3724 497 3787 Quia
519 3723 644 3778 nimirum
667 3723 827 3777 incedebam
850 3722 931 3794 ragis
946 3723 1088 3794 gressibus
1112 3723 1322 3794 flexiloquorum
1335 3725 1489 3789 verborum,
1517 3741 1573 3779 non
1598 3725 1665 3796 lege

298 3803 482 3858 arithmetica.
524 3803 593 3858 Vide
617 3802 662 3858 hio
678 3802 738 3871 jam
761 3809 905 3873 utrumque
929 3819 1105 3872 processum:
1129 3801 1205 3876 prior
1227 3805 1266 3858 sic
1289 3812 1366 3860 erat:

829 3883 961 3938 Periodus
981 3883 1081 3938 Martis
1106 3883 1174 3939 687.
1210 3917 1217 3924 -

829 3963 962 4018 Periodus
982 3964 1085 4018 Terrae
1109 3957 1213 4024 3651.

824 4043 1146 4051 ”men—..-

1077 4103 1082 4110 -
1149 4061 1317 4118 Differentia
1344 4053 1447 4122 321¹s..

1150 4142 1297 4198 Dimidium
1338 4134 1449 4225 Q

799 4243 801 4249 '
831 4240 951 4294 Medium
966 4241 1170 4296 arithmeticum
1185 4235 1288 4301 5267..

575 4320 633 4375 526
652 4315 680 4380 ¹i.
701 4322 751 4374 dat
770 4319 929 4376 distantiam
948 4320 1046 4375 llsrtis
1069 4323 1161 4385 1000,
1190 4319 1254 4393 quid
1276 4312 1389 4380 365¹ts

711 4400 854 4471 Sequitur,
880 4400 1015 4455 distantia
1039 4401 1158 4456 Telluris
1182 4401 1249 4456 694.

381 4479 525 4534 Posterior
545 4481 584 4536 sic
606 4489 684 4535 erate
706 4480 802 4534 Posito
827 4481 988 4535 distantiam
1012 4482 1131 4537 Telluris
1155 4499 1216 4536 esse
1241 4481 1308 4538 694.
1350 4480 1419 4536 Dico
1441 4480 1493 4533 sio:
1522 4480 1668 4534 Distantia

300 4559 399 4616 Martis
417 4561 492 4615 1000
507 4563 557 4616 dat
570 4562 711 4632 periodum
726 4559 793 4625 687,
810 4561 874 4631 quid
888 4559 1022 4615 distantia
1032 4563 1135 4616 Terrae
1150 4561 1228 4617 6941
1250 4561 1374 4632 sequitur
1388 4569 1522 4631 tanquam
1535 4560 1666 4631 periodus

302 4640 404 4695 Terrae
419 4641 486 4696 4⁷7.
514 4641 607 4713 Pergo
622 4641 710 4713 igitur
723 4657 773 4710 per
788 4657 913 4694 eversam
929 4643 1143 4711 proportionem.

382 4721 458 4775 Vera
470 4722 599 4792 periodus
614 4717 707 4780 3657.
735 4723 784 4774 dat
805 4721 907 4775 falsam
922 4721 990 4786 477,
1015 4729 1147 4793 tanquam
1169 4739 1206 4775 ex
1220 4721 1321 4786 Marte,
1343 4721 1406 4792 quid
1424 4721 1509 4784 1000,
1533 4725 1666 4792 tanquam

301 4799 342 4852 ris
357 4799 476 4856 Martis?
501 4801 624 4874 sequitur
641 4800 725 4867 1306,
750 4807 884 4874 tanquam
905 4801 947 4856 ris
968 4802 1097 4859 Telluris.
1140 4804 1282 4860 Excessus
1304 4803 1393 4876 igitur
1414 4801 1525 4858 virtutis
1546 4801 1667 4858 Telluris
