3698 5516
776 233 864 278 centn
881 226 978 278 Ursum.

776 439 896 540 Caput
922 438 970 513 Π.

629 599 687 663 De
709 599 858 664 Historia
879 599 1119 685 Hypotlwsa‘nm

268 739 307 800 In
338 739 482 804 historia
519 741 727 824 hypothesium
759 745 893 807 texenda
915 745 1012 808 Ursus
1055 743 1182 808 artificio
1215 744 1310 808 utitur
1341 764 1400 808 uon
1432 745 1552 809 inscito.

189 828 216 890 A
236 829 319 920 rems
344 828 427 892 enirn
453 839 575 894 exortus
598 832 764 895 rationibus
788 834 876 896 fidem
891 833 949 897 sibi
973 833 1047 896 facit
1061 833 1243 913 cognitionis
1263 833 1471 896 historiarum:
1497 853 1557 916 qua

190 917 335 992 obtenta,
367 918 446 981 nihil
474 928 589 982 mutato
611 922 660 982 filo
684 923 830 984 orationis
853 923 892 985 ad
916 931 1086 984 commenta
1113 943 1168 984 sua
1194 921 1355 996 delabitur,
1391 941 1485 1002 eaque
1509 924 1556 985 le-

191 1006 266 1068 ctori
288 1025 345 1086 pro
372 1008 571 1070 relationibus
594 1009 745 1074 historicis
769 1011 912 1076 obtrudit.
959 1010 1006 1074 De
1031 1012 1200 1086 Thalete,
1235 1011 1285 1091 qni
1307 1011 1420 1092 primus
1449 1017 1498 1073 est
1526 1013 1556 1074 in

191 1096 249 1158 bac
276 1102 518 1160 astronomorum
548 1098 625 1160 serie
654 1099 683 1161 in
708 1098 841 1164 Graecia
864 1100 1015 1182 (quamvis
1039 1100 1168 1162 Linum
1198 1108 1229 1162 et
1253 1101 1441 1161 Musaeum
1472 1099 1555 1163 anti-

193 1183 366 1264 quissimos,
391 1184 471 1247 hunc
495 1184 679 1250 inventorem
699 1189 857 1270 sphaerae,
882 1190 965 1252 illum
988 1196 1122 1250 motuum
1137 1187 1218 1250 Solis
1242 1197 1274 1250 et
1295 1189 1400 1250 Lunae
1425 1187 1558 1252 celebret

192 1273 349 1352 Diogenes
372 1273 547 1348 Laertius),
575 1277 601 1337 si
624 1296 698 1338 vera
720 1286 804 1353 snut,
836 1298 912 1358 quae
937 1279 973 1340 de
996 1278 1201 1357 praedictione
1225 1276 1374 1356 eclipseos
1398 1277 1556 1360 prodidere

192 1361 309 1426 Plinius
333 1368 365 1422 et
387 1363 578 1426 Herodotus:
610 1373 692 1428 certe
718 1367 857 1447 equidem
879 1367 957 1430 hanc
982 1365 1185 1430 astronomiae
1215 1373 1334 1446 partem
1358 1374 1465 1428 exacte
1489 1367 1555 1428 oal-

194 1452 285 1514 luisse
311 1468 435 1512 necesse
459 1459 517 1513 est.
563 1452 605 1514 Et
628 1454 771 1517 Latrtius
795 1455 929 1538 quidem,
960 1455 1085 1534 primum
1109 1455 1294 1534 astrologiae
1318 1462 1438 1516 secreta
1459 1454 1556 1517 rima-

193 1549 265 1614 tnm,
291 1537 375 1601 Solis
398 1559 518 1603 cursum
541 1561 561 1602 a
582 1543 715 1604 solstitio
738 1545 769 1606 in
792 1545 955 1607 solstitium
979 1543 1144 1624 reperisse,
1169 1543 1239 1605 anni
1264 1543 1466 1624 quantitatem
1491 1539 1556 1606 ³65

192 1629 308 1692 derum
342 1629 551 1704 constituisse,
585 1631 622 1693 de
650 1632 793 1696 solstitiis
825 1642 858 1696 et
880 1632 1079 1714 aequinoctiis
1112 1631 1288 1711 scripsisse,
1323 1631 1392 1692 anni
1421 1639 1558 1712 tempora

192 1735 330 1780 mensum
360 1736 443 1790 esse,
478 1716 560 1780 Solis
585 1727 617 1782 et
640 1721 745 1784 Lunae
776 1721 998 1802 magnitudines
1030 1739 1223 1802 comparasse
1256 1720 1396 1800 Solisque
1421 1719 1558 1783 delectus

190 1804 385 1887 praedixisse
410 1807 530 1868 asserit.
577 1809 685 1889 Neque
710 1818 811 1873 tamen
834 1810 1007 1874 methodum
1031 1810 1160 1890 eclipses
1175 1809 1368 1889 praedicendi
1393 1830 1412 1869 a
1435 1829 1467 1870 se
1491 1809 1557 1888 ipsc

190 1901 298 1976 petere
322 1893 439 1972 potuit,
472 1914 539 1958 cunr
557 1897 614 1958 bec
637 1917 696 1960 non
719 1900 761 1960 sit
783 1901 870 1962 unius
894 1899 1021 1974 aetatis,
1056 1900 1218 1962 observare
1243 1897 1427 1960 sufficientes
1450 1897 1576 1960 Lnnae‘

196 1981 367 2046 anomaliae
390 1983 429 2044 ad
453 1984 578 2066 eclipsin
603 1985 685 2048 Solis
709 1987 954 2067 praedicendam.

285 2068 440 2134 Credibile
464 2073 565 2152 igitur,
590 2095 656 2137 cum
671 2076 761 2154 paulo
786 2083 856 2140 ante
881 2096 949 2139 eam
963 2076 1059 2157 ipsam
1074 2073 1200 2153 eclipsin
1225 2073 1364 2158 bellaque
1387 2092 1463 2153 quae
1488 2080 1558 2136 tune

193 2169 283 2240 gesta
306 2170 521 2225 commemorat
543 2163 731 2241 Herodotus,
760 2184 821 2245 pax
844 2165 945 2246 utique
970 2163 1061 2227 fuerit
1078 2162 1181 2244 Lydos
1204 2161 1284 2224 inter
1307 2169 1340 2223 et
1361 2161 1558 2242 Babylonios,

194 2249 307 2311 Thales
336 2267 409 2312 vero
433 2250 527 2332 Lydis
555 2251 670 2314 vicinus
700 2253 729 2314 in
752 2253 860 2316 Mileto
888 2253 1056 2326 habitaret,
1090 2259 1186 2314 artem
1215 2251 1343 2331 eclipses
1367 2251 1559 2330 computandi

199 2337 343 2400 didicisse
369 2359 388 2399 a
414 2339 602 2422 Babyloniis.
650 2342 691 2403 Et
714 2342 857 2404 Laertius
881 2343 1000 2422 quidem
1028 2346 1212 2414 auctorest,
1237 2340 1412 2421 Aegyptum
1436 2338 1557 2402 adiisse.

194 2429 240 2490 Ac
263 2427 330 2508 ipse
355 2427 466 2489 Thales
494 2429 572 2507 apud
597 2437 750 2492 auctorem
772 2430 856 2493 illum
880 2431 923 2493 sic
952 2432 991 2492 ad
1005 2429 1210 2511 Pherecydem
1224 2428 1262 2489 de
1277 2447 1331 2490 ee:
1356 2426 1556 2508 „Aegyptum

193 2515 427 2597 penetravimus,
452 2525 486 2578 ut
509 2517 599 2580 isthic
613 2519 821 2582 sacerdotibus
837 2528 868 2581 et
883 2518 1064 2582 astronomis
1079 2517 1361 2598 congrederemur.“
1409 2514 1470 2587 Qui
1488 2517 1555 2579 fue-

194 2607 252 2668 rint
275 2609 378 2666 autem
397 2603 441 2665 illi
461 2607 634 2680 astronomi,
654 2607 795 2670 Laertius
815 2608 844 2670 in
859 2607 1034 2690 Pythagora
1050 2606 1153 2680 innuit,
1179 2625 1265 2686 quem
1286 2604 1412 2667 eundern
1428 2605 1557 2686 Aegyp-

198 2703 259 2756 tum
282 2694 453 2772 profectum
478 2703 583 2758 narrat
605 2697 685 2775 apud
709 2694 881 2758 Chaldaeos
906 2702 1126 2758 conversatum.
1172 2693 1251 2755 Erat
1273 2711 1379 2770 nempe
1397 2693 1559 2774 Aegyptus

195 2782 248 2846 sub
271 2781 510 2862 Babyloniorum
527 2783 613 2863 jugo.
660 2785 694 2846 In
718 2785 775 2846 tine
798 2803 870 2848 vero
895 2785 1042 2866 epistolae
1061 2784 1126 2862 jam
1150 2781 1304 2862 allegatae
1320 2780 1433 2843 Thales
1457 2781 1557 2843 addit:

194 2878 249 2946 „at
263 2889 319 2933 uos
335 2871 384 2950 qui
400 2869 442 2931 nil
457 2871 624 2947 scribimus,
650 2871 813 2936 Graeciam
831 2875 998 2954 Asiamque
1013 2871 1243 2953 peragramus.“
1265 2871 1314 2932 lta
1329 2869 1392 2932 sive
1413 2868 1441 2930 in
1462 2866 1558 2932 Ghal-

195 2961 302 3022 daeam
326 2975 381 3035 per
404 2959 620 3035 continentem,
646 2961 710 3022 aive
735 2961 811 3024 mari
833 2963 865 3024 in
888 2963 1063 3044 Aegyptum
1085 2957 1189 3033 iverit,
1214 2955 1435 3021 Chaldaeorum
1459 2957 1557 3018 utrin-

194 3067 250 3128 que
274 3047 394 3126 copiam
417 3047 522 3108 habuit
547 3057 577 3110 et
602 3051 818 3112 astronomiam
841 3051 910 3114 inde
934 3051 963 3112 in
981 3048 1142 3112 Graeciam
1158 3048 1262 3109 efferre
1283 3046 1392 3126 potuit.
1439 3044 1559 3107 Etenim

195 3137 313 3198 consuli
337 3135 445 3196 solitos
469 3155 487 3196 a
511 3134 640 3199 Graecis
663 3139 848 3221 Babylonios
872 3140 908 3201 de
933 3148 1013 3202 motu
1037 3138 1157 3212 Lunae,
1183 3137 1254 3198 illud
1277 3135 1455 3215 persuadet,
1481 3135 1559 3215 quod

194 3243 297 3287 omnes
321 3241 399 3303 pene
424 3221 562 3287 Graecae
586 3227 725 3290 nationes
749 3227 831 3289 auno*
846 3229 961 3292 Lunari
984 3233 1150 3289 uterentur.
1198 3225 1264 3310 Huc
1278 3226 1358 3287 refer
1373 3223 1465 3285 verba
1483 3222 1559 3286 Ari-

194 3311 316 3376 stotelis
341 3311 411 3384 (lib.
435 3311 477 3374 Il.
504 3314 540 3375 de
564 3312 658 3377 Coelo
682 3335 748 3396 cap.
779 3313 860 3391 12.);
890 3316 981 3379 simili
1004 3315 1122 3378 ratione
1147 3313 1183 3378 de
1207 3314 1317 3376 ceteris
1347 3313 1437 3374 etiam
1462 3313 1560 3374 stellis

195 3401 365 3482 loquuntur,
391 3402 440 3480 qui
465 3421 567 3464 aarum
590 3403 739 3467 rationem
758 3405 908 3486 quondam
922 3404 1057 3487 plurimis
1073 3401 1160 3466 annis
1175 3403 1384 3476 observarunt,
1411 3400 1558 3482 Aegyptii

197 3498 229 3552 et
251 3488 426 3572 Babylonii,
450 3510 469 3552 a
492 3492 598 3571 quibus
623 3493 718 3556 multa
742 3495 799 3556 lide
824 3493 916 3576 digua
939 3495 977 3556 de
1001 3493 1126 3573 singulis
1150 3491 1299 3553 sideribus
1323 3489 1506 3569 accepimus.

284 3575 373 3648 Quas
405 3597 489 3640 meas
513 3581 703 3664 conjecturas
732 3582 781 3644 hic
804 3603 871 3646 curn
894 3585 965 3646 Ursi
989 3579 1169 3661 conjecturis
1193 3580 1329 3642 conferre
1354 3577 1455 3652 libuit,
1489 3577 1559 3657 quia

194 3667 304 3730 bnon
329 3684 410 3741 sum,
440 3667 489 3747 qui
513 3668 588 3730 bene
612 3671 694 3733 dicta
717 3690 840 3753 carpere
863 3673 964 3734 velim.
1011 3669 1073 3733 Sed
1098 3671 1162 3750 jam
1186 3668 1292 3732 statim
1320 3673 1430 3748 peccat
1451 3665 1559 3739 Ursus,

193 3755 392 3840 hypotheses,
419 3773 493 3836 quas
516 3757 706 3838 physicorum
731 3779 798 3822 esse
823 3761 876 3835 ait,
899 3761 1074 3842 paulopost
1097 3755 1426 3838 temporaAristotelis
1444 3753 1560 3816 demum

198 3844 387 3906 constitutas
412 3843 604 3921 existimans,
629 3866 684 3910 nec
707 3848 770 3910 ulla
793 3850 909 3912 ratione
933 3848 1004 3912 sciri
1026 3865 1127 3928 posse,
1153 3847 1327 3928 qnalesnam
1346 3844 1458 3908 luerint
1481 3849 1560 3905 tem-

195 3933 319 4014 poribus
344 3932 484 3994 Thaletis
518 3942 550 3996 et
576 3935 771 4018 Pythagorae
803 3945 1042 4000 astronomorum
1071 3936 1265 4016 hypotheses.
1314 3931 1381 4004 Quo
1406 3933 1472 3994 loco
1502 3951 1560 3992 nen

196 4022 316 4084 ridetur
344 4021 476 4083 Plinium
504 4023 615 4103 legisse
644 4025 694 4088 lib.
720 4026 761 4089 Il.
793 4044 859 4105 cap.
885 4024 936 4089 22.
982 4024 1104 4088 Etenim
1132 4023 1202 4086 illae
1230 4022 1392 4085 hodiernae
1415 4019 1560 4101 physico-

196 4131 270 4188 rum,
295 4118 330 4174 ut
353 4117 446 4171 vocat
465 4111 572 4188 Ursus,
597 4114 793 4194 hypotheses,
819 4133 873 4176 sen
896 4115 950 4177 illa
973 4103 1171 4194 sphaerarum
1195 4111 1355 4181 ordinatio,
1381 4128 1469 4191 quam
1484 4108 1561 4170 Pto·

197 4201 329 4262 lemaeus
358 4206 409 4261 est
432 4199 605 4280 amplexus,
630 4203 820 4283 Pythagorae
849 4203 966 4266 usitata
996 4202 1062 4264 fuit.
1109 4199 1190 4264 Audi
1219 4199 1315 4262 lector
1338 4199 1431 4262 verba
1455 4196 1561 4260 Plinii:

198 4287 257 4352 Sed
279 4288 488 4370 Pythagoras,
513 4288 618 4370 iuquit,
642 4289 792 4355 interdum
815 4310 854 4352 ex
877 4291 991 4354 musica
1014 4289 1131 4352 ratione
1155 4287 1290 4368 appellat
1312 4296 1429 4362 tonum,
1464 4303 1561 4366 quan-

198 4385 257 4440 tum
280 4378 363 4441 absit
387 4399 408 4439 a
431 4375 530 4438 Terra
552 4377 648 4440 Luna.
695 4378 745 4442 Ab
769 4399 806 4442 ea
833 4381 872 4442 ad
897 4379 1092 4454 Mercurium,
1125 4377 1217 4458 spatii
1241 4376 1307 4457 ejus
1331 4375 1498 4446 dimidium,
1530 4379 1562 4432 et

199 4467 234 4528 ab
256 4487 290 4531 eo
313 4467 355 4530 ad
381 4467 541 4529 Venerem
563 4466 625 4529 iere
649 4468 845 4542 tantundem,
869 4489 887 4531 a
910 4486 970 4549 qna
992 4467 1031 4530 ad
1048 4465 1151 4530 Solem
1175 4465 1368 4546 sesquiplum,
1392 4483 1412 4524 a
1431 4459 1502 4523 Sole
1522 4459 1561 4520 ad

194 4555 319 4622 Martem
340 4565 463 4628 tonum,
489 4553 530 4615 ab
553 4572 588 4617 so
611 4554 651 4618 ad
664 4556 772 4618 Jovem
796 4556 949 4620 dimidium
972 4565 1005 4621 et
1027 4557 1066 4618 ab
1090 4575 1126 4618 eo
1150 4555 1190 4616 ad
1209 4553 1373 4617 Saturnum
1397 4546 1560 4619 dimidium,

190 4657 220 4714 et
239 4649 308 4712 iude
333 4641 535 4726 sesquiplum
558 4643 597 4704 ad
620 4643 804 4726 signiferum.

269 4735 376 4808 Audis
402 4729 548 4798 ordinem
571 4733 763 4819 sphaerarum
787 4735 941 4805 lectoren
964 4733 1073 4798 Plinio.
1117 4729 1181 4794 Aut
1208 4729 1301 4812 igitur
1322 4721 1439 4788 Plinius
1462 4720 1560 4782 malas
