<?xml version="1.0" encoding="UTF-8"?>
<!DOCTYPE html PUBLIC "-//W3C//DTD XHTML 1.0 Transitional//EN"
    "http://www.w3.org/TR/xhtml1/DTD/xhtml1-transitional.dtd">
<html xmlns="http://www.w3.org/1999/xhtml" xml:lang="en" lang="en">
 <head>
  <title>
</title>
<meta http-equiv="Content-Type" content="text/html;charset=utf-8" />
  <meta name='ocr-system' content='tesseract 3.04.00' />
  <meta name='ocr-capabilities' content='ocr_page ocr_carea ocr_par ocr_line ocrx_word'/>
</head>
<body>
  <div class='ocr_page' id='page_1' title='image "./joanniskepleria22frisgoog_0170.png"; bbox 0 0 3586 5518; ppageno 0'>
   <div class='ocr_carea' id='block_1_1' title="bbox 743 257 1504 378">
    <p class='ocr_par' dir='ltr' id='par_1_1' title="bbox 743 257 1504 378">
     <span class='ocr_line' id='line_1_1' title="bbox 743 257 1504 378; baseline 0.004 -54"><span class='ocrx_word' id='word_1_1' title='bbox 743 257 827 324; x_wconf 62' lang='lat' dir='ltr'><strong>Gerus</strong></span> <span class='ocrx_word' id='word_1_2' title='bbox 843 257 899 310; x_wconf 77' lang='lat'>¹11·</span> <span class='ocrx_word' id='word_1_3' title='bbox 1348 361 1359 378; x_wconf 43' lang='lat'><strong>·</strong></span> <span class='ocrx_word' id='word_1_4' title='bbox 1443 258 1504 328; x_wconf 81' lang='grc'><strong>143</strong></span> 
     </span>
    </p>
   </div>
   <div class='ocr_carea' id='block_1_2' title="bbox 144 417 1504 652">
    <p class='ocr_par' dir='ltr' id='par_1_2' title="bbox 144 417 1504 652">
     <span class='ocr_line' id='line_1_2' title="bbox 145 417 1504 490; baseline 0.003 -16"><span class='ocrx_word' id='word_1_5' title='bbox 145 421 253 490; x_wconf 73' lang='lat' dir='ltr'><strong>plnum</strong></span> <span class='ocrx_word' id='word_1_6' title='bbox 266 419 372 476; x_wconf 82' lang='lat' dir='ltr'><strong>dictum</strong></span> <span class='ocrx_word' id='word_1_7' title='bbox 386 421 535 476; x_wconf 70' lang='lat' dir='ltr'><strong>incidentes</strong></span> <span class='ocrx_word' id='word_1_8' title='bbox 558 417 713 490; x_wconf 64' lang='lat' dir='ltr'><strong>defingunt</strong></span> <span class='ocrx_word' id='word_1_9' title='bbox 732 419 872 474; x_wconf 88' lang='lat' dir='ltr'><strong>zodiacum</strong></span> <span class='ocrx_word' id='word_1_10' title='bbox 893 419 922 474; x_wconf 91' lang='lat' dir='ltr'><strong>iu</strong></span> <span class='ocrx_word' id='word_1_11' title='bbox 942 420 1130 482; x_wconf 71' lang='lat' dir='ltr'><strong>irrationalia,</strong></span> <span class='ocrx_word' id='word_1_12' title='bbox 1156 423 1237 490; x_wconf 87' lang='lat' dir='ltr'><strong>patet</strong></span> <span class='ocrx_word' id='word_1_13' title='bbox 1254 421 1327 476; x_wconf 85' lang='lat' dir='ltr'><strong>banc</strong></span> <span class='ocrx_word' id='word_1_14' title='bbox 1345 421 1504 478; x_wconf 73' lang='grc' dir='ltr'><strong>ἀίιίιίοιιειι</strong></span> 
     </span>
     <span class='ocr_line' id='line_1_3' title="bbox 145 499 1503 572; baseline 0.002 -17"><span class='ocrx_word' id='word_1_15' title='bbox 145 517 194 555; x_wconf 89' lang='lat' dir='ltr'><strong>aon</strong></span> <span class='ocrx_word' id='word_1_16' title='bbox 216 517 278 556; x_wconf 87' lang='lat' dir='ltr'><strong>esse</strong></span> <span class='ocrx_word' id='word_1_17' title='bbox 297 502 443 572; x_wconf 84' lang='lat' dir='ltr'><strong>propriam</strong></span> <span class='ocrx_word' id='word_1_18' title='bbox 462 501 579 572; x_wconf 86' lang='lat' dir='ltr'><strong>quinque</strong></span> <span class='ocrx_word' id='word_1_19' title='bbox 599 500 759 572; x_wconf 75' lang='lat' dir='ltr'><strong>ngurarum.</strong></span> <span class='ocrx_word' id='word_1_20' title='bbox 799 500 870 554; x_wconf 79' lang='lat' dir='ltr'><strong>Earn</strong></span> <span class='ocrx_word' id='word_1_21' title='bbox 892 499 1256 572; x_wconf 54' lang='lat' dir='ltr'><strong>intersaepientes</strong></span> <span class='ocrx_word' id='word_1_22' title='bbox 1272 501 1319 556; x_wconf 81' lang='lat' dir='ltr'><strong>lrb.</strong></span> <span class='ocrx_word' id='word_1_23' title='bbox 1335 501 1368 556; x_wconf 93' lang='lat' dir='ltr'><strong>ll</strong></span> <span class='ocrx_word' id='word_1_24' title='bbox 1393 504 1503 558; x_wconf 89' lang='lat' dir='ltr'><strong>demon·</strong></span> 
     </span>
     <span class='ocr_line' id='line_1_4' title="bbox 144 579 1503 652; baseline 0.002 -18"><span class='ocrx_word' id='word_1_25' title='bbox 144 581 226 634; x_wconf 83' lang='lat' dir='ltr'><strong>stravi</strong></span> <span class='ocrx_word' id='word_1_26' title='bbox 238 581 386 651; x_wconf 83' lang='lat' dir='ltr'><strong>propriam</strong></span> <span class='ocrx_word' id='word_1_27' title='bbox 399 597 461 636; x_wconf 89' lang='lat' dir='ltr'><strong>esse</strong></span> <span class='ocrx_word' id='word_1_28' title='bbox 473 581 623 652; x_wconf 73' lang='lat' dir='ltr'><strong>figurarum</strong></span> <span class='ocrx_word' id='word_1_29' title='bbox 632 580 787 650; x_wconf 88' lang='lat' dir='ltr'><strong>planarum,</strong></span> <span class='ocrx_word' id='word_1_30' title='bbox 806 579 979 651; x_wconf 78' lang='lat' dir='ltr'><strong>regularium</strong></span> <span class='ocrx_word' id='word_1_31' title='bbox 993 580 1253 646; x_wconf 88' lang='lat' dir='ltr'><strong>demonstrabilium,</strong></span> <span class='ocrx_word' id='word_1_32' title='bbox 1274 581 1298 634; x_wconf 87' lang='lat' dir='ltr'><strong>si</strong></span> <span class='ocrx_word' id='word_1_33' title='bbox 1318 581 1385 636; x_wconf 89' lang='lat' dir='ltr'><strong>illae</strong></span> <span class='ocrx_word' id='word_1_34' title='bbox 1401 580 1503 637; x_wconf 89' lang='lat' dir='ltr'><strong>circulo</strong></span> 
     </span>
    </p>
   </div>
   <div class='ocr_carea' id='block_1_3' title="bbox 142 660 647 730">
    <p class='ocr_par' dir='ltr' id='par_1_3' title="bbox 142 660 647 730">
     <span class='ocr_line' id='line_1_5' title="bbox 142 660 647 730; baseline -0.008 -13"><span class='ocrx_word' id='word_1_35' title='bbox 142 660 325 716; x_wconf 69' lang='lat' dir='ltr'><strong>maritantur</strong></span> <span class='ocrx_word' id='word_1_36' title='bbox 340 663 380 716; x_wconf 89' lang='lat' dir='ltr'><strong>ab</strong></span> <span class='ocrx_word' id='word_1_37' title='bbox 392 678 448 716; x_wconf 91' lang='lat' dir='ltr'><strong>uno</strong></span> <span class='ocrx_word' id='word_1_38' title='bbox 462 660 522 730; x_wconf 87' lang='lat' dir='ltr'><strong>ejus</strong></span> <span class='ocrx_word' id='word_1_39' title='bbox 536 665 647 730; x_wconf 90' lang='lat' dir='ltr'><strong>puncto.</strong></span> 
     </span>
    </p>
   </div>
   <div class='ocr_carea' id='block_1_4' title="bbox 134 755 1503 1390">
    <p class='ocr_par' dir='ltr' id='par_1_4' title="bbox 134 755 1503 1390">
     <span class='ocr_line' id='line_1_6' title="bbox 215 755 1503 830; baseline 0.001 -18"><span class='ocrx_word' id='word_1_40' title='bbox 215 755 242 824; x_wconf 93' lang='lat' dir='ltr'><strong>e)</strong></span> <span class='ocrx_word' id='word_1_41' title='bbox 264 759 340 814; x_wconf 89' lang='lat' dir='ltr'><strong>Solis</strong></span> <span class='ocrx_word' id='word_1_42' title='bbox 364 759 491 830; x_wconf 74' lang='lat' dir='ltr'><strong>intellige</strong></span> <span class='ocrx_word' id='word_1_43' title='bbox 506 773 615 812; x_wconf 85' lang='lat' dir='ltr'><strong>annum.</strong></span> <span class='ocrx_word' id='word_1_44' title='bbox 645 757 715 812; x_wconf 88' lang='lat' dir='ltr'><strong>Nam</strong></span> <span class='ocrx_word' id='word_1_45' title='bbox 728 757 791 811; x_wconf 89' lang='lat' dir='ltr'><strong>dum</strong></span> <span class='ocrx_word' id='word_1_46' title='bbox 805 755 852 811; x_wconf 91' lang='lat' dir='ltr'><strong>Sol</strong></span> <span class='ocrx_word' id='word_1_47' title='bbox 868 773 969 812; x_wconf 87' lang='lat' dir='ltr'><strong>annum</strong></span> <span class='ocrx_word' id='word_1_48' title='bbox 981 763 1116 826; x_wconf 78' lang='lat' dir='ltr'><strong>permeet,</strong></span> <span class='ocrx_word' id='word_1_49' title='bbox 1138 757 1219 812; x_wconf 90' lang='lat' dir='ltr'><strong>Luna</strong></span> <span class='ocrx_word' id='word_1_50' title='bbox 1236 758 1376 812; x_wconf 91' lang='lat' dir='ltr'><strong>duodecim</strong></span> <span class='ocrx_word' id='word_1_51' title='bbox 1395 774 1503 813; x_wconf 89' lang='lat' dir='ltr'><strong>menses</strong></span> 
     </span>
     <span class='ocr_line' id='line_1_7' title="bbox 141 837 1501 912; baseline 0 -19"><span class='ocrx_word' id='word_1_52' title='bbox 141 839 244 893; x_wconf 80' lang='lat' dir='ltr'><strong>conficit</strong></span> <span class='ocrx_word' id='word_1_53' title='bbox 264 840 336 894; x_wconf 80' lang='lat' dir='ltr'><strong>fere.</strong></span> <span class='ocrx_word' id='word_1_54' title='bbox 366 841 498 912; x_wconf 79' lang='lat' dir='ltr'>Adeoque</span> <span class='ocrx_word' id='word_1_55' title='bbox 516 837 588 892; x_wconf 87' lang='lat' dir='ltr'><strong>banc</strong></span> <span class='ocrx_word' id='word_1_56' title='bbox 609 837 831 891; x_wconf 75' lang='lat' dir='ltr'><strong>distributionem</strong></span> <span class='ocrx_word' id='word_1_57' title='bbox 854 837 919 890; x_wconf 86' lang='lat' dir='ltr'><strong>anni</strong></span> <span class='ocrx_word' id='word_1_58' title='bbox 942 845 973 892; x_wconf 90' lang='lat' dir='ltr'><strong>et</strong></span> <span class='ocrx_word' id='word_1_59' title='bbox 993 839 1270 892; x_wconf 74' lang='lat' dir='ltr'><strong>accommodationem</strong></span> <span class='ocrx_word' id='word_1_60' title='bbox 1290 845 1411 892; x_wconf 83' lang='lat' dir='ltr'><strong>motuum</strong></span> <span class='ocrx_word' id='word_1_61' title='bbox 1430 839 1501 893; x_wconf 89' lang='lat' dir='ltr'><strong>Solis</strong></span> 
     </span>
     <span class='ocr_line' id='line_1_8' title="bbox 139 915 1499 990; baseline 0.001 -18"><span class='ocrx_word' id='word_1_62' title='bbox 139 921 288 986; x_wconf 86' lang='lat' dir='ltr'><strong>etLunae,</strong></span> <span class='ocrx_word' id='word_1_63' title='bbox 314 919 418 974; x_wconf 89' lang='lat' dir='ltr'><strong>saltem</strong></span> <span class='ocrx_word' id='word_1_64' title='bbox 442 919 469 972; x_wconf 93' lang='lat' dir='ltr'><strong>in</strong></span> <span class='ocrx_word' id='word_1_65' title='bbox 490 919 576 988; x_wconf 91' lang='lat' dir='ltr'><strong>primo</strong></span> <span class='ocrx_word' id='word_1_66' title='bbox 596 917 782 988; x_wconf 90' lang='lat' dir='ltr'><strong>proportionis</strong></span> <span class='ocrx_word' id='word_1_67' title='bbox 802 915 911 972; x_wconf 90' lang='lat' dir='ltr'><strong>illorum</strong></span> <span class='ocrx_word' id='word_1_68' title='bbox 925 925 1074 986; x_wconf 90' lang='lat' dir='ltr'><strong>conceptu,</strong></span> <span class='ocrx_word' id='word_1_69' title='bbox 1097 935 1151 990; x_wconf 89' lang='lat' dir='ltr'><strong>ego</strong></span> <span class='ocrx_word' id='word_1_70' title='bbox 1173 917 1381 990; x_wconf 75' lang='lat' dir='ltr'><strong>archetypicam</strong></span> <span class='ocrx_word' id='word_1_71' title='bbox 1395 924 1499 983; x_wconf 88' lang='lat' dir='ltr'><strong>statuo,</strong></span> 
     </span>
     <span class='ocr_line' id='line_1_9' title="bbox 139 998 1501 1070; baseline -0.001 -16"><span class='ocrx_word' id='word_1_72' title='bbox 139 999 301 1070; x_wconf 79' lang='lat' dir='ltr'><strong>exquebac</strong></span> <span class='ocrx_word' id='word_1_73' title='bbox 323 999 498 1054; x_wconf 89' lang='lat' dir='ltr'><strong>ordinatione</strong></span> <span class='ocrx_word' id='word_1_74' title='bbox 521 1005 610 1052; x_wconf 89' lang='lat' dir='ltr'><strong>etex</strong></span> <span class='ocrx_word' id='word_1_75' title='bbox 631 1013 764 1052; x_wconf 88' lang='lat' dir='ltr'><strong>concursu</strong></span> <span class='ocrx_word' id='word_1_76' title='bbox 787 998 957 1052; x_wconf 82' lang='lat' dir='ltr'><strong>naturalium</strong></span> <span class='ocrx_word' id='word_1_77' title='bbox 980 1013 1127 1053; x_wconf 91' lang='lat' dir='ltr'><strong>causarum</strong></span> <span class='ocrx_word' id='word_1_78' title='bbox 1149 999 1292 1052; x_wconf 89' lang='lat' dir='ltr'><strong>motrioum</strong></span> <span class='ocrx_word' id='word_1_79' title='bbox 1312 1013 1411 1052; x_wconf 86' lang='lat' dir='ltr'><strong>causas</strong></span> <span class='ocrx_word' id='word_1_80' title='bbox 1435 1015 1501 1054; x_wconf 92' lang='lat' dir='ltr'><strong>eruo</strong></span> 
     </span>
     <span class='ocr_line' id='line_1_10' title="bbox 137 1077 1501 1150; baseline -0.001 -16"><span class='ocrx_word' id='word_1_81' title='bbox 137 1081 306 1150; x_wconf 85' lang='lat' dir='ltr'><strong>quarundam</strong></span> <span class='ocrx_word' id='word_1_82' title='bbox 328 1079 564 1149; x_wconf 83' lang='lat' dir='ltr'><strong>inaequalitatum</strong></span> <span class='ocrx_word' id='word_1_83' title='bbox 584 1077 612 1131; x_wconf 92' lang='lat' dir='ltr'><strong>in</strong></span> <span class='ocrx_word' id='word_1_84' title='bbox 625 1078 720 1131; x_wconf 89' lang='lat' dir='ltr'><strong>Luna:</strong></span> <span class='ocrx_word' id='word_1_85' title='bbox 739 1085 772 1132; x_wconf 93' lang='lat' dir='ltr'><strong>ut</strong></span> <span class='ocrx_word' id='word_1_86' title='bbox 785 1077 876 1131; x_wconf 89' lang='lat' dir='ltr'><strong>monui</strong></span> <span class='ocrx_word' id='word_1_87' title='bbox 890 1078 918 1132; x_wconf 90' lang='lat' dir='ltr'><strong>iu</strong></span> <span class='ocrx_word' id='word_1_88' title='bbox 931 1077 1135 1148; x_wconf 76' lang='lat' dir='ltr'><strong>prolegomenis</strong></span> <span class='ocrx_word' id='word_1_89' title='bbox 1148 1077 1360 1148; x_wconf 88' lang='lat' dir='ltr'><strong>premeridum</strong></span> <span class='ocrx_word' id='word_1_90' title='bbox 1374 1085 1404 1133; x_wconf 91' lang='lat' dir='ltr'><strong>ct</strong></span> <span class='ocrx_word' id='word_1_91' title='bbox 1417 1080 1501 1133; x_wconf 87' lang='lat' dir='ltr'><strong>doceo</strong></span> 
     </span>
     <span class='ocr_line' id='line_1_11' title="bbox 136 1157 1502 1230; baseline 0.001 -18"><span class='ocrx_word' id='word_1_92' title='bbox 136 1161 215 1230; x_wconf 90' lang='lat' dir='ltr'><strong>plene</strong></span> <span class='ocrx_word' id='word_1_93' title='bbox 228 1161 257 1214; x_wconf 92' lang='lat' dir='ltr'><strong>in</strong></span> <span class='ocrx_word' id='word_1_94' title='bbox 271 1159 353 1230; x_wconf 75' lang='lat' dir='ltr'><strong>lipia</strong></span> <span class='ocrx_word' id='word_1_95' title='bbox 369 1163 446 1214; x_wconf 80' lang='lat' dir='ltr'><strong>Astr.</strong></span> <span class='ocrx_word' id='word_1_96' title='bbox 460 1159 509 1213; x_wconf 90' lang='lat' dir='ltr'><strong>lib.</strong></span> <span class='ocrx_word' id='word_1_97' title='bbox 524 1159 570 1212; x_wconf 90' lang='lat' dir='ltr'><strong>lV.</strong></span> <span class='ocrx_word' id='word_1_98' title='bbox 598 1157 693 1212; x_wconf 81' lang='lat' dir='ltr'><strong>Simile</strong></span> <span class='ocrx_word' id='word_1_99' title='bbox 707 1158 770 1229; x_wconf 91' lang='lat' dir='ltr'><strong>quid</strong></span> <span class='ocrx_word' id='word_1_100' title='bbox 785 1157 886 1213; x_wconf 87' lang='lat' dir='ltr'><strong>ibidem</strong></span> <span class='ocrx_word' id='word_1_101' title='bbox 903 1157 1025 1212; x_wconf 81' lang='lat' dir='ltr'><strong>iuvenies</strong></span> <span class='ocrx_word' id='word_1_102' title='bbox 1040 1157 1125 1213; x_wconf 90' lang='lat' dir='ltr'><strong>etiarn</strong></span> <span class='ocrx_word' id='word_1_103' title='bbox 1145 1160 1179 1212; x_wconf 91' lang='lat' dir='ltr'><strong>de</strong></span> <span class='ocrx_word' id='word_1_104' title='bbox 1193 1157 1370 1229; x_wconf 85' lang='lat' dir='ltr'><strong>proportione</strong></span> <span class='ocrx_word' id='word_1_105' title='bbox 1386 1159 1452 1214; x_wconf 91' lang='lat' dir='ltr'><strong>anui</strong></span> <span class='ocrx_word' id='word_1_106' title='bbox 1466 1161 1502 1213; x_wconf 88' lang='lat' dir='ltr'><strong>ad</strong></span> 
     </span>
     <span class='ocr_line' id='line_1_12' title="bbox 135 1232 1502 1308; baseline 0.001 -15"><span class='ocrx_word' id='word_1_107' title='bbox 135 1239 323 1294; x_wconf 71' lang='lat' dir='ltr'><strong>revolutiones</strong></span> <span class='ocrx_word' id='word_1_108' title='bbox 338 1241 452 1294; x_wconf 88' lang='lat' dir='ltr'><strong>diurnas</strong></span> <span class='ocrx_word' id='word_1_109' title='bbox 468 1239 525 1293; x_wconf 76' lang='grc'><strong>360</strong></span> <span class='ocrx_word' id='word_1_110' title='bbox 545 1232 588 1308; x_wconf 82' lang='lat' dir='ltr'><strong>(iu</strong></span> <span class='ocrx_word' id='word_1_111' title='bbox 602 1239 693 1308; x_wconf 87' lang='lat' dir='ltr'><strong>prima</strong></span> <span class='ocrx_word' id='word_1_112' title='bbox 711 1233 877 1306; x_wconf 87' lang='lat' dir='ltr'><strong>intentione)</strong></span> <span class='ocrx_word' id='word_1_113' title='bbox 899 1239 997 1308; x_wconf 90' lang='lat' dir='ltr'><strong>quibus</strong></span> <span class='ocrx_word' id='word_1_114' title='bbox 1017 1239 1152 1293; x_wconf 86' lang='lat' dir='ltr'><strong>accedunt</strong></span> <span class='ocrx_word' id='word_1_115' title='bbox 1170 1239 1267 1292; x_wconf 85' lang='lat' dir='ltr'><strong>deinde</strong></span> <span class='ocrx_word' id='word_1_116' title='bbox 1287 1239 1322 1292; x_wconf 92' lang='lat' dir='ltr'><strong>ob</strong></span> <span class='ocrx_word' id='word_1_117' title='bbox 1342 1255 1502 1294; x_wconf 89' lang='lat' dir='ltr'><strong>concursum</strong></span> 
     </span>
     <span class='ocr_line' id='line_1_13' title="bbox 134 1313 1502 1390; baseline -0.001 -15"><span class='ocrx_word' id='word_1_118' title='bbox 134 1335 280 1375; x_wconf 71' lang='lat' dir='ltr'><strong>caumrm</strong></span> <span class='ocrx_word' id='word_1_119' title='bbox 293 1319 486 1374; x_wconf 78' lang='lat' dir='ltr'><strong>revolutiones</strong></span> <span class='ocrx_word' id='word_1_120' title='bbox 501 1313 554 1378; x_wconf 67' lang='lat' dir='ltr'><strong>5¹i2</strong></span> <span class='ocrx_word' id='word_1_121' title='bbox 566 1337 573 1372; x_wconf 83' lang='grc' dir='ltr'><strong>ι</strong></span> <span class='ocrx_word' id='word_1_122' title='bbox 587 1317 660 1372; x_wconf 90' lang='lat' dir='ltr'><strong>unde</strong></span> <span class='ocrx_word' id='word_1_123' title='bbox 674 1318 784 1373; x_wconf 74' lang='lat' dir='ltr'><strong>elicitur</strong></span> <span class='ocrx_word' id='word_1_124' title='bbox 797 1333 871 1372; x_wconf 91' lang='lat' dir='ltr'><strong>nova</strong></span> <span class='ocrx_word' id='word_1_125' title='bbox 884 1318 1015 1390; x_wconf 86' lang='lat' dir='ltr'><strong>aequatio</strong></span> <span class='ocrx_word' id='word_1_126' title='bbox 1030 1320 1169 1389; x_wconf 86' lang='lat' dir='ltr'><strong>temporis.</strong></span> <span class='ocrx_word' id='word_1_127' title='bbox 1197 1317 1259 1373; x_wconf 85' lang='lat' dir='ltr'><strong>Etsi</strong></span> <span class='ocrx_word' id='word_1_128' title='bbox 1274 1319 1397 1374; x_wconf 87' lang='lat' dir='ltr'><strong>delibero</strong></span> <span class='ocrx_word' id='word_1_129' title='bbox 1413 1319 1502 1374; x_wconf 87' lang='lat' dir='ltr'><strong>adbuc</strong></span> 
     </span>
    </p>
   </div>
   <div class='ocr_carea' id='block_1_5' title="bbox 133 1401 561 1471">
    <p class='ocr_par' dir='ltr' id='par_1_5' title="bbox 133 1401 561 1471">
     <span class='ocr_line' id='line_1_14' title="bbox 133 1401 561 1471; baseline 0 -17"><span class='ocrx_word' id='word_1_130' title='bbox 133 1401 403 1471; x_wconf 74' lang='lat' dir='ltr'><strong>observationesque</strong></span> <span class='ocrx_word' id='word_1_131' title='bbox 425 1401 561 1470; x_wconf 85' lang='lat' dir='ltr'><strong>expendo.</strong></span> 
     </span>
    </p>
   </div>
   <div class='ocr_carea' id='block_1_6' title="bbox 128 1495 1551 3332">
    <p class='ocr_par' dir='ltr' id='par_1_6' title="bbox 128 1495 1551 3332">
     <span class='ocr_line' id='line_1_15' title="bbox 207 1495 1499 1568; baseline -0.002 -15"><span class='ocrx_word' id='word_1_132' title='bbox 207 1495 234 1568; x_wconf 75' lang='lat'>0</span> <span class='ocrx_word' id='word_1_133' title='bbox 263 1499 332 1553; x_wconf 84' lang='lat' dir='ltr'><strong>Hoc</strong></span> <span class='ocrx_word' id='word_1_134' title='bbox 351 1497 459 1568; x_wconf 85' lang='lat' dir='ltr'><strong>quidem</strong></span> <span class='ocrx_word' id='word_1_135' title='bbox 473 1496 686 1551; x_wconf 84' lang='lat' dir='ltr'><strong>accidentarium</strong></span> <span class='ocrx_word' id='word_1_136' title='bbox 699 1501 751 1559; x_wconf 89' lang='lat' dir='ltr'><strong>est,</strong></span> <span class='ocrx_word' id='word_1_137' title='bbox 772 1513 826 1550; x_wconf 89' lang='lat' dir='ltr'><strong>non</strong></span> <span class='ocrx_word' id='word_1_138' title='bbox 841 1495 1057 1566; x_wconf 79' lang='lat' dir='ltr'><strong>archetypionm.</strong></span> <span class='ocrx_word' id='word_1_139' title='bbox 1085 1495 1156 1552; x_wconf 88' lang='lat' dir='ltr'><strong>Nam</strong></span> <span class='ocrx_word' id='word_1_140' title='bbox 1169 1503 1203 1550; x_wconf 91' lang='lat' dir='ltr'><strong>ut</strong></span> <span class='ocrx_word' id='word_1_141' title='bbox 1215 1495 1299 1550; x_wconf 88' lang='lat' dir='ltr'><strong>doceo</strong></span> <span class='ocrx_word' id='word_1_142' title='bbox 1313 1495 1362 1551; x_wconf 90' lang='lat' dir='ltr'><strong>lib.</strong></span> <span class='ocrx_word' id='word_1_143' title='bbox 1376 1495 1411 1552; x_wconf 84' lang='lat' dir='ltr'><strong>V.</strong></span> <span class='ocrx_word' id='word_1_144' title='bbox 1428 1497 1499 1551; x_wconf 87' lang='lat' dir='ltr'><strong>Har·</strong></span> 
     </span>
     <span class='ocr_line' id='line_1_16' title="bbox 132 1575 1501 1648; baseline 0 -16"><span class='ocrx_word' id='word_1_145' title='bbox 132 1579 315 1642; x_wconf 86' lang='lat' dir='ltr'><strong>uronicornm,</strong></span> <span class='ocrx_word' id='word_1_146' title='bbox 349 1577 490 1648; x_wconf 83' lang='lat' dir='ltr'><strong>periodica</strong></span> <span class='ocrx_word' id='word_1_147' title='bbox 511 1577 689 1648; x_wconf 90' lang='lat' dir='ltr'><strong>planetarum</strong></span> <span class='ocrx_word' id='word_1_148' title='bbox 710 1583 838 1645; x_wconf 87' lang='lat' dir='ltr'><strong>tempora</strong></span> <span class='ocrx_word' id='word_1_149' title='bbox 860 1584 926 1630; x_wconf 89' lang='lat' dir='ltr'><strong>sunt</strong></span> <span class='ocrx_word' id='word_1_150' title='bbox 950 1593 987 1630; x_wconf 83' lang='lat' dir='ltr'><strong>ex</strong></span> <span class='ocrx_word' id='word_1_151' title='bbox 1014 1575 1178 1630; x_wconf 85' lang='lat' dir='ltr'><strong>harmonicis</strong></span> <span class='ocrx_word' id='word_1_152' title='bbox 1201 1576 1501 1646; x_wconf 80' lang='lat' dir='ltr'><strong>contemperationibus</strong></span> 
     </span>
     <span class='ocr_line' id='line_1_17' title="bbox 132 1655 1502 1728; baseline -0.001 -14"><span class='ocrx_word' id='word_1_153' title='bbox 132 1663 253 1714; x_wconf 84' lang='lat' dir='ltr'><strong>motuum</strong></span> <span class='ocrx_word' id='word_1_154' title='bbox 274 1667 485 1714; x_wconf 86' lang='lat' dir='ltr'><strong>extremorum:</strong></span> <span class='ocrx_word' id='word_1_155' title='bbox 513 1657 541 1710; x_wconf 92' lang='lat' dir='ltr'><strong>in</strong></span> <span class='ocrx_word' id='word_1_156' title='bbox 565 1657 683 1727; x_wconf 86' lang='lat' dir='ltr'><strong>apheliis</strong></span> <span class='ocrx_word' id='word_1_157' title='bbox 707 1656 780 1710; x_wconf 91' lang='lat' dir='ltr'><strong>euim</strong></span> <span class='ocrx_word' id='word_1_158' title='bbox 801 1657 897 1710; x_wconf 88' lang='lat' dir='ltr'><strong>debuit</strong></span> <span class='ocrx_word' id='word_1_159' title='bbox 919 1673 980 1710; x_wconf 91' lang='lat' dir='ltr'><strong>esse</strong></span> <span class='ocrx_word' id='word_1_160' title='bbox 1007 1664 1130 1711; x_wconf 88' lang='lat' dir='ltr'><strong>motuum</strong></span> <span class='ocrx_word' id='word_1_161' title='bbox 1158 1657 1300 1726; x_wconf 91' lang='lat' dir='ltr'><strong>proportio</strong></span> <span class='ocrx_word' id='word_1_162' title='bbox 1329 1672 1400 1728; x_wconf 90' lang='lat' dir='ltr'><strong>quae</strong></span> <span class='ocrx_word' id='word_1_163' title='bbox 1424 1655 1442 1710; x_wconf 87' lang='lat'><strong>2</strong></span> <span class='ocrx_word' id='word_1_164' title='bbox 1466 1657 1502 1712; x_wconf 85' lang='lat' dir='ltr'><strong>ad</strong></span> 
     </span>
     <span class='ocr_line' id='line_1_18' title="bbox 132 1735 1500 1810; baseline -0.002 -17"><span class='ocrx_word' id='word_1_165' title='bbox 132 1739 230 1804; x_wconf 76' lang='lat' dir='ltr'><strong>isere,</strong></span> <span class='ocrx_word' id='word_1_166' title='bbox 253 1739 284 1793; x_wconf 92' lang='lat' dir='ltr'><strong>in</strong></span> <span class='ocrx_word' id='word_1_167' title='bbox 299 1737 447 1810; x_wconf 86' lang='lat' dir='ltr'><strong>periheliis</strong></span> <span class='ocrx_word' id='word_1_168' title='bbox 461 1753 542 1799; x_wconf 80' lang='lat' dir='ltr'><strong>vero,</strong></span> <span class='ocrx_word' id='word_1_169' title='bbox 567 1753 639 1808; x_wconf 86' lang='lat' dir='ltr'><strong>quae</strong></span> <span class='ocrx_word' id='word_1_170' title='bbox 659 1737 676 1791; x_wconf 87' lang='lat'>5</span> <span class='ocrx_word' id='word_1_171' title='bbox 700 1738 735 1792; x_wconf 90' lang='lat' dir='ltr'><strong>ad</strong></span> <span class='ocrx_word' id='word_1_172' title='bbox 759 1735 804 1800; x_wconf 84' lang='lat'><strong>12,</strong></span> <span class='ocrx_word' id='word_1_173' title='bbox 828 1743 861 1790; x_wconf 93' lang='lat' dir='ltr'><strong>ut</strong></span> <span class='ocrx_word' id='word_1_174' title='bbox 879 1735 986 1790; x_wconf 89' lang='lat' dir='ltr'><strong>scilicet</strong></span> <span class='ocrx_word' id='word_1_175' title='bbox 1006 1736 1078 1790; x_wconf 84' lang='lat' dir='ltr'><strong>inter</strong></span> <span class='ocrx_word' id='word_1_176' title='bbox 1092 1735 1205 1791; x_wconf 84' lang='lat' dir='ltr'><strong>Saturni</strong></span> <span class='ocrx_word' id='word_1_177' title='bbox 1225 1737 1368 1807; x_wconf 87' lang='lat' dir='ltr'><strong>aphelium</strong></span> <span class='ocrx_word' id='word_1_178' title='bbox 1381 1744 1412 1791; x_wconf 90' lang='lat' dir='ltr'><strong>et</strong></span> <span class='ocrx_word' id='word_1_179' title='bbox 1423 1737 1500 1792; x_wconf 85' lang='lat' dir='ltr'><strong>Jovis</strong></span> 
     </span>
     <span class='ocr_line' id='line_1_19' title="bbox 132 1811 1500 1890; baseline -0.001 -18"><span class='ocrx_word' id='word_1_180' title='bbox 132 1819 298 1890; x_wconf 85' lang='lat' dir='ltr'><strong>perihelium</strong></span> <span class='ocrx_word' id='word_1_181' title='bbox 325 1825 424 1890; x_wconf 87' lang='lat' dir='ltr'><strong>posset</strong></span> <span class='ocrx_word' id='word_1_182' title='bbox 445 1833 507 1871; x_wconf 90' lang='lat' dir='ltr'><strong>esse</strong></span> <span class='ocrx_word' id='word_1_183' title='bbox 538 1815 876 1888; x_wconf 88' lang='lat' dir='ltr'><strong>diapente-epi·diapason</strong></span> <span class='ocrx_word' id='word_1_184' title='bbox 905 1813 1018 1888; x_wconf 89' lang='lat' dir='ltr'><strong>(quinta</strong></span> <span class='ocrx_word' id='word_1_185' title='bbox 1040 1833 1126 1888; x_wconf 91' lang='lat' dir='ltr'><strong>supra</strong></span> <span class='ocrx_word' id='word_1_186' title='bbox 1148 1811 1306 1886; x_wconf 83' lang='lat' dir='ltr'><strong>octavam),</strong></span> <span class='ocrx_word' id='word_1_187' title='bbox 1335 1817 1407 1872; x_wconf 89' lang='lat' dir='ltr'><strong>inter</strong></span> <span class='ocrx_word' id='word_1_188' title='bbox 1434 1832 1500 1872; x_wconf 83' lang='lat' dir='ltr'><strong>vero</strong></span> 
     </span>
     <span class='ocr_line' id='line_1_20' title="bbox 131 1893 1501 1970; baseline -0.003 -16"><span class='ocrx_word' id='word_1_189' title='bbox 131 1899 242 1954; x_wconf 83' lang='lat' dir='ltr'><strong>Saturni</strong></span> <span class='ocrx_word' id='word_1_190' title='bbox 263 1897 435 1970; x_wconf 89' lang='lat' dir='ltr'><strong>perihelium</strong></span> <span class='ocrx_word' id='word_1_191' title='bbox 457 1905 487 1951; x_wconf 91' lang='lat' dir='ltr'><strong>et</strong></span> <span class='ocrx_word' id='word_1_192' title='bbox 498 1897 575 1952; x_wconf 84' lang='lat' dir='ltr'><strong>loris</strong></span> <span class='ocrx_word' id='word_1_193' title='bbox 599 1896 741 1966; x_wconf 88' lang='lat' dir='ltr'><strong>aphelium</strong></span> <span class='ocrx_word' id='word_1_194' title='bbox 763 1897 917 1966; x_wconf 81' lang='lat' dir='ltr'><strong>perfectum</strong></span> <span class='ocrx_word' id='word_1_195' title='bbox 939 1897 1075 1968; x_wconf 88' lang='lat' dir='ltr'><strong>diapason</strong></span> <span class='ocrx_word' id='word_1_196' title='bbox 1096 1893 1241 1966; x_wconf 82' lang='lat' dir='ltr'><strong>(octava),</strong></span> <span class='ocrx_word' id='word_1_197' title='bbox 1265 1897 1331 1968; x_wconf 89' lang='lat' dir='ltr'><strong>quia</strong></span> <span class='ocrx_word' id='word_1_198' title='bbox 1352 1896 1406 1950; x_wconf 88' lang='lat' dir='ltr'><strong>hae</strong></span> <span class='ocrx_word' id='word_1_199' title='bbox 1429 1896 1501 1951; x_wconf 89' lang='lat' dir='ltr'><strong>dnae</strong></span> 
     </span>
     <span class='ocr_line' id='line_1_21' title="bbox 131 1977 1499 2050; baseline -0.003 -16"><span class='ocrx_word' id='word_1_200' title='bbox 131 1977 294 2034; x_wconf 85' lang='lat' dir='ltr'><strong>barmoniae</strong></span> <span class='ocrx_word' id='word_1_201' title='bbox 310 1979 384 2032; x_wconf 91' lang='lat' dir='ltr'><strong>cubo</strong></span> <span class='ocrx_word' id='word_1_202' title='bbox 398 1984 537 2048; x_wconf 78' lang='lat' dir='ltr'><strong>cognatae</strong></span> <span class='ocrx_word' id='word_1_203' title='bbox 552 1985 626 2031; x_wconf 90' lang='lat' dir='ltr'><strong>sunt.</strong></span> <span class='ocrx_word' id='word_1_204' title='bbox 654 1977 732 2050; x_wconf 76' lang='lat' dir='ltr'><strong>Haec</strong></span> <span class='ocrx_word' id='word_1_205' title='bbox 746 1977 818 2031; x_wconf 87' lang='lat' dir='ltr'><strong>enim</strong></span> <span class='ocrx_word' id='word_1_206' title='bbox 832 1977 922 2047; x_wconf 91' lang='lat' dir='ltr'><strong>prima</strong></span> <span class='ocrx_word' id='word_1_207' title='bbox 934 1984 965 2031; x_wconf 90' lang='lat' dir='ltr'><strong>et</strong></span> <span class='ocrx_word' id='word_1_208' title='bbox 978 1977 1160 2048; x_wconf 81' lang='lat' dir='ltr'><strong>archetypiea</strong></span> <span class='ocrx_word' id='word_1_209' title='bbox 1173 1977 1201 2031; x_wconf 92' lang='lat' dir='ltr'><strong>in</strong></span> <span class='ocrx_word' id='word_1_210' title='bbox 1214 1978 1333 2032; x_wconf 88' lang='lat' dir='ltr'><strong>motibus</strong></span> <span class='ocrx_word' id='word_1_211' title='bbox 1348 1985 1392 2031; x_wconf 89' lang='lat' dir='ltr'><strong>est</strong></span> <span class='ocrx_word' id='word_1_212' title='bbox 1405 1993 1499 2031; x_wconf 91' lang='lat' dir='ltr'><strong>cansa.</strong></span> 
     </span>
     <span class='ocr_line' id='line_1_22' title="bbox 132 2055 1499 2132; baseline -0.001 -20"><span class='ocrx_word' id='word_1_213' title='bbox 132 2059 205 2121; x_wconf 87' lang='lat' dir='ltr'><strong>Quod</strong></span> <span class='ocrx_word' id='word_1_214' title='bbox 221 2060 246 2113; x_wconf 92' lang='lat' dir='ltr'><strong>si</strong></span> <span class='ocrx_word' id='word_1_215' title='bbox 262 2059 355 2132; x_wconf 90' lang='lat' dir='ltr'><strong>igitur</strong></span> <span class='ocrx_word' id='word_1_216' title='bbox 368 2065 402 2112; x_wconf 91' lang='lat' dir='ltr'><strong>ut</strong></span> <span class='ocrx_word' id='word_1_217' title='bbox 416 2055 588 2126; x_wconf 88' lang='lat' dir='ltr'><strong>apheliorum</strong></span> <span class='ocrx_word' id='word_1_218' title='bbox 602 2063 736 2120; x_wconf 90' lang='lat' dir='ltr'><strong>motuum,</strong></span> <span class='ocrx_word' id='word_1_219' title='bbox 760 2058 799 2111; x_wconf 89' lang='lat' dir='ltr'><strong>sic</strong></span> <span class='ocrx_word' id='word_1_220' title='bbox 818 2063 940 2112; x_wconf 84' lang='lat' dir='ltr'><strong>totarum</strong></span> <span class='ocrx_word' id='word_1_221' title='bbox 957 2057 1131 2127; x_wconf 88' lang='lat' dir='ltr'><strong>periodorum</strong></span> <span class='ocrx_word' id='word_1_222' title='bbox 1151 2057 1292 2128; x_wconf 90' lang='lat' dir='ltr'><strong>proportio</strong></span> <span class='ocrx_word' id='word_1_223' title='bbox 1307 2064 1383 2111; x_wconf 89' lang='lat' dir='ltr'><strong>esset</strong></span> <span class='ocrx_word' id='word_1_224' title='bbox 1396 2073 1467 2128; x_wconf 88' lang='lat' dir='ltr'><strong>quae</strong></span> <span class='ocrx_word' id='word_1_225' title='bbox 1482 2055 1499 2110; x_wconf 92' lang='grc'>2</span> 
     </span>
     <span class='ocr_line' id='line_1_23' title="bbox 130 2137 1500 2210; baseline -0.001 -18"><span class='ocrx_word' id='word_1_226' title='bbox 130 2141 162 2192; x_wconf 83' lang='lat' dir='ltr'><strong>sd</strong></span> <span class='ocrx_word' id='word_1_227' title='bbox 177 2139 209 2204; x_wconf 84' lang='lat'><strong>5,</strong></span> <span class='ocrx_word' id='word_1_228' title='bbox 232 2147 308 2194; x_wconf 87' lang='lat' dir='ltr'><strong>tnnc</strong></span> <span class='ocrx_word' id='word_1_229' title='bbox 323 2139 351 2192; x_wconf 90' lang='lat' dir='ltr'><strong>in</strong></span> <span class='ocrx_word' id='word_1_230' title='bbox 366 2138 445 2192; x_wconf 85' lang='lat' dir='ltr'><strong>anuis</strong></span> <span class='ocrx_word' id='word_1_231' title='bbox 460 2137 498 2192; x_wconf 83' lang='lat' dir='ltr'><strong>ea</strong></span> <span class='ocrx_word' id='word_1_232' title='bbox 513 2139 708 2208; x_wconf 89' lang='lat' dir='ltr'><strong>contingerent</strong></span> <span class='ocrx_word' id='word_1_233' title='bbox 721 2138 847 2206; x_wconf 87' lang='lat' dir='ltr'><strong>praecise</strong></span> <span class='ocrx_word' id='word_1_234' title='bbox 862 2139 933 2190; x_wconf 83' lang='lat' dir='ltr'><strong>dune</strong></span> <span class='ocrx_word' id='word_1_235' title='bbox 953 2138 1139 2191; x_wconf 86' lang='lat' dir='ltr'><strong>revolutiones</strong></span> <span class='ocrx_word' id='word_1_236' title='bbox 1153 2137 1279 2201; x_wconf 77' lang='lat' dir='ltr'><strong>Saturni,</strong></span> <span class='ocrx_word' id='word_1_237' title='bbox 1301 2137 1420 2210; x_wconf 89' lang='lat' dir='ltr'><strong>quinque</strong></span> <span class='ocrx_word' id='word_1_238' title='bbox 1434 2154 1500 2191; x_wconf 88' lang='lat' dir='ltr'><strong>vero</strong></span> 
     </span>
     <span class='ocr_line' id='line_1_24' title="bbox 129 2216 1500 2289; baseline -0.002 -16"><span class='ocrx_word' id='word_1_239' title='bbox 129 2219 216 2282; x_wconf 87' lang='lat' dir='ltr'><strong>Jovis;</strong></span> <span class='ocrx_word' id='word_1_240' title='bbox 233 2220 265 2273; x_wconf 92' lang='lat' dir='ltr'><strong>in</strong></span> <span class='ocrx_word' id='word_1_241' title='bbox 283 2219 364 2272; x_wconf 87' lang='lat' dir='ltr'><strong>annis</strong></span> <span class='ocrx_word' id='word_1_242' title='bbox 382 2217 419 2271; x_wconf 98' lang='grc'><strong>12</strong></span> <span class='ocrx_word' id='word_1_243' title='bbox 434 2233 490 2271; x_wconf 90' lang='lat' dir='ltr'><strong>una</strong></span> <span class='ocrx_word' id='word_1_244' title='bbox 502 2219 594 2272; x_wconf 86' lang='lat' dir='ltr'><strong>Jovis:</strong></span> <span class='ocrx_word' id='word_1_245' title='bbox 617 2226 647 2272; x_wconf 90' lang='lat' dir='ltr'><strong>et</strong></span> <span class='ocrx_word' id='word_1_246' title='bbox 659 2217 796 2272; x_wconf 85' lang='lat' dir='ltr'><strong>Saturnus</strong></span> <span class='ocrx_word' id='word_1_247' title='bbox 810 2224 841 2271; x_wconf 92' lang='lat' dir='ltr'><strong>et</strong></span> <span class='ocrx_word' id='word_1_248' title='bbox 853 2217 963 2288; x_wconf 85' lang='lat' dir='ltr'><strong>Jupiter</strong></span> <span class='ocrx_word' id='word_1_249' title='bbox 977 2216 1116 2286; x_wconf 79' lang='lat' dir='ltr'><strong>conjuncti</strong></span> <span class='ocrx_word' id='word_1_250' title='bbox 1130 2218 1209 2272; x_wconf 83' lang='lat' dir='ltr'><strong>verbi</strong></span> <span class='ocrx_word' id='word_1_251' title='bbox 1222 2233 1308 2272; x_wconf 87' lang='lat' dir='ltr'><strong>cansa</strong></span> <span class='ocrx_word' id='word_1_252' title='bbox 1321 2217 1349 2271; x_wconf 89' lang='lat' dir='ltr'><strong>in</strong></span> <span class='ocrx_word' id='word_1_253' title='bbox 1365 2217 1500 2289; x_wconf 88' lang='lat' dir='ltr'><strong>principio</strong></span> 
     </span>
     <span class='ocr_line' id='line_1_25' title="bbox 130 2296 1501 2370; baseline -0.001 -17"><span class='ocrx_word' id='word_1_254' title='bbox 130 2299 222 2353; x_wconf 87' lang='lat' dir='ltr'><strong>arietis</strong></span> <span class='ocrx_word' id='word_1_255' title='bbox 241 2300 378 2370; x_wconf 86' lang='lat' dir='ltr'><strong>praecise</strong></span> <span class='ocrx_word' id='word_1_256' title='bbox 392 2305 458 2368; x_wconf 89' lang='lat' dir='ltr'><strong>post</strong></span> <span class='ocrx_word' id='word_1_257' title='bbox 471 2296 509 2352; x_wconf 86' lang='lat'><strong>20</strong></span> <span class='ocrx_word' id='word_1_258' title='bbox 524 2313 611 2352; x_wconf 88' lang='lat' dir='ltr'><strong>annos</strong></span> <span class='ocrx_word' id='word_1_259' title='bbox 626 2298 654 2351; x_wconf 92' lang='lat' dir='ltr'><strong>in</strong></span> <span class='ocrx_word' id='word_1_260' title='bbox 668 2297 728 2368; x_wconf 85' lang='lat' dir='ltr'><strong>ipso</strong></span> <span class='ocrx_word' id='word_1_261' title='bbox 742 2298 877 2367; x_wconf 88' lang='lat' dir='ltr'><strong>principio</strong></span> <span class='ocrx_word' id='word_1_262' title='bbox 891 2298 1033 2369; x_wconf 83' lang='lat' dir='ltr'><strong>sagittarii</strong></span> <span class='ocrx_word' id='word_1_263' title='bbox 1048 2297 1155 2352; x_wconf 83' lang='lat' dir='ltr'><strong>coirent</strong></span> <span class='ocrx_word' id='word_1_264' title='bbox 1167 2297 1276 2352; x_wconf 84' lang='lat' dir='ltr'><strong>itemrrr.</strong></span> <span class='ocrx_word' id='word_1_265' title='bbox 1305 2297 1416 2368; x_wconf 81' lang='lat' dir='ltr'><strong>Jupiter</strong></span> <span class='ocrx_word' id='word_1_266' title='bbox 1428 2297 1501 2352; x_wconf 85' lang='lat' dir='ltr'><strong>enirn</strong></span> 
     </span>
     <span class='ocr_line' id='line_1_26' title="bbox 129 2377 1501 2450; baseline 0 -18"><span class='ocrx_word' id='word_1_267' title='bbox 129 2385 265 2449; x_wconf 84' lang='lat' dir='ltr'><strong>superato</strong></span> <span class='ocrx_word' id='word_1_268' title='bbox 280 2379 403 2434; x_wconf 87' lang='lat' dir='ltr'><strong>Saturno</strong></span> <span class='ocrx_word' id='word_1_269' title='bbox 423 2379 485 2432; x_wconf 88' lang='lat' dir='ltr'><strong>dnm</strong></span> <span class='ocrx_word' id='word_1_270' title='bbox 505 2377 647 2432; x_wconf 79' lang='lat' dir='ltr'><strong>zodiacum</strong></span> <span class='ocrx_word' id='word_1_271' title='bbox 660 2393 787 2432; x_wconf 89' lang='lat' dir='ltr'><strong>emensus</strong></span> <span class='ocrx_word' id='word_1_272' title='bbox 802 2377 951 2448; x_wconf 71' lang='lat' dir='ltr'><strong>Saturnum</strong></span> <span class='ocrx_word' id='word_1_273' title='bbox 965 2377 1118 2450; x_wconf 78' lang='lat' dir='ltr'><strong>lugientem</strong></span> <span class='ocrx_word' id='word_1_274' title='bbox 1130 2379 1314 2448; x_wconf 78' lang='lat' dir='ltr'><strong>persequitur,</strong></span> <span class='ocrx_word' id='word_1_275' title='bbox 1329 2377 1377 2431; x_wconf 92' lang='lat' dir='ltr'><strong>ille</strong></span> <span class='ocrx_word' id='word_1_276' title='bbox 1391 2377 1501 2432; x_wconf 86' lang='lat' dir='ltr'><strong>interim</strong></span> 
     </span>
     <span class='ocr_line' id='line_1_27' title="bbox 129 2457 1501 2529; baseline 0 -17"><span class='ocrx_word' id='word_1_277' title='bbox 129 2477 163 2513; x_wconf 87' lang='lat' dir='ltr'><strong>ex</strong></span> <span class='ocrx_word' id='word_1_278' title='bbox 177 2460 275 2514; x_wconf 84' lang='lat' dir='ltr'><strong>ariete</strong></span> <span class='ocrx_word' id='word_1_279' title='bbox 292 2459 364 2512; x_wconf 91' lang='lat' dir='ltr'><strong>abiit</strong></span> <span class='ocrx_word' id='word_1_280' title='bbox 377 2465 495 2523; x_wconf 85' lang='lat' dir='ltr'><strong>tantum,</strong></span> <span class='ocrx_word' id='word_1_281' title='bbox 517 2465 550 2512; x_wconf 91' lang='lat' dir='ltr'><strong>nt</strong></span> <span class='ocrx_word' id='word_1_282' title='bbox 562 2459 673 2528; x_wconf 84' lang='lat' dir='ltr'><strong>Jupiter</strong></span> <span class='ocrx_word' id='word_1_283' title='bbox 687 2459 715 2512; x_wconf 90' lang='lat' dir='ltr'><strong>in</strong></span> <span class='ocrx_word' id='word_1_284' title='bbox 729 2458 848 2529; x_wconf 88' lang='lat' dir='ltr'><strong>quinque</strong></span> <span class='ocrx_word' id='word_1_285' title='bbox 862 2457 1081 2512; x_wconf 89' lang='lat' dir='ltr'><strong>revolutionibus</strong></span> <span class='ocrx_word' id='word_1_286' title='bbox 1095 2464 1140 2511; x_wconf 90' lang='lat' dir='ltr'><strong>ter</strong></span> <span class='ocrx_word' id='word_1_287' title='bbox 1153 2459 1321 2512; x_wconf 86' lang='lat' dir='ltr'><strong>solummodo</strong></span> <span class='ocrx_word' id='word_1_288' title='bbox 1336 2465 1501 2528; x_wconf 87' lang='lat' dir='ltr'><strong>assequatur</strong></span> 
     </span>
     <span class='ocr_line' id='line_1_28' title="bbox 130 2537 1500 2611; baseline 0.001 -20"><span class='ocrx_word' id='word_1_289' title='bbox 130 2539 229 2610; x_wconf 84' lang='lat' dir='ltr'><strong>iprum,</strong></span> <span class='ocrx_word' id='word_1_290' title='bbox 258 2539 327 2610; x_wconf 87' lang='lat' dir='ltr'><strong>quia</strong></span> <span class='ocrx_word' id='word_1_291' title='bbox 346 2538 448 2611; x_wconf 70' lang='lat' dir='ltr'><strong>effugit</strong></span> <span class='ocrx_word' id='word_1_292' title='bbox 461 2537 596 2593; x_wconf 82' lang='lat' dir='ltr'><strong>Saturnus</strong></span> <span class='ocrx_word' id='word_1_293' title='bbox 610 2554 663 2609; x_wconf 88' lang='lat' dir='ltr'><strong>per</strong></span> <span class='ocrx_word' id='word_1_294' title='bbox 675 2540 745 2592; x_wconf 87' lang='lat' dir='ltr'><strong>duas</strong></span> <span class='ocrx_word' id='word_1_295' title='bbox 759 2555 797 2592; x_wconf 88' lang='lat' dir='ltr'><strong>ex</strong></span> <span class='ocrx_word' id='word_1_296' title='bbox 811 2538 945 2610; x_wconf 86' lang='lat' dir='ltr'><strong>quinque;</strong></span> <span class='ocrx_word' id='word_1_297' title='bbox 970 2537 1011 2592; x_wconf 86' lang='lat' dir='ltr'><strong>ita</strong></span> <span class='ocrx_word' id='word_1_298' title='bbox 1031 2545 1142 2592; x_wconf 80' lang='lat' dir='ltr'><strong>restant</strong></span> <span class='ocrx_word' id='word_1_299' title='bbox 1163 2543 1221 2592; x_wconf 88' lang='lat' dir='ltr'><strong>tres</strong></span> <span class='ocrx_word' id='word_1_300' title='bbox 1243 2538 1449 2608; x_wconf 78' lang='lat' dir='ltr'><strong>conjunctiones</strong></span> <span class='ocrx_word' id='word_1_301' title='bbox 1472 2537 1500 2592; x_wconf 91' lang='lat' dir='ltr'><strong>iu</strong></span> 
     </span>
     <span class='ocr_line' id='line_1_29' title="bbox 130 2617 1499 2691; baseline -0.002 -17"><span class='ocrx_word' id='word_1_302' title='bbox 130 2620 252 2691; x_wconf 87' lang='lat' dir='ltr'><strong>quinque</strong></span> <span class='ocrx_word' id='word_1_303' title='bbox 268 2619 426 2674; x_wconf 82' lang='lat' dir='ltr'><strong>Jcrialibus</strong></span> <span class='ocrx_word' id='word_1_304' title='bbox 444 2618 564 2689; x_wconf 87' lang='lat' dir='ltr'><strong>periodis</strong></span> <span class='ocrx_word' id='word_1_305' title='bbox 582 2619 707 2688; x_wconf 82' lang='lat' dir='ltr'><strong>perlecto</strong></span> <span class='ocrx_word' id='word_1_306' title='bbox 727 2619 869 2689; x_wconf 86' lang='lat' dir='ltr'><strong>triangulo</strong></span> <span class='ocrx_word' id='word_1_307' title='bbox 891 2618 1065 2672; x_wconf 86' lang='lat' dir='ltr'><strong>distributae.</strong></span> <span class='ocrx_word' id='word_1_308' title='bbox 1093 2617 1179 2682; x_wconf 83' lang='lat' dir='ltr'><strong>Ecce,</strong></span> <span class='ocrx_word' id='word_1_309' title='bbox 1203 2626 1236 2672; x_wconf 88' lang='lat' dir='ltr'><strong>nt</strong></span> <span class='ocrx_word' id='word_1_310' title='bbox 1253 2617 1298 2672; x_wconf 90' lang='lat' dir='ltr'><strong>hic</strong></span> <span class='ocrx_word' id='word_1_311' title='bbox 1318 2617 1499 2690; x_wconf 86' lang='lat' dir='ltr'><strong>triangularis</strong></span> 
     </span>
     <span class='ocr_line' id='line_1_30' title="bbox 130 2697 1499 2774; baseline -0.001 -21"><span class='ocrx_word' id='word_1_312' title='bbox 130 2699 359 2770; x_wconf 87' lang='lat' dir='ltr'><strong>conjunctionum</strong></span> <span class='ocrx_word' id='word_1_313' title='bbox 383 2697 453 2774; x_wconf 82' lang='lat' dir='ltr'><strong>situs</strong></span> <span class='ocrx_word' id='word_1_314' title='bbox 477 2698 514 2752; x_wconf 91' lang='lat' dir='ltr'><strong>sit</strong></span> <span class='ocrx_word' id='word_1_315' title='bbox 537 2699 723 2753; x_wconf 88' lang='lat' dir='ltr'><strong>necessarium</strong></span> <span class='ocrx_word' id='word_1_316' title='bbox 749 2715 919 2769; x_wconf 89' lang='lat' dir='ltr'><strong>consequens</strong></span> <span class='ocrx_word' id='word_1_317' title='bbox 942 2713 1044 2752; x_wconf 86' lang='lat' dir='ltr'><strong>causae</strong></span> <span class='ocrx_word' id='word_1_318' title='bbox 1069 2697 1266 2769; x_wconf 80' lang='lat' dir='ltr'><strong>archetypicae</strong></span> <span class='ocrx_word' id='word_1_319' title='bbox 1290 2715 1328 2753; x_wconf 87' lang='lat' dir='ltr'><strong>ex</strong></span> <span class='ocrx_word' id='word_1_320' title='bbox 1350 2697 1499 2752; x_wconf 85' lang='lat' dir='ltr'><strong>harmoniis</strong></span> 
     </span>
     <span class='ocr_line' id='line_1_31' title="bbox 129 2777 1499 2850; baseline -0.004 -14"><span class='ocrx_word' id='word_1_321' title='bbox 129 2781 293 2842; x_wconf 58' lang='lat' dir='ltr'><strong>emtas,</strong></span> <span class='ocrx_word' id='word_1_322' title='bbox 316 2779 427 2834; x_wconf 85' lang='lat' dir='ltr'><strong>accidat</strong></span> <span class='ocrx_word' id='word_1_323' title='bbox 439 2795 505 2832; x_wconf 89' lang='lat' dir='ltr'><strong>vero</strong></span> <span class='ocrx_word' id='word_1_324' title='bbox 519 2779 671 2834; x_wconf 78' lang='lat' dir='ltr'><strong>tritectmm</strong></span> <span class='ocrx_word' id='word_1_325' title='bbox 686 2779 805 2843; x_wconf 78' lang='lat' dir='ltr'><strong>zodiaci,</strong></span> <span class='ocrx_word' id='word_1_326' title='bbox 824 2795 874 2832; x_wconf 87' lang='lat' dir='ltr'><strong>seu</strong></span> <span class='ocrx_word' id='word_1_327' title='bbox 887 2793 940 2849; x_wconf 89' lang='lat' dir='ltr'><strong>per</strong></span> <span class='ocrx_word' id='word_1_328' title='bbox 952 2779 1108 2850; x_wconf 72' lang='lat' dir='ltr'><strong>pyramide,</strong></span> <span class='ocrx_word' id='word_1_329' title='bbox 1132 2795 1182 2834; x_wconf 88' lang='lat' dir='ltr'><strong>seu</strong></span> <span class='ocrx_word' id='word_1_330' title='bbox 1200 2796 1251 2848; x_wconf 87' lang='lat' dir='ltr'><strong>per</strong></span> <span class='ocrx_word' id='word_1_331' title='bbox 1265 2779 1451 2849; x_wconf 86' lang='lat' dir='ltr'><strong>triangulum,</strong></span> <span class='ocrx_word' id='word_1_332' title='bbox 1475 2777 1499 2831; x_wconf 90' lang='lat' dir='ltr'><strong>si</strong></span> 
     </span>
     <span class='ocr_line' id='line_1_32' title="bbox 130 2857 1498 2932; baseline -0.004 -16"><span class='ocrx_word' id='word_1_333' title='bbox 130 2861 187 2932; x_wconf 88' lang='lat' dir='ltr'><strong>quis</strong></span> <span class='ocrx_word' id='word_1_334' title='bbox 206 2861 305 2924; x_wconf 84' lang='lat' dir='ltr'><strong>illam,</strong></span> <span class='ocrx_word' id='word_1_335' title='bbox 331 2867 364 2914; x_wconf 91' lang='lat' dir='ltr'><strong>ut</strong></span> <span class='ocrx_word' id='word_1_336' title='bbox 385 2859 415 2912; x_wconf 88' lang='lat' dir='ltr'><strong>in</strong></span> <span class='ocrx_word' id='word_1_337' title='bbox 437 2859 490 2913; x_wconf 90' lang='lat' dir='ltr'><strong>boc</strong></span> <span class='ocrx_word' id='word_1_338' title='bbox 512 2859 605 2929; x_wconf 88' lang='lat' dir='ltr'><strong>capite</strong></span> <span class='ocrx_word' id='word_1_339' title='bbox 627 2860 778 2930; x_wconf 89' lang='lat' dir='ltr'><strong>ponebam,</strong></span> <span class='ocrx_word' id='word_1_340' title='bbox 803 2859 1011 2930; x_wconf 81' lang='lat' dir='ltr'><strong>archetypicam</strong></span> <span class='ocrx_word' id='word_1_341' title='bbox 1032 2875 1094 2912; x_wconf 90' lang='lat' dir='ltr'><strong>esse</strong></span> <span class='ocrx_word' id='word_1_342' title='bbox 1113 2860 1294 2914; x_wconf 82' lang='lat' dir='ltr'><strong>contenderit.</strong></span> <span class='ocrx_word' id='word_1_343' title='bbox 1326 2858 1454 2912; x_wconf 88' lang='lat' dir='ltr'><strong>Vicissim</strong></span> <span class='ocrx_word' id='word_1_344' title='bbox 1475 2857 1498 2910; x_wconf 93' lang='lat' dir='ltr'><strong>si</strong></span> 
     </span>
     <span class='ocr_line' id='line_1_33' title="bbox 130 2937 1551 3011; baseline -0.004 -15"><span class='ocrx_word' id='word_1_345' title='bbox 130 2947 256 2996; x_wconf 84' lang='lat' dir='ltr'><strong>totarum</strong></span> <span class='ocrx_word' id='word_1_346' title='bbox 271 2940 446 3010; x_wconf 89' lang='lat' dir='ltr'><strong>periodorum</strong></span> <span class='ocrx_word' id='word_1_347' title='bbox 459 2937 476 3000; x_wconf 78' lang='lat' dir='ltr'><strong>i</strong></span> <span class='ocrx_word' id='word_1_348' title='bbox 490 2945 520 2992; x_wconf 90' lang='lat' dir='ltr'><strong>et</strong></span> <span class='ocrx_word' id='word_1_349' title='bbox 533 2943 556 3006; x_wconf 73' lang='grc' dir='ltr'><strong>ιι</strong></span> <span class='ocrx_word' id='word_1_350' title='bbox 569 2939 712 3009; x_wconf 90' lang='lat' dir='ltr'><strong>proportio</strong></span> <span class='ocrx_word' id='word_1_351' title='bbox 726 2946 803 2993; x_wconf 89' lang='lat' dir='ltr'><strong>esset</strong></span> <span class='ocrx_word' id='word_1_352' title='bbox 815 2939 878 3004; x_wconf 91' lang='lat' dir='ltr'><strong>illa,</strong></span> <span class='ocrx_word' id='word_1_353' title='bbox 900 2955 972 3011; x_wconf 88' lang='lat' dir='ltr'><strong>quae</strong></span> <span class='ocrx_word' id='word_1_354' title='bbox 992 2947 1107 3009; x_wconf 89' lang='lat' dir='ltr'><strong>propter</strong></span> <span class='ocrx_word' id='word_1_355' title='bbox 1120 2939 1294 2993; x_wconf 87' lang='lat' dir='ltr'><strong>harmonicas</strong></span> <span class='ocrx_word' id='word_1_356' title='bbox 1310 2945 1497 3007; x_wconf 86' lang='lat' dir='ltr'><strong>contempera·</strong></span> <span class='ocrx_word' id='word_1_357' title='bbox 1549 2953 1551 2958; x_wconf 74' lang='grc'>’</span> 
     </span>
     <span class='ocr_line' id='line_1_34' title="bbox 130 3018 1497 3090; baseline -0.001 -16"><span class='ocrx_word' id='word_1_358' title='bbox 130 3021 219 3076; x_wconf 71' lang='lat' dir='ltr'><strong>nones</strong></span> <span class='ocrx_word' id='word_1_359' title='bbox 235 3020 337 3075; x_wconf 86' lang='lat' dir='ltr'><strong>debuit</strong></span> <span class='ocrx_word' id='word_1_360' title='bbox 349 3035 413 3073; x_wconf 89' lang='lat' dir='ltr'><strong>esse</strong></span> <span class='ocrx_word' id='word_1_361' title='bbox 427 3027 549 3074; x_wconf 89' lang='lat' dir='ltr'><strong>motuum</strong></span> <span class='ocrx_word' id='word_1_362' title='bbox 562 3020 766 3089; x_wconf 85' lang='lat' dir='ltr'><strong>perihelioruvn,</strong></span> <span class='ocrx_word' id='word_1_363' title='bbox 782 3037 819 3074; x_wconf 91' lang='lat' dir='ltr'><strong>sc.</strong></span> <span class='ocrx_word' id='word_1_364' title='bbox 838 3019 854 3074; x_wconf 83' lang='lat'><strong>5</strong></span> <span class='ocrx_word' id='word_1_365' title='bbox 870 3021 905 3074; x_wconf 89' lang='lat' dir='ltr'><strong>ad</strong></span> <span class='ocrx_word' id='word_1_366' title='bbox 923 3019 967 3082; x_wconf 87' lang='grc'><strong>12.</strong></span> <span class='ocrx_word' id='word_1_367' title='bbox 990 3027 1057 3074; x_wconf 86' lang='lat' dir='ltr'><strong>tunc</strong></span> <span class='ocrx_word' id='word_1_368' title='bbox 1070 3018 1098 3074; x_wconf 88' lang='lat' dir='ltr'><strong>in</strong></span> <span class='ocrx_word' id='word_1_369' title='bbox 1112 3020 1192 3074; x_wconf 91' lang='lat' dir='ltr'><strong>annis</strong></span> <span class='ocrx_word' id='word_1_370' title='bbox 1210 3019 1266 3074; x_wconf 86' lang='lat'><strong>150</strong></span> <span class='ocrx_word' id='word_1_371' title='bbox 1280 3018 1392 3090; x_wconf 83' lang='lat' dir='ltr'><strong>Jupiter</strong></span> <span class='ocrx_word' id='word_1_372' title='bbox 1404 3033 1497 3072; x_wconf 89' lang='lat' dir='ltr'><strong>rever·</strong></span> 
     </span>
     <span class='ocr_line' id='line_1_35' title="bbox 131 3093 1498 3171; baseline -0.004 -15"><span class='ocrx_word' id='word_1_373' title='bbox 131 3109 239 3156; x_wconf 81' lang='lat' dir='ltr'><strong>teretur</strong></span> <span class='ocrx_word' id='word_1_374' title='bbox 254 3099 410 3163; x_wconf 90' lang='lat' dir='ltr'><strong>duodecies,</strong></span> <span class='ocrx_word' id='word_1_375' title='bbox 427 3099 512 3154; x_wconf 89' lang='lat' dir='ltr'><strong>semel</strong></span> <span class='ocrx_word' id='word_1_376' title='bbox 526 3099 554 3152; x_wconf 89' lang='lat' dir='ltr'><strong>in</strong></span> <span class='ocrx_word' id='word_1_377' title='bbox 569 3099 649 3154; x_wconf 91' lang='lat' dir='ltr'><strong>annis</strong></span> <span class='ocrx_word' id='word_1_378' title='bbox 667 3093 748 3160; x_wconf 72' lang='lat' dir='ltr'><strong>lat..</strong></span> <span class='ocrx_word' id='word_1_379' title='bbox 776 3099 888 3155; x_wconf 79' lang='lat' dir='ltr'><strong>Ablatie</strong></span> <span class='ocrx_word' id='word_1_380' title='bbox 903 3099 990 3171; x_wconf 88' lang='lat' dir='ltr'><strong>igitur</strong></span> <span class='ocrx_word' id='word_1_381' title='bbox 1004 3101 1021 3155; x_wconf 82' lang='lat'><strong>5</strong></span> <span class='ocrx_word' id='word_1_382' title='bbox 1036 3102 1070 3153; x_wconf 92' lang='lat' dir='ltr'><strong>de</strong></span> <span class='ocrx_word' id='word_1_383' title='bbox 1087 3099 1136 3164; x_wconf 89' lang='grc'><strong>12,</strong></span> <span class='ocrx_word' id='word_1_384' title='bbox 1155 3106 1298 3154; x_wconf 86' lang='lat' dir='ltr'><strong>restarent</strong></span> <span class='ocrx_word' id='word_1_385' title='bbox 1312 3099 1338 3163; x_wconf 80' lang='lat'><strong>7,</strong></span> <span class='ocrx_word' id='word_1_386' title='bbox 1361 3099 1444 3152; x_wconf 88' lang='lat' dir='ltr'><strong>toties</strong></span> <span class='ocrx_word' id='word_1_387' title='bbox 1459 3115 1498 3152; x_wconf 88' lang='lat' dir='ltr'><strong>sc.</strong></span> 
     </span>
     <span class='ocr_line' id='line_1_36' title="bbox 128 3177 1498 3252; baseline -0.002 -18"><span class='ocrx_word' id='word_1_388' title='bbox 128 3181 243 3252; x_wconf 81' lang='lat' dir='ltr'><strong>Jupiter</strong></span> <span class='ocrx_word' id='word_1_389' title='bbox 257 3187 455 3250; x_wconf 84' lang='lat' dir='ltr'><strong>assequeretur</strong></span> <span class='ocrx_word' id='word_1_390' title='bbox 468 3179 626 3234; x_wconf 82' lang='lat' dir='ltr'><strong>Saturnum</strong></span> <span class='ocrx_word' id='word_1_391' title='bbox 654 3179 752 3252; x_wconf 88' lang='lat' dir='ltr'><strong>ltaque</strong></span> <span class='ocrx_word' id='word_1_392' title='bbox 773 3179 902 3234; x_wconf 81' lang='lat' dir='ltr'><strong>zodiacus</strong></span> <span class='ocrx_word' id='word_1_393' title='bbox 920 3195 971 3249; x_wconf 93' lang='lat' dir='ltr'><strong>per</strong></span> <span class='ocrx_word' id='word_1_394' title='bbox 990 3180 1041 3234; x_wconf 88' lang='lat' dir='ltr'><strong>tras</strong></span> <span class='ocrx_word' id='word_1_395' title='bbox 1059 3180 1267 3250; x_wconf 79' lang='lat' dir='ltr'><strong>conjunctiones</strong></span> <span class='ocrx_word' id='word_1_396' title='bbox 1288 3179 1456 3233; x_wconf 74' lang='lat' dir='ltr'><strong>divideretur</strong></span> <span class='ocrx_word' id='word_1_397' title='bbox 1470 3177 1498 3231; x_wconf 92' lang='lat' dir='ltr'><strong>in</strong></span> 
     </span>
     <span class='ocr_line' id='line_1_37' title="bbox 130 3259 1497 3332; baseline -0.001 -18"><span class='ocrx_word' id='word_1_398' title='bbox 130 3269 227 3331; x_wconf 81' lang='lat' dir='ltr'><strong>partes</strong></span> <span class='ocrx_word' id='word_1_399' title='bbox 244 3260 271 3324; x_wconf 85' lang='grc'><strong>’1,</strong></span> <span class='ocrx_word' id='word_1_400' title='bbox 287 3277 404 3331; x_wconf 86' lang='lat' dir='ltr'><strong>quarum</strong></span> <span class='ocrx_word' id='word_1_401' title='bbox 417 3259 521 3330; x_wconf 89' lang='lat' dir='ltr'><strong>quinis,</strong></span> <span class='ocrx_word' id='word_1_402' title='bbox 543 3260 569 3313; x_wconf 94' lang='lat' dir='ltr'><strong>id</strong></span> <span class='ocrx_word' id='word_1_403' title='bbox 583 3259 700 3314; x_wconf 79' lang='lat' dir='ltr'><strong>est25&#39;1</strong></span> <span class='ocrx_word' id='word_1_404' title='bbox 715 3260 861 3332; x_wconf 89' lang='lat' dir='ltr'><strong>gradibus,</strong></span> <span class='ocrx_word' id='word_1_405' title='bbox 884 3260 966 3314; x_wconf 89' lang='lat' dir='ltr'><strong>binae</strong></span> <span class='ocrx_word' id='word_1_406' title='bbox 980 3260 1188 3329; x_wconf 77' lang='lat' dir='ltr'><strong>conjunctiones</strong></span> <span class='ocrx_word' id='word_1_407' title='bbox 1203 3278 1222 3315; x_wconf 88' lang='lat' dir='ltr'><strong>a</strong></span> <span class='ocrx_word' id='word_1_408' title='bbox 1235 3277 1266 3314; x_wconf 93' lang='lat' dir='ltr'><strong>se</strong></span> <span class='ocrx_word' id='word_1_409' title='bbox 1281 3259 1396 3314; x_wconf 90' lang='lat' dir='ltr'><strong>invicem</strong></span> <span class='ocrx_word' id='word_1_410' title='bbox 1409 3275 1497 3313; x_wconf 89' lang='lat' dir='ltr'><strong>remo·</strong></span> 
     </span>
    </p>
   </div>
   <div class='ocr_carea' id='block_1_7' title="bbox 32 3333 1497 3412">
    <p class='ocr_par' dir='ltr' id='par_1_7' title="bbox 32 3333 1497 3412">
     <span class='ocr_line' id='line_1_38' title="bbox 32 3333 1497 3412; baseline -0.001 -16"><span class='ocrx_word' id='word_1_411' title='bbox 32 3400 37 3412; x_wconf 59' lang='grc'><em>,</em></span> <span class='ocrx_word' id='word_1_412' title='bbox 129 3349 278 3403; x_wconf 73' lang='lat' dir='ltr'><strong>verentem</strong></span> <span class='ocrx_word' id='word_1_413' title='bbox 294 3341 372 3394; x_wconf 85' lang='lat' dir='ltr'><strong>verbi</strong></span> <span class='ocrx_word' id='word_1_414' title='bbox 387 3355 481 3404; x_wconf 86' lang='lat' dir='ltr'><strong>cansa,</strong></span> <span class='ocrx_word' id='word_1_415' title='bbox 496 3347 562 3410; x_wconf 88' lang='lat' dir='ltr'><strong>pcst</strong></span> <span class='ocrx_word' id='word_1_416' title='bbox 574 3355 656 3394; x_wconf 88' lang='lat' dir='ltr'><strong>uuam</strong></span> <span class='ocrx_word' id='word_1_417' title='bbox 670 3341 699 3395; x_wconf 89' lang='lat' dir='ltr'><strong>in</strong></span> <span class='ocrx_word' id='word_1_418' title='bbox 714 3334 788 3401; x_wconf 68' lang='lat' dir='ltr'><strong>0⁰t</strong></span> <span class='ocrx_word' id='word_1_419' title='bbox 809 3339 985 3410; x_wconf 88' lang='lat' dir='ltr'><strong>contingeret</strong></span> <span class='ocrx_word' id='word_1_420' title='bbox 1003 3341 1096 3395; x_wconf 86' lang='lat' dir='ltr'><strong>altera</strong></span> <span class='ocrx_word' id='word_1_421' title='bbox 1109 3341 1138 3394; x_wconf 91' lang='lat' dir='ltr'><strong>in</strong></span> <span class='ocrx_word' id='word_1_422' title='bbox 1154 3336 1204 3396; x_wconf 72' lang='lat'><strong>1⁷⁰</strong></span> <span class='ocrx_word' id='word_1_423' title='bbox 1214 3336 1251 3406; x_wconf 53' lang='lat' dir='ltr'><strong>s,</strong></span> <span class='ocrx_word' id='word_1_424' title='bbox 1268 3341 1354 3396; x_wconf 87' lang='lat' dir='ltr'><strong>tertia</strong></span> <span class='ocrx_word' id='word_1_425' title='bbox 1367 3339 1395 3393; x_wconf 91' lang='lat' dir='ltr'><strong>iu</strong></span> <span class='ocrx_word' id='word_1_426' title='bbox 1409 3333 1442 3394; x_wconf 80' lang='lat'><strong>4⁰</strong></span> <span class='ocrx_word' id='word_1_427' title='bbox 1453 3335 1497 3412; x_wconf 90' lang='lat' dir='ltr'><strong>W.</strong></span> 
     </span>
    </p>
   </div>
   <div class='ocr_carea' id='block_1_8' title="bbox 126 3419 1564 4616">
    <p class='ocr_par' dir='ltr' id='par_1_8' title="bbox 126 3419 1564 4212">
     <span class='ocr_line' id='line_1_39' title="bbox 129 3419 1496 3492; baseline -0.003 -16"><span class='ocrx_word' id='word_1_428' title='bbox 129 3421 182 3476; x_wconf 90' lang='lat' dir='ltr'><strong>Sed</strong></span> <span class='ocrx_word' id='word_1_429' title='bbox 198 3422 266 3492; x_wconf 86' lang='lat' dir='ltr'><strong>qnia</strong></span> <span class='ocrx_word' id='word_1_430' title='bbox 279 3419 422 3492; x_wconf 88' lang='lat' dir='ltr'><strong>periodica</strong></span> <span class='ocrx_word' id='word_1_431' title='bbox 442 3427 568 3489; x_wconf 81' lang='lat' dir='ltr'><strong>tempora</strong></span> <span class='ocrx_word' id='word_1_432' title='bbox 588 3429 788 3491; x_wconf 87' lang='lat' dir='ltr'><strong>componuntur</strong></span> <span class='ocrx_word' id='word_1_433' title='bbox 806 3437 844 3474; x_wconf 83' lang='lat' dir='ltr'><strong>ex</strong></span> <span class='ocrx_word' id='word_1_434' title='bbox 863 3421 982 3490; x_wconf 80' lang='lat' dir='ltr'><strong>motibus</strong></span> <span class='ocrx_word' id='word_1_435' title='bbox 1003 3427 1061 3476; x_wconf 84' lang='lat' dir='ltr'><strong>tam</strong></span> <span class='ocrx_word' id='word_1_436' title='bbox 1084 3421 1217 3492; x_wconf 85' lang='lat' dir='ltr'><strong>apheliis,</strong></span> <span class='ocrx_word' id='word_1_437' title='bbox 1243 3437 1325 3492; x_wconf 87' lang='lat' dir='ltr'><strong>quam</strong></span> <span class='ocrx_word' id='word_1_438' title='bbox 1345 3419 1496 3491; x_wconf 88' lang='lat' dir='ltr'><strong>periheliis,</strong></span> 
     </span>
     <span class='ocr_line' id='line_1_40' title="bbox 130 3499 1497 3573; baseline -0.002 -18"><span class='ocrx_word' id='word_1_439' title='bbox 130 3517 222 3573; x_wconf 84' lang='lat' dir='ltr'><strong>exque</strong></span> <span class='ocrx_word' id='word_1_440' title='bbox 236 3500 393 3568; x_wconf 73' lang='lat' dir='ltr'><strong>interiectis</strong></span> <span class='ocrx_word' id='word_1_441' title='bbox 408 3499 547 3562; x_wconf 90' lang='lat' dir='ltr'><strong>omuibus,</strong></span> <span class='ocrx_word' id='word_1_442' title='bbox 567 3500 632 3555; x_wconf 90' lang='lat' dir='ltr'><strong>hinc</strong></span> <span class='ocrx_word' id='word_1_443' title='bbox 650 3501 774 3556; x_wconf 87' lang='lat' dir='ltr'><strong>nascitur</strong></span> <span class='ocrx_word' id='word_1_444' title='bbox 788 3500 873 3555; x_wconf 88' lang='lat' dir='ltr'><strong>etiam</strong></span> <span class='ocrx_word' id='word_1_445' title='bbox 887 3501 1051 3556; x_wconf 86' lang='lat' dir='ltr'><strong>intermedia</strong></span> <span class='ocrx_word' id='word_1_446' title='bbox 1063 3502 1237 3571; x_wconf 85' lang='lat' dir='ltr'><strong>periodorum</strong></span> <span class='ocrx_word' id='word_1_447' title='bbox 1254 3500 1410 3572; x_wconf 91' lang='lat' dir='ltr'><strong>proportio,</strong></span> <span class='ocrx_word' id='word_1_448' title='bbox 1434 3505 1497 3553; x_wconf 77' lang='lat' dir='ltr'><strong>con‘·</strong></span> 
     </span>
     <span class='ocr_line' id='line_1_41' title="bbox 126 3579 1496 3651; baseline -0.002 -16"><span class='ocrx_word' id='word_1_449' title='bbox 126 3581 356 3650; x_wconf 59' lang='lat' dir='ltr'><strong>mncdonomqne</strong></span> <span class='ocrx_word' id='word_1_450' title='bbox 370 3579 578 3649; x_wconf 75' lang='lat' dir='ltr'><strong>perendianum</strong></span> <span class='ocrx_word' id='word_1_451' title='bbox 592 3581 764 3645; x_wconf 73' lang='lat' dir='ltr'><strong>distributio,</strong></span> <span class='ocrx_word' id='word_1_452' title='bbox 789 3589 822 3636; x_wconf 87' lang='lat' dir='ltr'><strong>ut</strong></span> <span class='ocrx_word' id='word_1_453' title='bbox 839 3581 928 3651; x_wconf 89' lang='lat' dir='ltr'><strong>prima</strong></span> <span class='ocrx_word' id='word_1_454' title='bbox 947 3581 976 3635; x_wconf 92' lang='lat' dir='ltr'><strong>iu</strong></span> <span class='ocrx_word' id='word_1_455' title='bbox 996 3581 1130 3651; x_wconf 89' lang='lat' dir='ltr'><strong>principio</strong></span> <span class='ocrx_word' id='word_1_456' title='bbox 1154 3581 1249 3637; x_wconf 87' lang='lat' dir='ltr'><strong>arietis</strong></span> <span class='ocrx_word' id='word_1_457' title='bbox 1273 3581 1428 3643; x_wconf 88' lang='lat' dir='ltr'><strong>collocata,</strong></span> <span class='ocrx_word' id='word_1_458' title='bbox 1453 3595 1496 3633; x_wconf 91' lang='lat' dir='ltr'><strong>se·</strong></span> 
     </span>
     <span class='ocr_line' id='line_1_42' title="bbox 129 3655 1495 3733; baseline -0.001 -17"><span class='ocrx_word' id='word_1_459' title='bbox 129 3663 218 3716; x_wconf 60' lang='lat' dir='ltr'><strong>eun&amp;</strong></span> <span class='ocrx_word' id='word_1_460' title='bbox 231 3676 324 3730; x_wconf 90' lang='lat' dir='ltr'><strong>neque</strong></span> <span class='ocrx_word' id='word_1_461' title='bbox 338 3661 367 3713; x_wconf 91' lang='lat' dir='ltr'><strong>iu</strong></span> <span class='ocrx_word' id='word_1_462' title='bbox 381 3660 470 3729; x_wconf 93' lang='lat' dir='ltr'><strong>ipsum</strong></span> <span class='ocrx_word' id='word_1_463' title='bbox 483 3660 647 3730; x_wconf 88' lang='lat' dir='ltr'><strong>principium</strong></span> <span class='ocrx_word' id='word_1_464' title='bbox 661 3661 803 3733; x_wconf 78' lang='lat' dir='ltr'><strong>sagittarii</strong></span> <span class='ocrx_word' id='word_1_465' title='bbox 816 3661 912 3716; x_wconf 90' lang='lat' dir='ltr'><strong>veniat</strong></span> <span class='ocrx_word' id='word_1_466' title='bbox 929 3677 980 3714; x_wconf 89' lang='lat' dir='ltr'><strong>nec</strong></span> <span class='ocrx_word' id='word_1_467' title='bbox 994 3662 1078 3716; x_wconf 89' lang='lat' dir='ltr'><strong>etiam</strong></span> <span class='ocrx_word' id='word_1_468' title='bbox 1097 3679 1184 3733; x_wconf 90' lang='lat' dir='ltr'><strong>usque</strong></span> <span class='ocrx_word' id='word_1_469' title='bbox 1203 3662 1231 3715; x_wconf 92' lang='lat' dir='ltr'><strong>in</strong></span> <span class='ocrx_word' id='word_1_470' title='bbox 1248 3655 1340 3720; x_wconf 56' lang='grc'><strong>171»1</strong></span> <span class='ocrx_word' id='word_1_471' title='bbox 1354 3667 1495 3724; x_wconf 82' lang='lat' dir='ltr'><strong>excurrat</strong></span> 
     </span>
     <span class='ocr_line' id='line_1_43' title="bbox 130 3739 1564 3813; baseline -0.003 -17"><span class='ocrx_word' id='word_1_472' title='bbox 130 3744 176 3796; x_wconf 88' lang='lat' dir='ltr'><strong>sed</strong></span> <span class='ocrx_word' id='word_1_473' title='bbox 189 3741 285 3796; x_wconf 80' lang='lat' dir='ltr'><strong>media</strong></span> <span class='ocrx_word' id='word_1_474' title='bbox 299 3747 329 3794; x_wconf 88' lang='lat' dir='ltr'><strong>et</strong></span> <span class='ocrx_word' id='word_1_475' title='bbox 342 3740 484 3810; x_wconf 85' lang='lat' dir='ltr'><strong>aequabili</strong></span> <span class='ocrx_word' id='word_1_476' title='bbox 499 3740 607 3795; x_wconf 89' lang='lat' dir='ltr'><strong>ratione</strong></span> <span class='ocrx_word' id='word_1_477' title='bbox 622 3742 657 3795; x_wconf 90' lang='lat' dir='ltr'><strong>ad</strong></span> <span class='ocrx_word' id='word_1_478' title='bbox 672 3751 729 3796; x_wconf 86' lang='lat' dir='ltr'><strong>tres</strong></span> <span class='ocrx_word' id='word_1_479' title='bbox 748 3743 852 3813; x_wconf 89' lang='lat' dir='ltr'><strong>grados</strong></span> <span class='ocrx_word' id='word_1_480' title='bbox 872 3741 950 3796; x_wconf 88' lang='lat' dir='ltr'><strong>ultra</strong></span> <span class='ocrx_word' id='word_1_481' title='bbox 969 3741 1171 3812; x_wconf 87' lang='lat' dir='ltr'><strong>triangularem</strong></span> <span class='ocrx_word' id='word_1_482' title='bbox 1184 3743 1275 3796; x_wconf 88' lang='lat' dir='ltr'><strong>locum</strong></span> <span class='ocrx_word' id='word_1_483' title='bbox 1288 3739 1495 3811; x_wconf 85' lang='lat' dir='ltr'><strong>progrediatur.</strong></span> <span class='ocrx_word' id='word_1_484' title='bbox 1559 3773 1564 3792; x_wconf 56' lang='grc' dir='ltr'><strong>ι</strong></span> 
     </span>
     <span class='ocr_line' id='line_1_44' title="bbox 130 3819 1498 3895; baseline -0.003 -18"><span class='ocrx_word' id='word_1_485' title='bbox 130 3821 247 3884; x_wconf 82' lang='lat' dir='ltr'><strong>Quodsi</strong></span> <span class='ocrx_word' id='word_1_486' title='bbox 267 3821 332 3890; x_wconf 88' lang='lat' dir='ltr'><strong>ipsa</strong></span> <span class='ocrx_word' id='word_1_487' title='bbox 352 3820 458 3874; x_wconf 76' lang='lat' dir='ltr'><strong>zodiaci</strong></span> <span class='ocrx_word' id='word_1_488' title='bbox 478 3820 618 3874; x_wconf 83' lang='lat' dir='ltr'><strong>distinctio</strong></span> <span class='ocrx_word' id='word_1_489' title='bbox 634 3821 666 3875; x_wconf 89' lang='lat' dir='ltr'><strong>in</strong></span> <span class='ocrx_word' id='word_1_490' title='bbox 689 3831 745 3886; x_wconf 84' lang='lat' dir='ltr'><strong>tres</strong></span> <span class='ocrx_word' id='word_1_491' title='bbox 768 3823 884 3878; x_wconf 87' lang='lat' dir='ltr'><strong>trientes</strong></span> <span class='ocrx_word' id='word_1_492' title='bbox 912 3837 964 3891; x_wconf 87' lang='lat' dir='ltr'><strong>per</strong></span> <span class='ocrx_word' id='word_1_493' title='bbox 985 3821 1089 3892; x_wconf 87' lang='lat' dir='ltr'><strong>liguros</strong></span> <span class='ocrx_word' id='word_1_494' title='bbox 1111 3821 1294 3895; x_wconf 85' lang='lat' dir='ltr'><strong>geometricas</strong></span> <span class='ocrx_word' id='word_1_495' title='bbox 1324 3819 1448 3893; x_wconf 86' lang='lat' dir='ltr'><strong>genuina</strong></span> <span class='ocrx_word' id='word_1_496' title='bbox 1467 3825 1498 3873; x_wconf 92' lang='lat' dir='ltr'><strong>et</strong></span> 
     </span>
     <span class='ocr_line' id='line_1_45' title="bbox 129 3898 1498 3974; baseline -0.001 -18"><span class='ocrx_word' id='word_1_497' title='bbox 129 3900 414 3972; x_wconf 77' lang='lat' dir='ltr'><strong>arcbetypiea’causa</strong></span> <span class='ocrx_word' id='word_1_498' title='bbox 428 3899 528 3954; x_wconf 77' lang='lat' dir='ltr'><strong>nisset</strong></span> <span class='ocrx_word' id='word_1_499' title='bbox 548 3898 631 3970; x_wconf 77' lang='lat' dir='ltr'><strong>buius</strong></span> <span class='ocrx_word' id='word_1_500' title='bbox 652 3902 838 3972; x_wconf 86' lang='lat' dir='ltr'><strong>dispositionis</strong></span> <span class='ocrx_word' id='word_1_501' title='bbox 858 3901 1092 3972; x_wconf 87' lang='lat' dir='ltr'><strong>conjunctionum,</strong></span> <span class='ocrx_word' id='word_1_502' title='bbox 1116 3903 1212 3974; x_wconf 89' lang='lat' dir='ltr'><strong>utique</strong></span> <span class='ocrx_word' id='word_1_503' title='bbox 1235 3901 1424 3972; x_wconf 83' lang='lat' dir='ltr'><strong>expressisset</strong></span> <span class='ocrx_word' id='word_1_504' title='bbox 1446 3900 1498 3954; x_wconf 84' lang='lat' dir='ltr'><strong>illa</strong></span> 
     </span>
     <span class='ocr_line' id='line_1_46' title="bbox 128 3980 1497 4053; baseline -0.002 -17"><span class='ocrx_word' id='word_1_505' title='bbox 128 3981 283 4052; x_wconf 81' lang='lat' dir='ltr'><strong>perlectum</strong></span> <span class='ocrx_word' id='word_1_506' title='bbox 298 3980 486 4052; x_wconf 71' lang='lat' dir='ltr'><strong>triangulum</strong></span> <span class='ocrx_word' id='word_1_507' title='bbox 508 3996 563 4035; x_wconf 91' lang='lat' dir='ltr'><strong>nou</strong></span> <span class='ocrx_word' id='word_1_508' title='bbox 584 3983 700 4036; x_wconf 87' lang='lat' dir='ltr'><strong>aberrat</strong></span> <span class='ocrx_word' id='word_1_509' title='bbox 713 3983 785 4038; x_wconf 89' lang='lat' dir='ltr'><strong>enim</strong></span> <span class='ocrx_word' id='word_1_510' title='bbox 798 3983 919 4037; x_wconf 78' lang='lat' dir='ltr'><strong>nivinum</strong></span> <span class='ocrx_word' id='word_1_511' title='bbox 933 3997 1001 4052; x_wconf 90' lang='lat' dir='ltr'><strong>opus</strong></span> <span class='ocrx_word' id='word_1_512' title='bbox 1017 3983 1053 4036; x_wconf 90' lang='lat' dir='ltr'><strong>ab</strong></span> <span class='ocrx_word' id='word_1_513' title='bbox 1068 3983 1222 4053; x_wconf 77' lang='lat' dir='ltr'><strong>archetypo</strong></span> <span class='ocrx_word' id='word_1_514' title='bbox 1236 3999 1295 4036; x_wconf 88' lang='lat' dir='ltr'><strong>suo.</strong></span> <span class='ocrx_word' id='word_1_515' title='bbox 1328 3981 1390 4035; x_wconf 88' lang='lat' dir='ltr'><strong>Non</strong></span> <span class='ocrx_word' id='word_1_516' title='bbox 1409 3981 1497 4052; x_wconf 88' lang='lat' dir='ltr'><strong>igitur</strong></span> 
     </span>
     <span class='ocr_line' id='line_1_47' title="bbox 129 4061 1495 4134; baseline -0.002 -18"><span class='ocrx_word' id='word_1_517' title='bbox 129 4063 246 4134; x_wconf 83' lang='lat' dir='ltr'><strong>amplias</strong></span> <span class='ocrx_word' id='word_1_518' title='bbox 269 4061 369 4116; x_wconf 84' lang='lat' dir='ltr'><strong>mirum</strong></span> <span class='ocrx_word' id='word_1_519' title='bbox 391 4075 454 4114; x_wconf 89' lang='lat' dir='ltr'><strong>esse</strong></span> <span class='ocrx_word' id='word_1_520' title='bbox 477 4061 573 4126; x_wconf 88' lang='lat' dir='ltr'><strong>debet,</strong></span> <span class='ocrx_word' id='word_1_521' title='bbox 596 4077 645 4116; x_wconf 85' lang='lat' dir='ltr'><strong>eur</strong></span> <span class='ocrx_word' id='word_1_522' title='bbox 658 4063 770 4118; x_wconf 86' lang='lat' dir='ltr'><strong>Saturni</strong></span> <span class='ocrx_word' id='word_1_523' title='bbox 784 4063 915 4134; x_wconf 89' lang='lat' dir='ltr'><strong>Jovisque</strong></span> <span class='ocrx_word' id='word_1_524' title='bbox 934 4077 1100 4133; x_wconf 88' lang='lat' dir='ltr'><strong>congressus</strong></span> <span class='ocrx_word' id='word_1_525' title='bbox 1115 4064 1150 4116; x_wconf 88' lang='lat' dir='ltr'><strong>ad</strong></span> <span class='ocrx_word' id='word_1_526' title='bbox 1166 4061 1338 4134; x_wconf 87' lang='lat' dir='ltr'><strong>triangulum</strong></span> <span class='ocrx_word' id='word_1_527' title='bbox 1351 4061 1495 4123; x_wconf 84' lang='lat' dir='ltr'><strong>alludant;</strong></span> 
     </span>
     <span class='ocr_line' id='line_1_48' title="bbox 128 4141 986 4212; baseline -0.002 -15"><span class='ocrx_word' id='word_1_528' title='bbox 128 4143 192 4212; x_wconf 85' lang='lat' dir='ltr'><strong>quie</strong></span> <span class='ocrx_word' id='word_1_529' title='bbox 214 4159 268 4197; x_wconf 91' lang='lat' dir='ltr'><strong>nec</strong></span> <span class='ocrx_word' id='word_1_530' title='bbox 291 4141 422 4212; x_wconf 83' lang='lat' dir='ltr'><strong>perlecta</strong></span> <span class='ocrx_word' id='word_1_531' title='bbox 443 4148 474 4194; x_wconf 88' lang='lat' dir='ltr'><strong>et</strong></span> <span class='ocrx_word' id='word_1_532' title='bbox 495 4142 579 4210; x_wconf 89' lang='lat' dir='ltr'><strong>plane</strong></span> <span class='ocrx_word' id='word_1_533' title='bbox 603 4143 792 4198; x_wconf 88' lang='lat' dir='ltr'><strong>accidentaria</strong></span> <span class='ocrx_word' id='word_1_534' title='bbox 811 4151 855 4198; x_wconf 89' lang='lat' dir='ltr'><strong>est</strong></span> <span class='ocrx_word' id='word_1_535' title='bbox 877 4143 986 4197; x_wconf 89' lang='lat' dir='ltr'><strong>allusio.</strong></span> 
     </span>
    </p>

    <p class='ocr_par' dir='ltr' id='par_1_9' title="bbox 127 4219 1494 4616">
     <span class='ocr_line' id='line_1_49' title="bbox 205 4219 1494 4294; baseline -0.002 -18"><span class='ocrx_word' id='word_1_536' title='bbox 205 4219 241 4294; x_wconf 90' lang='lat' dir='ltr'><strong>g)</strong></span> <span class='ocrx_word' id='word_1_537' title='bbox 263 4221 319 4277; x_wconf 82' lang='lat' dir='ltr'><strong>llic</strong></span> <span class='ocrx_word' id='word_1_538' title='bbox 337 4230 405 4274; x_wconf 90' lang='lat' dir='ltr'><strong>sunt</strong></span> <span class='ocrx_word' id='word_1_539' title='bbox 417 4219 557 4291; x_wconf 88' lang='lat' dir='ltr'><strong>ipsissima</strong></span> <span class='ocrx_word' id='word_1_540' title='bbox 568 4222 705 4293; x_wconf 88' lang='lat' dir='ltr'><strong>principia</strong></span> <span class='ocrx_word' id='word_1_541' title='bbox 723 4223 776 4278; x_wconf 89' lang='lat' dir='ltr'><strong>mei</strong></span> <span class='ocrx_word' id='word_1_542' title='bbox 790 4223 881 4294; x_wconf 89' lang='lat' dir='ltr'><strong>operis</strong></span> <span class='ocrx_word' id='word_1_543' title='bbox 895 4222 1066 4287; x_wconf 86' lang='lat' dir='ltr'><strong>Harmonici,</strong></span> <span class='ocrx_word' id='word_1_544' title='bbox 1093 4237 1183 4292; x_wconf 88' lang='lat' dir='ltr'><strong>eaque</strong></span> <span class='ocrx_word' id='word_1_545' title='bbox 1201 4239 1256 4275; x_wconf 90' lang='lat' dir='ltr'><strong>non</strong></span> <span class='ocrx_word' id='word_1_546' title='bbox 1271 4228 1380 4276; x_wconf 81' lang='lat' dir='ltr'><strong>tantum</strong></span> <span class='ocrx_word' id='word_1_547' title='bbox 1397 4219 1494 4291; x_wconf 88' lang='lat' dir='ltr'><strong>opina·</strong></span> 
     </span>
     <span class='ocr_line' id='line_1_50' title="bbox 129 4299 1494 4375; baseline -0.004 -19"><span class='ocrx_word' id='word_1_548' title='bbox 129 4303 245 4367; x_wconf 85' lang='lat' dir='ltr'><strong>tionum,</strong></span> <span class='ocrx_word' id='word_1_549' title='bbox 270 4317 346 4374; x_wconf 89' lang='lat' dir='ltr'><strong>qnae</strong></span> <span class='ocrx_word' id='word_1_550' title='bbox 368 4299 570 4370; x_wconf 86' lang='lat' dir='ltr'><strong>posterioribus</strong></span> <span class='ocrx_word' id='word_1_551' title='bbox 587 4303 757 4373; x_wconf 89' lang='lat' dir='ltr'><strong>temporibus</strong></span> <span class='ocrx_word' id='word_1_552' title='bbox 778 4301 961 4375; x_wconf 88' lang='lat' dir='ltr'><strong>corrigendae</strong></span> <span class='ocrx_word' id='word_1_553' title='bbox 975 4302 1090 4368; x_wconf 81' lang='lat' dir='ltr'><strong>luerint,</strong></span> <span class='ocrx_word' id='word_1_554' title='bbox 1115 4304 1163 4357; x_wconf 92' lang='lat' dir='ltr'><strong>sed</strong></span> <span class='ocrx_word' id='word_1_555' title='bbox 1187 4303 1271 4358; x_wconf 88' lang='lat' dir='ltr'><strong>etiarn</strong></span> <span class='ocrx_word' id='word_1_556' title='bbox 1290 4301 1434 4355; x_wconf 88' lang='lat' dir='ltr'><strong>verissima</strong></span> <span class='ocrx_word' id='word_1_557' title='bbox 1454 4299 1494 4354; x_wconf 89' lang='lat' dir='ltr'><strong>rei</strong></span> 
     </span>
     <span class='ocr_line' id='line_1_51' title="bbox 128 4376 1494 4455; baseline -0.007 -17"><span class='ocrx_word' id='word_1_558' title='bbox 128 4382 219 4452; x_wconf 84' lang='lat' dir='ltr'><strong>ipsius.</strong></span> <span class='ocrx_word' id='word_1_559' title='bbox 248 4381 346 4438; x_wconf 87' lang='lat' dir='ltr'><strong>Omnis</strong></span> <span class='ocrx_word' id='word_1_560' title='bbox 362 4381 437 4434; x_wconf 86' lang='lat' dir='ltr'><strong>enim</strong></span> <span class='ocrx_word' id='word_1_561' title='bbox 449 4380 643 4450; x_wconf 84' lang='lat' dir='ltr'><strong>philosophica</strong></span> <span class='ocrx_word' id='word_1_562' title='bbox 662 4385 818 4455; x_wconf 86' lang='lat' dir='ltr'><strong>speculatio</strong></span> <span class='ocrx_word' id='word_1_563' title='bbox 842 4385 925 4437; x_wconf 88' lang='lat' dir='ltr'><strong>debet</strong></span> <span class='ocrx_word' id='word_1_564' title='bbox 947 4381 1055 4436; x_wconf 88' lang='lat' dir='ltr'><strong>initium</strong></span> <span class='ocrx_word' id='word_1_565' title='bbox 1077 4399 1178 4453; x_wconf 89' lang='lat' dir='ltr'><strong>capere</strong></span> <span class='ocrx_word' id='word_1_566' title='bbox 1200 4397 1365 4439; x_wconf 89' lang='lat' dir='ltr'><strong>asensnnrn</strong></span> <span class='ocrx_word' id='word_1_567' title='bbox 1383 4376 1494 4446; x_wconf 86' lang='lat' dir='ltr'><strong>experi-</strong></span> 
     </span>
     <span class='ocr_line' id='line_1_52' title="bbox 129 4459 1494 4531; baseline -0.007 -13"><span class='ocrx_word' id='word_1_568' title='bbox 129 4464 237 4518; x_wconf 71' lang='lat' dir='ltr'><strong>unm:</strong></span> <span class='ocrx_word' id='word_1_569' title='bbox 257 4463 305 4519; x_wconf 88' lang='lat' dir='ltr'><strong>bic</strong></span> <span class='ocrx_word' id='word_1_570' title='bbox 318 4477 401 4525; x_wconf 89' lang='lat' dir='ltr'><strong>verc,</strong></span> <span class='ocrx_word' id='word_1_571' title='bbox 425 4475 499 4531; x_wconf 87' lang='lat' dir='ltr'><strong>quae</strong></span> <span class='ocrx_word' id='word_1_572' title='bbox 517 4477 615 4518; x_wconf 87' lang='lat' dir='ltr'><strong>sensus</strong></span> <span class='ocrx_word' id='word_1_573' title='bbox 629 4463 740 4518; x_wconf 86' lang='lat' dir='ltr'><strong>auditos</strong></span> <span class='ocrx_word' id='word_1_574' title='bbox 755 4471 875 4519; x_wconf 85' lang='lat' dir='ltr'><strong>testetur</strong></span> <span class='ocrx_word' id='word_1_575' title='bbox 888 4465 922 4516; x_wconf 90' lang='lat' dir='ltr'><strong>de</strong></span> <span class='ocrx_word' id='word_1_576' title='bbox 936 4479 1049 4517; x_wconf 89' lang='lat' dir='ltr'><strong>numero</strong></span> <span class='ocrx_word' id='word_1_577' title='bbox 1062 4479 1160 4519; x_wconf 88' lang='lat' dir='ltr'><strong>vocum</strong></span> <span class='ocrx_word' id='word_1_578' title='bbox 1178 4480 1239 4517; x_wconf 86' lang='lat' dir='ltr'><strong>com</strong></span> <span class='ocrx_word' id='word_1_579' title='bbox 1252 4478 1309 4516; x_wconf 87' lang='lat' dir='ltr'><strong>una</strong></span> <span class='ocrx_word' id='word_1_580' title='bbox 1322 4459 1417 4528; x_wconf 83' lang='lat' dir='ltr'><strong>aliqua</strong></span> <span class='ocrx_word' id='word_1_581' title='bbox 1429 4473 1494 4509; x_wconf 86' lang='lat' dir='ltr'><strong>cca-</strong></span> 
     </span>
     <span class='ocr_line' id='line_1_53' title="bbox 127 4540 1493 4616; baseline -0.008 -15"><span class='ocrx_word' id='word_1_582' title='bbox 127 4545 297 4609; x_wconf 74' lang='lat' dir='ltr'><strong>modun,</strong></span> <span class='ocrx_word' id='word_1_583' title='bbox 317 4557 395 4614; x_wconf 90' lang='lat' dir='ltr'><strong>quae</strong></span> <span class='ocrx_word' id='word_1_584' title='bbox 409 4540 476 4595; x_wconf 83' lang='lat' dir='ltr'><strong>item</strong></span> <span class='ocrx_word' id='word_1_585' title='bbox 489 4557 587 4596; x_wconf 89' lang='lat' dir='ltr'><strong>sensus</strong></span> <span class='ocrx_word' id='word_1_586' title='bbox 601 4545 741 4600; x_wconf 86' lang='lat' dir='ltr'><strong>oculorum</strong></span> <span class='ocrx_word' id='word_1_587' title='bbox 755 4547 789 4599; x_wconf 91' lang='lat' dir='ltr'><strong>de</strong></span> <span class='ocrx_word' id='word_1_588' title='bbox 802 4541 975 4616; x_wconf 87' lang='lat' dir='ltr'><strong>longitudine</strong></span> <span class='ocrx_word' id='word_1_589' title='bbox 989 4543 1152 4598; x_wconf 84' lang='lat' dir='ltr'><strong>chordarum</strong></span> <span class='ocrx_word' id='word_1_590' title='bbox 1166 4540 1385 4602; x_wconf 85' lang='lat' dir='ltr'><strong>consonantium,</strong></span> <span class='ocrx_word' id='word_1_591' title='bbox 1400 4551 1493 4590; x_wconf 87' lang='lat' dir='ltr'><strong>ernen-</strong></span> 
     </span>
    </p>
   </div>
   <div class='ocr_carea' id='block_1_9' title="bbox 127 4622 737 4692">
    <p class='ocr_par' dir='ltr' id='par_1_10' title="bbox 127 4622 737 4692">
     <span class='ocr_line' id='line_1_54' title="bbox 127 4622 737 4692; baseline 0.003 -14"><span class='ocrx_word' id='word_1_592' title='bbox 127 4625 265 4682; x_wconf 72' lang='lat' dir='ltr'><strong>damme</strong></span> <span class='ocrx_word' id='word_1_593' title='bbox 287 4631 321 4678; x_wconf 88' lang='lat' dir='ltr'><strong>et</strong></span> <span class='ocrx_word' id='word_1_594' title='bbox 342 4622 431 4692; x_wconf 89' lang='lat' dir='ltr'><strong>plene</strong></span> <span class='ocrx_word' id='word_1_595' title='bbox 454 4637 617 4692; x_wconf 86' lang='lat' dir='ltr'><strong>expressum</strong></span> <span class='ocrx_word' id='word_1_596' title='bbox 638 4625 737 4680; x_wconf 85' lang='lat' dir='ltr'><strong>babes.</strong></span> 
     </span>
    </p>
   </div>
   <div class='ocr_carea' id='block_1_10' title="bbox 198 4693 1617 4778">
    <p class='ocr_par' dir='ltr' id='par_1_11' title="bbox 198 4693 1617 4778">
     <span class='ocr_line' id='line_1_55' title="bbox 198 4693 1617 4778; baseline -0.015 -16"><span class='ocrx_word' id='word_1_597' title='bbox 198 4702 234 4778; x_wconf 88' lang='lat' dir='ltr'><strong>b)</strong></span> <span class='ocrx_word' id='word_1_598' title='bbox 261 4705 369 4760; x_wconf 82' lang='lat' dir='ltr'><strong>llirura</strong></span> <span class='ocrx_word' id='word_1_599' title='bbox 387 4707 435 4756; x_wconf 89' lang='lat' dir='ltr'><strong>est</strong></span> <span class='ocrx_word' id='word_1_600' title='bbox 454 4699 592 4772; x_wconf 84' lang='lat' dir='ltr'><strong>equidem,</strong></span> <span class='ocrx_word' id='word_1_601' title='bbox 616 4721 677 4762; x_wconf 87' lang='lat' dir='ltr'><strong>curn</strong></span> <span class='ocrx_word' id='word_1_602' title='bbox 694 4711 738 4760; x_wconf 83' lang='lat' dir='ltr'><strong>tot</strong></span> <span class='ocrx_word' id='word_1_603' title='bbox 755 4719 793 4758; x_wconf 87' lang='lat' dir='ltr'><strong>ex</strong></span> <span class='ocrx_word' id='word_1_604' title='bbox 813 4702 928 4774; x_wconf 90' lang='lat' dir='ltr'><strong>antiqno</strong></span> <span class='ocrx_word' id='word_1_605' title='bbox 942 4701 1090 4758; x_wconf 87' lang='lat' dir='ltr'><strong>extiterint</strong></span> <span class='ocrx_word' id='word_1_606' title='bbox 1102 4701 1249 4771; x_wconf 86' lang='lat' dir='ltr'><strong>scriptores</strong></span> <span class='ocrx_word' id='word_1_607' title='bbox 1264 4693 1492 4760; x_wconf 82' lang='lat' dir='ltr'><strong>bannonieornrn,</strong></span> <span class='ocrx_word' id='word_1_608' title='bbox 1607 4757 1617 4772; x_wconf 89' lang='lat'><strong>.</strong></span> 
     </span>
    </p>
   </div>
   <div class='ocr_carea' id='block_1_11' title="bbox 125 4774 1494 4860">
    <p class='ocr_par' dir='ltr' id='par_1_12' title="bbox 125 4774 1494 4860">
     <span class='ocr_line' id='line_1_56' title="bbox 125 4774 1494 4860; baseline -0.014 -15"><span class='ocrx_word' id='word_1_609' title='bbox 125 4789 247 4860; x_wconf 71' lang='lat' dir='ltr'><strong>neptem</strong></span> <span class='ocrx_word' id='word_1_610' title='bbox 264 4799 358 4860; x_wconf 84' lang='lat' dir='ltr'><strong>penes</strong></span> <span class='ocrx_word' id='word_1_611' title='bbox 382 4781 460 4854; x_wconf 88' lang='lat' dir='ltr'><strong>ipsos</strong></span> <span class='ocrx_word' id='word_1_612' title='bbox 482 4797 625 4840; x_wconf 72' lang='lat' dir='ltr'><strong>occanere</strong></span> <span class='ocrx_word' id='word_1_613' title='bbox 646 4783 868 4840; x_wconf 82' lang='lat' dir='ltr'><strong>observationem</strong></span> <span class='ocrx_word' id='word_1_614' title='bbox 889 4785 962 4840; x_wconf 87' lang='lat' dir='ltr'><strong>banc</strong></span> <span class='ocrx_word' id='word_1_615' title='bbox 989 4785 1023 4838; x_wconf 87' lang='lat' dir='ltr'><strong>de</strong></span> <span class='ocrx_word' id='word_1_616' title='bbox 1047 4797 1159 4838; x_wconf 88' lang='lat' dir='ltr'><strong>numero</strong></span> <span class='ocrx_word' id='word_1_617' title='bbox 1181 4778 1332 4834; x_wconf 84' lang='lat' dir='ltr'><strong>sectionum</strong></span> <span class='ocrx_word' id='word_1_618' title='bbox 1354 4774 1494 4828; x_wconf 77' lang='lat' dir='ltr'><strong>hamoni·</strong></span> 
     </span>
    </p>
   </div>
   <div class='ocr_carea' id='block_1_12' title="bbox 0 0 1798 5518">
    <p class='ocr_par' dir='ltr' id='par_1_13' title="bbox 0 0 1798 5518">
     <span class='ocr_line' id='line_1_57' title="bbox 0 0 1798 5518; baseline 0 7"><span class='ocrx_word' id='word_1_619' title='bbox 0 0 1798 5518; x_wconf 95' lang='lat' dir='ltr'><strong> </strong></span> 
     </span>
    </p>
   </div>
  </div>
 </body>
</html>
