3628 5518
501 1215 1056 1359 *recessuum

738 1487 870 1500 ὴ·-

211 1648 242 1710 lu
263 1649 460 1728 praefatione
484 1647 523 1710 ad
537 1648 732 1711 Prodromum
752 1648 837 1729 (pag.
854 1645 913 1723 36)
937 1649 1067 1731 epistola
1090 1657 1194 1714 exstat
1208 1651 1253 1724 (d.
1270 1649 1356 1730 Sept.
1375 1645 1485 1725 1597),

135 1739 160 1800 iu
181 1757 235 1818 qua
255 1737 413 1819 Keplerus
437 1737 485 1800 his
507 1737 608 1800 verbis
627 1737 793 1800 Maestliuo
817 1739 954 1814 nunciat,
989 1739 1109 1802 misisse
1133 1759 1166 1802 se
1186 1739 1368 1822 Raymaro
1392 1739 1486 1803 Urso

134 1826 297 1890 llithmarso
328 1825 508 1908 opusculum
531 1845 627 1888 suum.
674 1827 793 1902 „Ursus
815 1827 918 1908 Praga
945 1829 984 1892 ad
1010 1848 1057 1890 me
1081 1827 1217 1910 scripsit,
1248 1839 1357 1908 petens
1380 1847 1486 1890 exem-

135 1915 240 2000 plaria;
265 1916 312 1978 cui
336 1915 477 1998 quamvis
499 1915 620 1977 minime
634 1915 720 1996 gravi
744 1917 864 1980 authori
886 1917 996 1981 indulsi
1020 1927 1133 1996 tamen,
1159 1918 1229 1999 quia
1244 1916 1415 1980 Caesareus
1438 1925 1488 1978 est

136 2005 378 2078 mathematicus,
411 2004 541 2086 mihique
573 2023 633 2084 qua
662 2005 807 2085 prodesse
838 2025 897 2088 qua
927 2007 1034 2069 obesse
1063 2013 1176 2088 potest.
1223 2006 1317 2069 Patet
1344 2006 1424 2068 enim
1456 2005 1485 2068 iu

135 2093 257 2176 Styriam
281 2113 377 2176 usque
401 2095 468 2172 ejus
492 2091 717 2157 familiaritas.“
762 2095 836 2158 Inde
859 2095 993 2177 Keplero
1017 2105 1084 2160 orta
1099 2105 1170 2160 sunt
1188 2095 1385 2170 incommoda,
1410 2113 1486 2175 quse

135 2191 287 2264 sequentes
311 2183 458 2246 exhibent
479 2182 608 2264 paginae
632 2189 665 2244 et
688 2202 813 2265 quornm
837 2184 1090 2249 sublevandarum
1114 2203 1207 2248 cansa
1225 2184 1376 2265 Keplerns
1396 2183 1485 2245 libel-

134 2273 185 2334 lum
215 2272 415 2353 conscripsit,
449 2270 498 2353 qui
526 2271 662 2353 quamvis
690 2291 749 2334 non
777 2274 935 2336 absolutus
960 2293 976 2335 e
1008 2273 1221 2355 manuscriptis
1251 2271 1487 2354 Petropolitsnis

133 2361 248 2440 primum
275 2362 326 2424 hic
349 2361 432 2446 typis
455 2361 619 2440 impressus
643 2369 701 2424 est.

209 2449 294 2514 Joh.
321 2450 501 2514 Mollerus
524 2449 777 2531 Flenaburgensis
808 2449 839 2511 iu
862 2455 944 2512 tomo
964 2451 987 2512 I.
1012 2451 1112 2532 operis
1135 2450 1287 2530 inscripti:
1320 2448 1488 2514 Cimbris

134 2539 305 2602 Liberata
328 2539 476 2609 (Hafuiae
494 2534 593 2612 1744)
624 2539 700 2602 haec
723 2541 761 2601 de
784 2537 864 2601 Urso
887 2541 996 2602 refert:
1030 2540 1129 2603 Nicol.
1151 2539 1357 2602 Reimarus
1380 2539 1486 2608 Ursus,

133 2627 283 2691 Heusteda
308 2629 505 2691 Dithmarsus
529 2629 582 2703 (an
605 2628 694 2692 Ursi
722 2645 869 2708 agnomen
894 2627 1077 2709 gentilitium
1105 2629 1258 2705 habuerit,
1287 2629 1336 2690 vel
1357 2629 1489 2708 ipsemet

134 2717 303 2795 adsciverit,
331 2717 467 2798 ignoro),
492 2717 633 2780 subulcus
657 2717 866 2796 ἀναλφαβητος
881 2718 938 2780 fuit
952 2718 991 2781 ad
1006 2737 1115 2780 annum
1133 2736 1226 2798 usque
1242 2717 1355 2780 aetatis
1368 2716 1487 2779 XVIII.

133 2807 259 2869 Aenum
292 2826 369 2870 cura
391 2807 431 2870 ad
449 2806 603 2870 literarum
626 2807 728 2868 studia
752 2806 832 2868 felici
856 2825 998 2868 successu
1020 2807 1144 2870 transiit
1166 2814 1198 2868 et
1219 2807 1380 2886 plerasque
1399 2804 1486 2866 ἀυτο-

133 2899 256 2967 Μωιτος
278 2915 429 2977 perquam
452 2895 511 2958 sibi
533 2895 666 2958 reddidit
689 2893 864 2958 familiares.
912 2895 1057 2970 Scholas,
1091 2895 1170 2957 sicut
1192 2895 1321 2974 ipsemet
1343 2893 1486 2955 rusticum

134 3003 163 3045 se
182 3003 296 3052 vocans
323 2985 530 3046 Dithmarsurn
562 2991 710 3060 testatur,
736 2984 800 3060 „uti
824 3002 876 3046 sus
901 2984 1020 3046 hortum
1043 2983 1192 3065 percurrit
1214 2991 1246 3056 et
1269 2982 1320 3043 vix
1343 3001 1363 3043 a
1386 2980 1486 3043 limine

133 3074 281 3150 salutavit,
321 3073 376 3136 sed
399 3095 418 3136 a
441 3073 523 3135 stiva
544 3073 625 3136 illico
649 3073 679 3134 iu
703 3091 796 3154 remp.
821 3073 987 3136 literarium
1015 3071 1160 3154 singulari
1189 3072 1317 3154 quodam
1346 3071 1410 3132 fato
1434 3076 1488 3131 aut

132 3162 209 3242 genio
230 3162 383 3244 irrupit‘·
427 3162 462 3224 In
485 3161 616 3225 mathesi
639 3168 671 3224 et
684 3161 870 3224 astronomia
893 3171 993 3224 tamen
1009 3163 1162 3225 doctorem
1176 3180 1261 3224 suum
1281 3160 1374 3222 fuisse
1389 3176 1487 3238 agno-

133 3251 183 3314 scit
202 3251 223 3314 J
229 3261 364 3316 ustum
385 3251 570 3334 Byrgium.
616 3251 742 3314 Patroni
765 3251 931 3313 studiorum
949 3252 1052 3332 juveni
1076 3250 1249 3331 obtigerunt
1270 3251 1376 3312 lleur.
1390 3248 1482 3310 Ran-

132 3341 264 3415 rovius,
298 3358 413 3422 prorex
436 3338 605 3404 Cimbricus
634 3348 666 3401 et
690 3338 915 3402 Guilielmus
942 3341 1111 3404 Hassorum
1136 3339 1286 3421 princeps.
1331 3338 1359 3401 Ε
1386 3337 1489 3419 patria

132 3427 292 3508 digressus,
320 3428 419 3492 vitam
439 3429 582 3510 juvenum
604 3428 816 3492 informatione
839 3429 984 3492 toleravit
1007 3431 1164 3505 nobilium,
1196 3437 1228 3491 et
1250 3451 1278 3492 a.
1308 3423 1392 3492 1584
1414 3425 1486 3488 Eri·

133 3536 190 3580 cum
211 3519 367 3602 Langium
391 3517 563 3604 'l'ychonern
585 3519 615 3580 in
640 3537 709 3581 arce
732 3519 878 3580 Hnennae
901 3517 1018 3581 insulae
1041 3519 1222 3582 invisentem
1244 3527 1294 3580 est
1312 3515 1486 3579 comitatus.

134 3603 281 3685 Caesellio,
307 3607 362 3672 nbi
386 3607 566 3689 aliquamdiu
592 3615 658 3670 erat
682 3613 885 3682 sustentatus,
910 3607 940 3670 iu
964 3607 1151 3672 academiam
1173 3607 1315 3687 migravit
1337 3603 1485 3685 Argenti-

132 3713 244 3760 nensem
266 3698 373 3779 ibique
397 3717 426 3758 a.
456 3691 539 3760 1588
562 3696 822 3771 „Fundamentum
837 3697 1103 3760 Astronomieum“
1127 3695 1232 3759 edidit.
1278 3697 1409 3773 Pragam
1427 3711 1486 3754 uon

132 3785 214 3848 multo
244 3794 319 3868 post
352 3807 371 3848 a
398 3785 558 3865 Rudolplro
587 3785 627 3847 Π.
660 3785 841 3867 imperatore
873 3794 1018 3849 evocatus
1055 3805 1112 3847 non
1148 3783 1355 3847 mathematici
1391 3782 1488 3845 solum

133 3873 210 3936 aulici
233 3875 433 3957 dignitatem,
462 3873 517 3938 sed
541 3875 714 3937 matheseos
737 3875 830 3936 etiam
854 3873 884 3936 in
908 3875 1065 3937 academia
1096 3874 1315 3954 professionem
1345 3871 1485 3936 obtinuit.

132 3961 298 4028 Trmtatum
323 3964 395 4039 „De
417 3963 634 4046 hypothesibus
658 3963 903 4028 Astrouomicis“
926 3985 953 4027 a.
982 3961 1066 4028 1597
1091 3965 1210 4043 Prsgae
1234 3963 1359 4038 editum,
1384 3967 1433 4023 tot
1456 3960 1488 4021 in

132 4050 324 4130 adversarios,
351 4053 528 4134 praesertim
548 4053 719 4136 Tychonem
733 4053 894 4130 Braheum,
918 4052 1076 4115 calumniis
1099 4054 1154 4114 duc.
1179 4053 1327 4133 opplevit,
1351 4050 1418 4114 utJ
1428 4048 1486 4112 oh.

131 4137 148 4199 J
154 4143 329 4205 esenius
354 4141 400 4216 (in
424 4161 467 4205 or.
492 4142 529 4204 de
551 4142 618 4204 rita
640 4150 673 4203 et
695 4149 790 4204 morte
814 4140 909 4223 'lgch
929 4143 1056 4217 Brahei)
1080 4159 1208 4222 sequeus
1232 4141 1268 4203 de
1296 4142 1350 4204 illo
1379 4137 1488 4202 merito

131 4228 227 4293 tulisse
255 4231 401 4294 videatur
426 4230 588 4309 judicium:
620 4239 692 4293 ante
722 4248 817 4292 anuos
844 4232 989 4310 pauculos
1018 4231 1139 4312 quidam
1168 4229 1343 4311 ingeniosus
1373 4235 1406 4291 et
1428 4228 1488 4289 do-

131 4323 199 4386 ctus,
221 4321 275 4381 sed
301 4321 420 4399 absque
443 4319 588 4397 religione
610 4329 642 4381 et
663 4319 776 4381 virtute
795 4318 884 4382 homo
907 4319 1048 4382 tetricum
1075 4329 1106 4381 et
1130 4321 1276 4382 famosum
1302 4315 1408 4382 contra
1422 4315 1487 4396 Ty-

131 4403 245 4469 chonem
269 4407 446 4488 divulgavit
467 4407 620 4488 scriptum.
666 4407 734 4470 Non
764 4414 815 4469 sat
838 4410 938 4472 fuerat
965 4408 1139 4470 infamatori
1167 4408 1211 4471 illi
1243 4409 1377 4489 plagium
1400 4421 1486 4464 eonr-

132 4493 240 4559 uittere
273 4496 445 4560 literarium
477 4503 509 4558 et
540 4496 691 4579 Tychouis
728 4497 909 4578 hypothesin
952 4497 1075 4559 falsarie
1111 4515 1165 4577 pro
1201 4498 1322 4579 proprio
1363 4495 1486 4554 invento

131 4585 290 4660 venditare,
316 4585 378 4647 nisi
402 4585 495 4648 etiam
518 4586 613 4648 virum
637 4585 711 4648 aviti
734 4586 873 4666 generis.
898 4605 1032 4649 summae
1058 4587 1248 4658 eruditionis,
1275 4578 1484 4658 inculpatissi-

133 4687 192 4734 nae
214 4674 310 4748 vitae,
337 4673 493 4736 sexcentis
516 4674 705 4738 contumeliis
729 4674 809 4756 apud
833 4675 927 4750 alios,
953 4675 1051 4738 sinon
1076 4667 1285 4742 deformatum,
1310 4673 1485 4744 suspectum

133 4761 231 4826 saltem
255 4762 455 4828 reddidisset.
500 4763 543 4828 Et
564 4765 700 4847 profecto
720 4765 789 4848 jure
808 4771 907 4832 actum
931 4783 997 4830 cum
1019 4764 1076 4828 hoc
1097 4763 1218 4838 fuisset,
1242 4755 1292 4817 vel
1315 4755 1409 4815 etiarn
1419 4751 1486 4831 jam
