3698 5516
731 1255 765 1372 J
766 1253 973 1374 OANNIS
1011 1253 1251 1372 lllllllltl

535 1477 777 1578 motuum
806 1482 1247 1579 nemusculum
1278 1481 1440 1575 usum.

654 1971 724 2044 ΔΙ)
751 1967 1009 2044 murum
1035 1967 1330 2043 ramme.

399 2143 506 2206 Edidit
539 2153 609 2206 ante
644 2145 803 2207 trienninm
835 2144 1015 2208 Nicolaus
1039 2145 1172 2220 Ursus,
1207 2142 1377 2208 Caesareae
1402 2141 1580 2223 Majestatis
1605 2143 1673 2204 dnm

309 2231 427 2293 viveret
457 2232 709 2306 mathematicus,
740 2233 875 2296 libellum
904 2233 940 2294 de
963 2232 1191 2316 Hypothesihus
1219 2232 1439 2302 astronomicis,
1472 2233 1502 2294 in
1523 2251 1581 2312 quo
1606 2251 1674 2294 cum

308 2319 466 2382 historiam
489 2321 641 2395 texuisset
662 2321 874 2404 hypothesium
897 2323 1078 2403 modumque
1103 2322 1142 2383 ad
1161 2321 1336 2383 Helisaeum
1355 2319 1543 2396 Roesliuum
1568 2320 1672 2382 Medi-

309 2408 395 2470 cinae
419 2408 595 2484 Ductorem,
631 2411 759 2474 amicum
788 2429 886 2472 meum
914 2411 1097 2491 'singularem
1127 2409 1314 2478 devenisset,
1349 2419 1382 2471 et
1409 2410 1447 2470 ad
1480 2409 1674 2470 refutandam

310 2497 374 2577 eJus
398 2497 577 2577 opinionem,
602 2500 735 2562 adducta
757 2501 885 2581 quadam
909 2499 1043 2562 Euclidis
1067 2499 1287 2580 propositione,
1318 2499 1467 2560 rationem
1490 2497 1672 2559 tradidisset

238 2623 244 2630 ·
310 2605 348 2648 ex
372 2587 544 2648 dedcmenis
572 2589 752 2651 necessariis
780 2588 964 2669 geometrica
991 2587 1132 2650 methodo
1161 2586 1396 2666 planetariorum
1421 2586 1535 2668 orbium
1560 2585 1671 2665 ampli-

309 2675 430 2738 tudines
460 2674 636 2742 dimetiendi
670 2679 748 2752 (rem
786 2678 889 2740 tritam
924 2678 1002 2756 apud
1032 2679 1253 2748 astronomos),
1287 2675 1458 2754 subjunxit,
1492 2695 1529 2736 en
1561 2675 1671 2737 iisdem

309 2763 512 2826 fundamentis
536 2766 628 2828 etiam
652 2767 817 2829 examinari
840 2785 932 2847 posse
955 2785 1023 2827 mea
1045 2765 1170 2847 placita,
1195 2783 1271 2846 quae
1291 2782 1368 2825 anno
1387 2763 1486 2843 priore
1510 2763 1565 2825 sub
1581 2762 1672 2825 titulo

307 2852 446 2935 Mysterii
471 2851 719 2935 Cosmographici
746 2855 858 2936 publici
877 2855 955 2934 juris
978 2856 1124 2926 ieceram;
1162 2872 1257 2933 eaque
1290 2852 1449 2914 occasione
1478 2861 1569 2932 capta
1603 2851 1672 2932 epi·
1724 2859 1733 2868 “

308 2941 418 3003 stolam
441 2943 601 3022 quandam,
627 2964 686 3025 qua
710 2944 829 3005 biennio
854 2952 924 3005 aute
950 2961 1041 3024 snper
1064 2943 1235 3004 inventione
1250 2960 1318 3005 mea
1337 2942 1433 3021 ipsum
1449 2941 1670 3017 consulueram,

308 3029 408 3092 libellu
434 3049 486 3092 suo
509 3031 645 3096 inseruit.
690 3032 859 3094 Pessimam
886 3033 1005 3113 quidem
1027 3031 1084 3092 hoc
1108 3032 1225 3093 nomine
1249 3030 1380 3111 gratiam
1404 3030 1484 3109 apud
1506 3049 1553 3091 me
1572 3029 1672 3092 Ursus

307 3119 384 3180 iniit.
431 3118 628 3199 Scripseram,
655 3129 760 3201 utpote
783 3121 890 3200 viginti
915 3123 1006 3183 trium
1034 3138 1178 3182 annorum
1201 3121 1331 3200 juvenis,
1356 3119 1474 3180 minime
1498 3138 1571 3180 sane
1597 3138 1671 3198 gra-

307 3205 395 3268 viter.
440 3207 522 3269 Nam
545 3216 576 3269 et
598 3209 628 3271 in
651 3210 731 3273 Urso
754 3209 905 3271 laudando
929 3217 961 3269 et
983 3210 1012 3271 in
1036 3228 1083 3271 me
1107 3208 1151 3269 illi
1174 3207 1361 3288 subjiciendo
1386 3207 1505 3268 modum
1528 3207 1669 3288 utrinque

308 3294 432 3355 multum
456 3295 584 3358 excessi.
632 3297 848 3361 Seuerissimus
877 3298 957 3359 enim
981 3299 1017 3359 de
1041 3299 1097 3358 hoc
1121 3305 1230 3358 eventu
1258 3297 1291 3359 id
1314 3296 1425 3358 saltem
1448 3295 1601 3376 spectavi,
1638 3302 1671 3356 ut

308 3400 484 3462 responsum
506 3385 708 3464 impetrarem.
754 3387 797 3450 Et
818 3386 855 3448 iis
879 3387 1032 3449 ferebatur
1056 3405 1123 3448 esse
1147 3385 1280 3448 muribus
1304 3387 1415 3459 Ursus,
1445 3385 1550 3446 uthis
1576 3383 1669 3446 armis

194 3526 196 3534 ,
308 3489 383 3552 opus
402 3479 485 3534 esset
508 3475 548 3535 ad
570 3476 800 3555 expugnandum
824 3477 889 3555 ejus
913 3474 1074 3537 silentium.
1120 3474 1166 3536 At
1193 3474 1219 3536 si
1243 3474 1349 3555 quibus
1374 3474 1410 3534 de
1433 3473 1577 3536 instituto
1602 3492 1669 3534 meo

275 3611 276 3621 ,
308 3578 367 3621 non
400 3568 535 3637 cunstat,
570 3563 589 3624 ii
623 3565 694 3627 mihi
722 3565 829 3627 merito
858 3563 1092 3638 succensebunt,
1127 3563 1205 3643 quod
1233 3563 1399 3624 immodicis
1429 3563 1499 3624 Ursi
1528 3561 1669 3624 laudibus

308 3649 447 3729 injuriam
462 3651 565 3714 multis
580 3653 608 3714 in
623 3652 746 3734 Europa
761 3653 944 3714 doctissimis
959 3651 1182 3714 mathematicis
1203 3652 1324 3714 fecerim
1330 3671 1339 3727 ;
1363 3649 1550 3714 mirabuntur
1565 3651 1667 3726 etiam,

309 3736 358 3816 qui
386 3757 433 3799 me
465 3740 587 3820 propius
616 3750 737 3816 norunt,
771 3761 816 3803 me
847 3759 901 3821 pro
925 3741 1088 3803 Maestlinu
1111 3741 1222 3803 Ursum
1250 3747 1477 3820 praeceptorem
1501 3739 1667 3814 celebrare,

310 3825 411 3905 illique
444 3828 661 3890 transscribere
686 3831 741 3892 huc
765 3831 941 3910 quantulum
974 3838 1022 3891 est
1045 3829 1225 3909 cognitionis
1255 3829 1284 3890 in
1309 3829 1546 3902 mathematicis,
1580 3847 1667 3909 quem

308 3915 490 3978 tamen'nisi
512 3917 542 3979 in
557 3919 784 3992 „Fundamento
799 3938 853 3982 suo
869 3918 1092 3980 astronomico“
1115 3917 1286 3997 loquentem
1309 3937 1459 3998 nunquam
1483 3917 1667 3988 audiveram,

309 4020 459 4084 nunquam
482 4004 625 4074 videram.
673 4005 735 4069 Sed
758 4009 833 4070 haec
856 4008 953 4070 adhuc
973 4005 1057 4068 levia
1075 4007 1175 4068 *videri
1197 4015 1338 4094 possunt;
1370 4007 1510 4084 graviora
1534 4025 1668 4086 sequnn-

308 4097 367 4152 tur.
413 4092 492 4154 Nam
517 4094 576 4156 etsi
598 4095 694 4159 Ursus
717 4096 859 4159 honorem
883 4115 979 4160 meum
1004 4096 1103 4174 egisse
1127 4095 1223 4158 videri
1247 4095 1311 4157 vult
1334 4095 1488 4174 publicata
1512 4115 1582 4157 mea
1601 4095 1667 4176 epi-

306 4180 398 4256 stula,
422 4182 490 4244 dum
515 4202 581 4244 eam
608 4185 673 4246 luce
698 4184 820 4264 dignam
842 4186 1014 4266 praedicat:
1039 4192 1140 4245 tamen
1156 4185 1224 4266 quid
1249 4184 1442 4264 quaesiverit,
1469 4203 1528 4245 non
1554 4185 1667 4246 obscu-

308 4288 371 4331 rum
395 4270 526 4351 reliquit.
553 4303 595 4314 -
624 4273 756 4336 Primum
779 4273 809 4335 in
833 4275 921 4336 titulo
946 4273 1040 4336 libelli
1062 4272 1166 4336 Nobili
1193 4281 1225 4335 et
1248 4273 1361 4334 illustri
1381 4272 1510 4334 Domino
1532 4273 1669 4355 Tychoni

307 4358 408 4421 Brahe
427 4360 525 4435 Danu,
549 4361 678 4424 Domino
697 4363 728 4424 in
742 4361 938 4442 Kuudstorpp
962 4371 994 4424 et
1008 4361 1181 4443 Uranihnrg
1197 4363 1270 4436 hu,
1295 4362 1508 4442 hypothesium
1522 4379 1670 4423 novarum

309 4447 512 4510 inventionem
539 4449 686 4530 praeripit
711 4469 835 4530 eamque
864 4451 921 4514 sibi
950 4456 1083 4530 arrogat.
1095 4445 1122 4524 ⁸)
1168 4450 1292 4513 Putavit
1319 4451 1420 4530 itaque
1454 4452 1510 4512 hac
1539 4451 1670 4531 epistola

309 4555 391 4614 mea,
420 4538 449 4599 in
474 4557 533 4618 qna
556 4538 630 4626 haec
654 4546 726 4601 sunt
753 4539 861 4602 verba:
890 4539 1101 4622 „Hypotheses
1129 4548 1198 4602 tuas
1229 4539 1327 4613 amo“,
1353 4541 1592 4602 demonstratum
1622 4540 1668 4614 iri,

309 4645 376 4689 esse
404 4634 436 4689 et
459 4626 609 4700 homines,
642 4628 691 4708 qui
714 4628 786 4692 Ursi
808 4628 973 4690 honitatem
994 4647 1103 4690 causae
1132 4635 1312 4708 agnuscant,
1346 4647 1440 4710 eaque
1470 4628 1588 4690 ratione
1623 4647 1669 4689 me

309 4712 425 4777 alienae
449 4716 495 4778 liti
518 4715 680 4780 immiscuit
694 4723 725 4778 et
738 4717 945 4779 testimonium
954 4718 992 4781 ab
1007 4717 1112 4798 ignaro
1127 4717 1263 4780 extorsit.
1309 4716 1426 4778 Deinde
1450 4737 1518 4780 cum
1541 4717 1571 4779 in
1586 4718 1670 4780 calce

309 4801 390 4865 tituli
413 4804 610 4870 eruditionem
634 4825 719 4868 suam
746 4805 776 4868 in
801 4807 856 4869 hoc
880 4807 981 4869 libello
1010 4824 1064 4868 cen
1095 4807 1132 4869 ad
1158 4824 1289 4890 agonem
1314 4805 1463 4888 quendam
1486 4807 1668 4892 olympicum
