3586 5518
727 259 884 326 011077·
1427 259 1487 326 157
1590 197 1600 214 ’

205 415 275 478 Has
298 417 483 482 distantiae.
523 417 594 482 Jam
616 437 706 500 porro
729 419 910 502 subjungam
932 417 1111 484 laterculum
1134 437 1266 496 acuum,
1291 417 1341 500 qui
1364 417 1488 482 sinubus

120 503 266 567 debentur
288 507 343 582 iis,
376 525 456 588 quos
479 509 614 571 efficiunt
637 507 766 570 Veneris
790 509 909 589 quidem
932 517 966 572 ct
987 507 1130 572 Mercurii
1152 506 1293 570 altissimi
1317 507 1488 584 abscessus,

120 593 270 656 simedia
294 595 411 658 Terrae
436 596 586 659 durantia
608 597 650 658 sit
673 597 758 661 sinus
782 605 885 660 totus:
911 596 1040 660 Telluris
1063 614 1134 658 vero
1158 596 1257 658 media
1280 595 1436 672 distantis,
1462 596 1488 660 ai

119 681 306 760 superiorum
330 683 496 746 abscessus
522 685 686 765 longissimi
711 686 774 749 siut
797 687 880 749 sinus
903 695 1004 749 totus:
1029 703 1154 766 quorum
1169 703 1290 748 arcuum
1304 685 1349 746 illi
1369 685 1488 766 quidem

118 771 364 849 elongationibus
388 773 530 836 maximis
554 774 684 836 Veneris
708 783 741 838 et
760 775 902 838 Mercurii
927 796 946 836 a
969 773 1057 845 Sole,
1081 773 1111 836 hi
1136 793 1206 836 vero
1229 773 1487 854 prosthapbasre-

117 859 201 922 sibus
224 859 374 940 «inoperose
398 860 543 937 Saturni,
574 861 662 924 Jovis
694 869 727 926 et
754 865 864 926 Martis
894 863 1022 944 proximi
1053 869 1150 926 erunt.
1198 864 1230 925 ln
1261 861 1357 942 primo
1385 862 1488 924 ordine

116 955 321 1024 santarem,
353 949 403 1032 qui
432 953 612 1030 proveniunt
634 971 672 1014 ex
696 953 870 1033 corporibus
895 953 1019 1016 exclusa
1041 951 1142 1023 Luna,
1171 951 1199 1013 in
1228 951 1358 1012 secundo
1388 971 1486 1026 arcus,

116 1037 168 1117 qui
192 1039 378 1118 proveniunt
402 1058 441 1102 cx
464 1039 617 1104 distantiis
646 1062 665 1104 a
692 1039 765 1106 Sole
791 1039 1021 1122 Cupernioanis,
1058 1041 1087 1103 iu
1117 1040 1207 1103 tertio
1237 1040 1363 1121 denique
1400 1059 1488 1103 arcus

114 1125 167 1205 qui
195 1145 233 1188 ex
257 1128 435 1206 corporibus
460 1131 604 1210 adjuncta
627 1129 741 1194 Telluri
765 1131 852 1194 Luna
875 1137 1059 1212 sequuntur3
1083 1137 1116 1192 et
1137 1130 1366 1210 interponentur
1388 1127 1485 1193 utrin-

113 1233 172 1294 que
197 1215 400 1282 differentiae.

309 1552 526 1790 21110
476 1676 596 1740 17-
619 1675 730 1742 012

183 1780 488 1792 -ῇ-σ-ιε-ι-
491 1781 528 1791 ,ιι-Α

313 1779 1432 1931 er÷2mmm÷0mmffi

300 1881 1301 2025 on†mMmlsmom

315 2041 1388 2152 cmm÷1rmw,11mmm

478 2317 521 2382 lN
546 2315 685 2380 CAPUT
708 2315 906 2382 DECIMUM
929 2316 1124 2390 QUINTUM

650 2437 764 2490 norun
784 2437 960 2491 lucrosus.

194 2545 221 2610 a)
246 2547 319 2612 Quid
343 2557 479 2618 peccetur
500 2566 551 2619 per
569 2549 642 2604 hanc
661 2548 748 2602 veluti
763 2548 936 2604 luxationem
957 2549 1117 2622 systematis
1138 2549 1289 2620 planetarii
1313 2553 1488 2624 ecquomodo

118 2635 259 2699 peraratum
282 2629 337 2682 hoo
362 2630 551 2699 redarguatur
573 2628 813 2687 obseruationibus
832 2629 987 2684 Braheanis
1011 2629 1039 2684 in
1054 2629 1155 2692 Marte,
1178 2629 1328 2702 diligenter
1350 2631 1488 2704 explicari

118 2709 145 2762 iu
159 2709 308 2762 Commeat.
334 2710 370 2762 de
385 2709 504 2762 motibus
520 2709 593 2764 illius
614 2709 748 2780 planetae
772 2708 853 2780 idque
871 2727 908 2763 ex
926 2709 1052 2780 professo
1073 2717 1155 2780 parte
1179 2711 1277 2780 prima,
1293 2714 1373 2783 'quae
1397 2720 1441 2767 εει
1455 2715 1488 2768 de

119 2787 339 2860 aequipollentia
354 2787 561 2858 hypothesium.
602 2789 641 2844 Et
655 2789 720 2861 quia
735 2789 768 2843 ad
784 2789 961 2844 declinandos
983 2789 1034 2843 hos
1055 2805 1162 2844 errores
1177 2807 1293 2843 necesse
1307 2789 1368 2856 lirit,
1390 2791 1488 2846 lhudu-

119 2875 237 2922 mentum
261 2869 351 2922 ueluti
376 2869 468 2922 mnudi
492 2869 520 2922 in
542 2869 632 2938 ipsum
647 2869 718 2924 Solis
743 2875 865 2924 cendum
887 2886 1031 2940 reponere,
1056 2870 1120 2924 hino
1142 2871 1211 2924 adeo
1235 2871 1347 2934 fectum,
1371 2877 1404 2925 ut
1426 2873 1489 2926 loca

122 2949 232 3012 11161111,
257 2948 357 3019 quibus
373 2949 506 3017 planetae
520 2949 591 3003 fiunt
606 2949 732 3004 altissimi
747 2957 777 3004 et
789 2949 943 3015 humillimi,
967 2967 1022 3004 noa
1041 2947 1102 3020 jam
1122 2949 1241 3020 amplius
1256 2965 1445 3023 apogeeomm
1459 2957 1489 3004 et

123 3031 316 3099 perigaeomm
331 3045 432 3084 nomen
446 3029 566 3083 retinere
580 3035 702 3100 possent,
725 3036 758 3083 ut
772 3030 888 3101 quidem
894 3031 921 3084 in
936 3030 1087 3100 Copernioo
1101 3029 1277 3085 retinuerunt
1290 3031 1413 3096 abusiva
1439 3032 1488 3085 aed

120 3109 230 3180 proprie
255 3114 285 3162 et
308 3107 501 3179 significanter
524 3109 747 3182 indigetaroutur
767 3126 786 3164 a
807 3127 850 3166 me
874 3111 1017 3181 aphelia
1034 3117 1065 3165 et
1085 3110 1279 3180 perihelia

201 3187 232 3254 b)
256 3188 378 3242 Schema
402 3189 440 3243 23
463 3191 593 3245 exhibet:
621 3189 781 3254 ,Ponitur
804 3198 999 3246 cancrorum
1022 3189 1301 3247 ecoentrioarum
1323 3192 1488 3262 sphaera-

122 3285 190 3324 rum
216 3269 337 3324 Mundi
364 3272 549 3326 secundum
576 3271 788 3327 seutentiam
815 3271 1001 3344 Cupernici
1036 3278 1071 3328 et
1098 3287 1258 3338 numeros
1286 3273 1488 3328 tabularum

123 3349 409 3414 Prnteuioarum,
445 3352 487 3404 ad
525 3357 681 3422 tempora
707 3351 918 3416 Ptolemaei,
957 3351 1053 3408 circa
1078 3367 1205 3408 annum
1234 3351 1371 3407 Christi
1402 3353 1485 3408 140.“

122 3430 238 3486 Schema
261 3427 310 3484 24.
334 3430 446 3484 eosdem
474 3434 533 3496 ,ad
557 3439 717 3503 tempora
743 3431 945 3502 Cuperuici,
969 3432 1067 3488 circe
1089 3448 1213 3488 anuum
1237 3431 1375 3488 Christi
1392 3433 1487 3500 1525,

123 3511 173 3565 hac
195 3509 295 3566 addita
318 3509 540 3578 explicatione:-

198 3591 244 3644 Ad
267 3593 294 3644 A
317 3587 365 3642 Sol
389 3598 512 3646 centrum
535 3593 626 3647 muudi
650 3599 703 3648 est.

199 3668 335 3723 Ciroellus
350 3685 453 3738 parvus
467 3674 503 3725 ad
517 3673 540 3725 Β
564 3681 609 3727 est
622 3673 740 3727 circulus
755 3670 967 3726 ecceutrioitatis
991 3671 1064 3726 orbis
1079 3671 1174 3743 magni
1189 3670 1318 3726 Telluris.
1357 3671 1388 3727 ln
1403 3671 1486 3744 hrrjtrs

123 3751 237 3822 fastigio
261 3765 311 3803 seu
335 3748 395 3802 loco
415 3751 561 3806 remotiore
584 3769 602 3806 a
615 3753 680 3807 Sole
703 3751 849 3806 eooentrici
873 3750 946 3806 orbis
961 3751 1055 3823 magni
1079 3759 1203 3806 oeutnrm
1226 3751 1399 3807 consistebat
1417 3759 1487 3809 tem·

123 3849 186 3900 pure
209 3828 375 3892 Ptolemaei,
398 3833 446 3884 aed
470 3839 593 3902 tempore
617 3832 761 3902 Cupernioi
784 3833 812 3886 in
834 3833 896 3886 loco
918 3831 1059 3902 propiore,
1091 3832 1119 3885 h.
1143 3849 1168 3886 ε.
1192 3832 1384 3888 eooeutrioitu
1412 3835 1487 3890 orbis

123 3911 214 3982 magni
239 3915 303 3964 erat
325 3907 384 3962 illic
406 3927 493 3981 prope
516 3913 652 3976 maxima,
676 3912 721 3966 hic
744 3913 803 3966 iere
826 3911 945 3966 minima.
989 3912 1093 3966 Horum
1116 3911 1185 3967 illud
1203 3913 1345 3967 schemate
1361 3913 1414 3981 23,
1435 3915 1512 3974 hoc,

123 3992 177 4046 seh.
203 3991 243 4046 24
267 3989 362 4043 ridere
386 3990 460 4044 licet

199 4071 250 4126 ΔΒ
265 4065 339 4138 (sch.
355 4067 418 4138 23.)
434 4077 479 4125 εει
492 4071 583 4134 4170,
608 4072 729 4142 qualium
753 4070 956 4126 semidiameter
979 4071 1053 4126 orbis
1072 4071 1166 4144 magui
1189 4078 1233 4126 est
1249 4074 1375 4130 100000.
1415 4075 1488 4130 Hinc

123 4151 371 4208 maximianas
395 4167 414 4204 a
436 4151 501 4206 Sole
524 4152 639 4206 remotio
662 4159 706 4206 est
733 4152 863 4218 104176,
887 4151 999 4206 minime
1015 4151 1122 4208 95830.
1162 4151 1217 4208 ssd
1240 4152 1268 4208 iu
1287 4153 1344 4208 sch.
1362 4151 1411 4212 24.
1436 4155 1488 4210 ille

125 4231 314 4286 eceantrioitas
338 4246 428 4300 prope
450 4231 561 4286 minima
583 4238 627 4286 cst
650 4231 757 4286 32195.

200 4313 220 4366 C
245 4317 291 4366 εει
314 4308 435 4364 circulus
457 4328 560 4381 parvus
584 4311 799 4366 ecoentricitatis
815 4301 850 4376 Ω.
889 4311 981 4382 Hujus
1005 4311 1208 4368 semidiameter
1229 4319 1275 4366 est
1298 4314 1374 4369 1040
1398 4319 1428 4368 ει
1441 4311 1486 4367 BC

124 4385 191 4460 (sch.
203 4387 471 4457 ubanercinium
482 4391 568 4445 centri
578 4391 656 4462 parui
666 4391 760 4445 circuli
772 4409 790 4446 a
800 4398 894 4446 ceutm
905 4391 978 4446 orbis
989 4391 1116 4464 maguiB
1131 4398 1175 4446 εει
1186 4391 1281 4455 31201
1295 4393 1383 4448 ΔΟ·-
1358 4405 1384 4417 ·
1401 4389 1485 4446 1262.

126 4471 190 4526 ilino
213 4471 338 4526 maxima
364 4461 390 4534 ὃ
415 4487 435 4524 a
458 4465 490 4530 Θ
514 4471 648 4526 distantia
672 4471 785 4535 74232,
808 4471 918 4526 minima
938 4471 1047 4528 69628.

198 4555 224 4607 D
238 4559 367 4606 centrum
383 4555 429 4604 est
441 4551 543 4606 circelli
557 4547 818 4610 eecencricitarisd.
855 4550 946 4622 Hujus
971 4551 1172 4607 semidiameter
1191 4561 1236 4608 eat
1258 4548 1406 4605 earundem
1430 4558 1486 4614 qna

129 4645 204 4702 ruprs
216 4633 340 4704 partium
357 4625 491 4696 211411,
519 4631 634 4702 ejusque
658 4630 850 4686 eccentricitas
874 4647 893 4685 s
914 4639 1009 4687 centro
1028 4631 1101 4686 orbis
1116 4619 1413 4703 ωεςηι1111734571ε
1436 4625 1485 4677 red

128 4711 181 4775 DA,
195 4709 392 4769 eccentricitas
418 4707 574 4781 ε1εεεΘ,
601 4711 706 4768 10270.
748 4711 826 4766 Unde
846 4703 1152 4830 maximabdistantis
1172 4707 1236 4768 εΘ
1257 4699 1408 4763 481141
1436 4702 1484 4758 mi·

127 4793 192 4850 aima
211 4784 362 4851 233451
