3586 5518
827 249 940 314 snm
959 249 1159 318 commemor

791 447 836 509 IN
860 445 1000 511 CAPUT
1021 449 1191 514 Ill-VIII

850 568 943 622 uuus
963 569 1141 622 lucrosus.

389 671 421 748 a)
442 677 539 732 Plures
559 661 702 746 corporum
716 677 904 732 distinctiones
925 685 955 734 et
974 679 1045 734 haec
1063 680 1125 750 ipsa
1143 679 1231 732 husius
1254 677 1377 732 invenies
1396 676 1444 731 lib.
1460 674 1506 730 Ν.
1521 673 1669 745 Epitomes,

309 759 404 830 aliqua
422 757 515 820 etiam,
538 763 628 812 ortum
647 764 678 812 at
695 757 924 814 combinationem
944 761 1110 830 spectantia,
1132 759 1180 814 lib.
1197 760 1230 813 V.
1250 758 1382 812 Hermon.
1398 757 1465 826 Cap.
1484 757 1522 820 1..
1551 761 1583 808 et
1602 753 1672 808 infra

308 839 337 894 iu
356 839 410 894 hoc
429 837 490 907 ipso
509 837 605 892 libello
627 837 695 909 Cap.
717 837 793 893 Xlll.

838 1161 843 1168 Ι
883 1058 1004 1158 Caput
1030 1057 1099 1134 IX.

340 1192 528 1256 Duasturo
547 1209 682 1273 capara
700 1189 782 1253 iuter·
796 1189 958 1273 plauctus,
977 1193 1187 1274 proprietates
1204 1197 1347 1274 aptatos,
1368 1189 1585 1252 ἀειηοηειναια
1604 1206 1643 1250 ea

641 1281 825 1360 corporibus
843 1280 987 1364 cognatio
1002 1279 1206 1366 planetarum
1224 1287 1342 1344 mutato.

396 1412 464 1475 Non
487 1429 610 1491 possum
633 1411 809 1491 praeterire,
836 1411 906 1492 quin
930 1411 978 1474 hic
1002 1413 1105 1494 aliqua
1124 1431 1162 1475 ex
1182 1433 1218 1474 ca
1237 1411 1377 1494 physices
1400 1417 1498 1490 parte,
1524 1426 1603 1488 quse
1626 1417 1672 1470 εει

215 1505 223 1514 ”
310 1503 346 1564 dc
370 1501 561 1581 planetarum
586 1499 794 1581 qualitatibus,
819 1500 964 1577 delibem,
990 1510 1023 1564 ut
1047 1509 1211 1582 appareat,
1237 1502 1330 1563 etiam
1352 1500 1434 1562 vires
1457 1498 1592 1579 ipsorum
1616 1517 1670 1558 ua-

307 1591 422 1654 tnrales
456 1589 534 1652 huuc
569 1589 702 1652 ordinem
735 1608 856 1652 servare
890 1608 1015 1672 eamque
1048 1593 1086 1652 ad
1118 1591 1245 1652 invicem
1273 1588 1497 1671 proportionem
1529 1585 1670 1648 retinere.

307 1679 387 1742 Nam
411 1679 437 1741 si
461 1691 513 1740 ecs
537 1679 687 1759 planetas,
715 1679 764 1760 qui
784 1679 908 1741 Terram
928 1680 1080 1756 ambcunt,
1105 1680 1166 1742 illis
1188 1680 1278 1741 etiem
1302 1676 1485 1758 corporibus,
1511 1694 1591 1755 quae
1616 1674 1672 1737 sihi

307 1769 455 1849 inscripta
478 1768 650 1844 continent,
683 1786 863 1844 accensens,
897 1768 1021 1830 inclusis
1045 1778 1147 1831 autem
1173 1767 1304 1849 planetis
1328 1789 1346 1828 a
1369 1765 1498 1829 Telluris
1521 1766 1598 1828 orbe
1621 1763 1673 1825 illa

307 1877 434 1940 corpora
457 1857 593 1933 tribuas,
628 1857 734 1936 quibus
751 1865 883 1938 uterque
915 1857 1187 1931 circumscribitur,
1220 1857 1298 1938 quod
1329 1854 1443 1935 optima
1465 1855 1587 1916 ratione
1611 1853 1671 1914 lieri

305 1965 396 2027 posse
421 1946 581 2009 existimo:
611 1944 760 2008 Saturnus
784 1945 909 2008 habebit
933 1947 1049 2022 cubum,
1074 1944 1194 2027 Jupiter
1217 1945 1382 2029 pyramide,
1407 1943 1491 2006 Mars
1516 1941 1670 2004 dodecad-

306 2037 391 2108 dron,
416 2037 569 2099 Venerem
592 2035 781 2110 iposaddrou,
805 2035 987 2098 Mercurium
1011 2036 1186 2098 octaddron.
1228 2036 1322 2097 Terra
1344 2053 1417 2096 vero
1440 2051 1507 2094 cum
1531 2031 1609 2094 nihil
1633 2031 1672 2092 sit

305 2125 363 2186 nisi
396 2125 501 2198 limes,
534 2123 633 2185 neutri
663 2132 850 2186 accensetur.
898 2123 1001 2186 Solem
1030 2125 1121 2187 etiam
1150 2133 1182 2186 et
1209 2125 1328 2186 Lunam
1358 2119 1505 2202 astrologi
1536 2119 1671 2183 maximo

306 2214 466 2276 intervallo
491 2233 510 2274 a
529 2211 639 2274 ceteris
654 2212 781 2293 quinque
797 2213 995 2292 distinguunt,
1020 2221 1054 2275 ut
1077 2214 1121 2276 ita
1144 2232 1202 2276 non
1226 2231 1301 2293 opus
1324 2211 1367 2274 sit
1388 2209 1506 2273 illorum
1529 2210 1584 2272 hic
1606 2228 1671 2271 ms-

305 2301 445 2378 minisse,
470 2310 503 2363 et
525 2319 665 2362 numerus
689 2320 846 2382 corporum
869 2302 993 2382 pulchre
1018 2321 1084 2366 curu
1107 2300 1127 2366 5
1151 2303 1284 2384 planetis
1308 2299 1477 2362 conveniat

392 2387 514 2470 Jupiter
536 2390 629 2470 igitur
652 2390 680 2450 in
705 2391 804 2453 medio
832 2392 1035 2454 maleficarum
1063 2391 1213 2454 beneficus
1242 2390 1307 2470 ipse
1335 2383 1445 2452 multos
1476 2387 1507 2450 in
1532 2387 1670 2449 admira-

304 2481 416 2542 tionem
440 2479 557 2560 rapuit,
590 2487 622 2540 ct
645 2479 851 2542 Ptolemaeum
879 2480 973 2542 etiam
1001 2481 1041 2542 ad
1064 2499 1222 2544 causarum
1247 2477 1510 2558 investigationem
1536 2476 1670 2538 extimu-

305 2569 389 2631 lavit.
407 2571 434 2643 ⁸)
480 2569 545 2630 Nos
574 2567 671 2629 simile
703 2569 775 2649 quid
802 2568 937 2631 videmus
966 2569 995 2632 iu
1022 2569 1197 2651 pyramide,
1231 2587 1307 2650 quae
1339 2568 1417 2630 inter
1450 2566 1508 2628 duo
1542 2583 1672 2646 corpora

303 2658 414 2738 partim
437 2665 583 2738 cognata,
607 2657 718 2736 partim
741 2657 937 2744 abhorrentia
960 2657 1087 2720 invicem
1112 2661 1188 2721 adeo
1213 2659 1251 2720 ab
1276 2665 1402 2738 utroque
1431 2655 1607 2736 discrepat,
1638 2661 1671 2715 ut

304 2749 367 2808 l'ere
392 2749 428 2810 de
453 2747 519 2809 loco
542 2745 730 2826 periclitetur
754 2747 783 2808 iu
812 2747 980 2811 ratiociniis
1004 2747 1217 2829 superioribus.
1265 2747 1365 2808 Trium
1389 2745 1579 2824 superiorum
1603 2743 1669 2824 qui-

304 2837 379 2899 libet
401 2855 468 2900 cum
490 2834 614 2916 reliquis
637 2833 762 2897 hostilis
785 2845 908 2898 exercet
935 2836 1014 2898 odia.
1028 2833 1057 2913 ¹')
1105 2837 1213 2899 Tribus
1242 2836 1333 2898 etiam
1362 2852 1462 2896 eorum
1491 2832 1669 2915 corporibus

304 2926 377 2989 nihil
399 2925 521 3006 penitus
545 2924 686 2986 convenit
709 2943 825 3000 eorum,
851 2944 928 3006 quae
952 2933 1109 3006 apparent.
1156 2927 1240 2988 Mars
1264 2932 1366 2986 umen
1389 2941 1456 2985 cum
1479 2920 1618 2985 Saturno
1641 2920 1669 2982 iu

303 3016 371 3078 sola
393 3013 513 3078 malitia
536 3013 700 3092 conspirat.
748 3015 825 3076 Huic
849 3033 905 3094 ego
930 3033 1071 3094 comparo
1094 3013 1330 3077 inconstantiam
1359 3010 1557 3092 angulorum,
1594 3027 1669 3092 quaa
1780 3061 1781 3064 ,

303 3103 422 3166 illorum
445 3103 566 3184 propria
590 3110 621 3164 ct
644 3105 808 3165 communis
832 3110 883 3165 est
906 3103 1034 3185 utrique.
1086 3104 1183 3183 Igitur
1205 3101 1353 3166 bonitatis
1376 3109 1590 3181 argumentum
1613 3097 1670 3162 crit
1778 3151 1781 3162 .

304 3193 506 3265 contrarium,
541 3191 659 3253 scilicet
690 3191 855 3254 stabilitas¹
877 3191 1054 3273 angulorum
1083 3193 1112 3255 in
1142 3193 1215 3255 solis
1239 3191 1397 3255 lateribus.
1443 3189 1670 3270 Argumentum

304 3299 356 3342 cur
378 3279 508 3360 Jupiter,
533 3280 638 3341 Venus
663 3286 695 3341 et
719 3281 886 3344 Mercurius
909 3281 1034 3344 benefici
1058 3281 1129 3344 siut.
1169 3279 1282 3356 Cubus,
1306 3279 1432 3342 Saturni
1456 3297 1580 3359 corpus,
1604 3296 1668 3340 me·

188 3445 192 3452 .
303 3367 378 3431 titur
401 3369 502 3430 urnula
524 3368 642 3448 reliqua
663 3387 720 3429 sua
741 3371 932 3445 rectitudine,
957 3377 989 3444 et
1011 3370 1137 3450 planeta
1160 3371 1224 3452 ipse
1249 3388 1405 3432 mensores
1427 3367 1536 3442 efficit,
1564 3376 1669 3449 estque

305 3457 403 3537 quoad
427 3457 579 3537 ingenium
601 3456 727 3537 rigidus,
749 3459 826 3522 recti
848 3467 961 3532 custos,
984 3478 1022 3521 ne
1046 3460 1141 3522 latum
1162 3477 1291 3540 unguem
1314 3459 1435 3539 cadens,
1459 3456 1667 3530 inexorabilis,

303 3545 487 3610 inflexibilis.
535 3543 587 3608 Sic
611 3546 671 3608 fert
694 3547 797 3627 anguli
819 3547 980 3612 rectitudo.

393 3633 543 3714 Cognatio
567 3634 797 3698 evidentissima
819 3645 868 3698 εει
890 3637 920 3698 in
943 3637 1078 3712 basibus,
1104 3656 1163 3716 qua
1186 3655 1253 3699 cum
1276 3635 1410 3717 Jupiter,
1436 3635 1555 3708 Venus,
1581 3633 1667 3694 Mer-

303 3723 402 3784 curius
427 3725 596 3802 (planetam
620 3724 686 3785 dico
710 3743 763 3806 pro
787 3727 927 3807 corpore)
952 3727 1059 3787 eadem
1083 3732 1222 3799 umntur,
1246 3744 1369 3788 causam
1392 3723 1540 3786 habemus
1566 3741 1668 3785 eorum

299 3811 463 3887 amicitiae,
489 3822 522 3874 ut
546 3830 647 3890 supra.
695 3815 774 3875 Nam
799 3814 953 3877 stabilitas
977 3814 1059 3876 inest
1081 3815 1233 3894 triangulo
1256 3815 1393 3894 primum.
1441 3813 1532 3874 Alter
1555 3811 1668 3891 gradm

303 3908 351 3962 est
374 3900 495 3979 planum
519 3919 669 3980 apparens
693 3921 759 3964 cum
783 3904 893 3983 angulo
920 3921 974 3964 ceu
997 3903 1149 3964 umbilico.
1188 3903 1236 3966 Ne
1257 3903 1398 3966 miremur
1420 3901 1513 3982 igitur
1537 3900 1667 3980 amplius

303 3989 410 4067 ecquid
433 3989 605 4051 delitiarum
629 4008 722 4069 penes
747 3991 852 4053 durum
876 3999 908 4054 et
931 3991 1053 4071 igneum
1071 3992 1203 4053 Martem
1228 3993 1335 4068 lateat,
1359 3991 1445 4070 cujus
1469 4008 1565 4052 causa
1589 3987 1667 4051 deli-

302 4078 405 4140 catula
433 4077 537 4139 Venus
568 4078 670 4140 mariti
704 4081 850 4141 frustrata
882 4080 1048 4142 thalamum
1080 4099 1146 4142 curu
1175 4081 1276 4142 Marte
1307 4078 1538 4160 conspiraverit.
1588 4079 1668 4141 Nam

302 4165 412 4231 Martis
437 4167 690 4248 quinquangulum
720 4177 769 4230 cst
796 4167 825 4228 in
850 4169 981 4232 Venere.
1029 4168 1081 4231 Sic
1105 4169 1229 4230 Saturni
1259 4167 1497 4250 quadrangulum
1525 4167 1556 4228 in
1582 4167 1667 4228 Mer-

302 4253 384 4314 curio
407 4255 549 4318 conciliat
573 4257 695 4334 eosdem
720 4257 835 4337 utrique
860 4277 967 4319 mores.
1014 4257 1133 4319 Tertius
1157 4258 1270 4338 gradus
1295 4265 1356 4333 est,
1387 4275 1453 4319 cum
1477 4255 1559 4318 idem
1583 4256 1666 4335 ejus-

303 4342 422 4406 demin
447 4343 563 4406 duobus
587 4354 635 4407 est
650 4345 697 4406 vel
714 4353 858 4425 apparet:
884 4353 916 4407 st
939 4353 1002 4408 tum
1026 4346 1086 4409 illis
1109 4348 1140 4408 in
1165 4345 1265 4408 causis
1289 4345 1454 4409 communis
1479 4345 1569 4409 amici
1593 4363 1667 4406 con-

254 4429 258 4435 “
302 4432 394 4494 venit.
438 4431 534 4513 Igitur
556 4433 586 4496 in
610 4433 700 4496 rebus
724 4433 821 4495 Joviis
846 4435 986 4497 convenit
1010 4435 1124 4498 Veneri
1148 4455 1214 4498 cum
1238 4435 1398 4510 Mercurio,
1424 4435 1494 4516 quia
1518 4431 1666 4496 cummuni

298 4518 385 4582 Jovis
409 4529 534 4585 utuntur
557 4522 635 4586 basi.
682 4522 717 4584 In
741 4521 893 4585 Saturuiis
916 4524 1067 4588 consentit
1090 4524 1257 4592 Mercurius
1280 4543 1348 4586 cum
1370 4525 1472 4586 Marta
1489 4541 1665 4604 parumper,

300 4609 369 4686 quia
392 4610 422 4672 in
445 4611 500 4672 illo
517 4609 642 4673 Saturni
666 4611 854 4690 quadratum,
879 4611 908 4672 in
928 4611 984 4674 hoc
1002 4620 1102 4676 tectus
1120 4611 1212 4676 cubus
1228 4621 1285 4676 cst.
1319 4614 1460 4694 Apparet
1477 4612 1571 4676 etiam
1585 4612 1665 4684 hino,

300 4712 352 4759 cur
375 4700 488 4762 Veneri
511 4717 578 4761 cum
601 4697 733 4760 Saturno
757 4699 839 4761 nulla
862 4702 1014 4778 cognatio,
1039 4709 1070 4764 et
1094 4721 1170 4782 quse
1194 4702 1367 4781 potissima,
1392 4712 1425 4763 et
1447 4721 1499 4764 cur
1521 4699 1666 4764 Mercurii

300 4787 443 4849 versatile
467 4787 619 4869 ingenium
643 4785 778 4848 omuibus
803 4795 931 4867 quatuor
954 4808 1022 4852 sese
1046 4791 1192 4872 applicet,
1217 4790 1369 4868 minimum
1393 4797 1495 4854 tamon
1517 4789 1624 4869 Marti.
