3586 5518
715 324 798 388 capae
814 323 896 376 xvu.
1429 326 1489 392 163

138 476 318 540 nihilominus
342 498 401 560 ego
425 498 485 544 uon
510 482 634 558 dubito,
669 482 737 567 quin
767 491 887 546 creator
910 483 948 546 ad
973 483 1086 563 figurae
1110 484 1195 563 huJus
1218 485 1436 565 praescriptum
1460 487 1489 547 in

137 563 259 628 motibus
281 567 434 632 Mercurio
459 570 627 633 tribuendis
650 573 827 652 respexerit.
875 567 943 643 Quo
967 571 1096 635 divinior
1117 572 1215 652 magis
1238 573 1394 654 magisque
1417 574 1490 637 milri

135 661 164 714 et
186 655 369 718 astronomia
392 665 426 720 et
449 655 609 739 Goparnici
631 659 746 740 placita
770 661 900 723 ethaeo
923 659 991 742 ipsa
1014 657 1033 722 5
1059 679 1186 742 corpora
1209 661 1356 724 videntur.

217 739 375 813 Quaerant
399 746 460 821 alii,
485 747 535 828 qni
559 749 717 824 voluerint,
741 758 908 812 ceterarum
929 748 1020 810 etiam
1039 749 1300 812 eoceutrioitatum
1319 770 1429 813 causas
1452 771 1490 813 ex

134 832 193 893 suis
216 850 350 913 quasque
374 837 560 916 corporibus.
595 835 671 900 Cum
695 839 893 918 animusque
916 837 974 899 hae
998 838 1234 902 exorbitationes
1254 839 1352 902 aDe'o
1376 849 1491 902 temere

132 929 162 981 et
183 919 245 982 sine
270 941 366 984 eausa
391 932 499 987 tentae
527 926 652 1006 singolis
681 927 813 1008 planetis
846 927 981 989 indultae
1012 927 1094 989 siut:
1129 946 1187 990 non
1220 927 1410 1007 desperanda
1442 939 1491 990 est

132 1027 221 1091 neque
245 1009 352 1074 harum
376 1031 534 1077 cansarum
557 1014 763 1096 investigatio.
779 1019 807 1089 ο)
1487 1021 1490 1025 ’
1514 1087 1518 1089 ,

211 1097 318 1174 Porro,
342 1107 379 1163 nt
394 1103 529 1166 variems
543 1104 684 1167 Mercurii
705 1105 743 1167 ad
767 1104 930 1168 octatdron
955 1104 1208 1176 accommodetur,
1233 1104 1277 1165 sic
1301 1097 1350 1184 agi
1373 1113 1489 1184 posset.

130 1183 303 1250 Sumeretur
324 1193 480 1270 proportio
505 1201 633 1256 eeceutr.
660 1195 682 1272 tt
705 1193 743 1255 ad
768 1192 946 1256 distantiam
970 1191 1100 1254 mediam
1129 1188 1212 1268 ιΘ
1244 1210 1297 1272 pro
1329 1201 1427 1266 certa.
1457 1204 1492 1257 ut
1575 1241 1578 1246 -

128 1277 193 1356 quia
214 1275 245 1338 in
273 1275 441 1359 Copemico
469 1282 618 1344 distantia
645 1283 741 1354 (sieut
762 1283 848 1346 vides
871 1281 901 1342 in
925 1281 1082 1342 schemate
1106 1276 1148 1343 23
1173 1288 1204 1342 et
1227 1278 1285 1355 24)
1314 1281 1491 1361 longissima

128 1375 172 1428 est
192 1361 281 1440 488,
315 1367 497 1432 brevissima
519 1367 603 1447 231,
635 1372 736 1433 media
762 1372 855 1450 igitur
878 1370 936 1432 erit
960 1365 1045 1442 360,
1078 1376 1110 1430 et
1137 1370 1294 1432 crassities
1320 1377 1390 1432 tots
1413 1366 1489 1435 257.

128 1454 207 1516 Haec
225 1453 294 1532 jam
318 1458 478 1521 crassities
501 1459 703 1540 corrigeretur
731 1457 1015 1539 proportionaliter,
1048 1467 1082 1519 ut
1109 1457 1179 1538 quia
1202 1458 1331 1520 circulus
1355 1460 1490 1522 octaedri

127 1561 175 1623 pro
196 1540 283 1620 488,
310 1563 432 1608 numero
458 1546 639 1628 Copernici,
670 1547 797 1628 largitur
820 1567 878 1610 non
901 1549 969 1627 plus
993 1541 1071 1621 474,
1103 1565 1175 1625 ergo
1198 1547 1354 1609 eremitice
1378 1549 1437 1610 erit
1459 1547 1488 1610 in

127 1631 178 1694 bau
204 1633 405 1715 proportione
429 1633 514 1712 250,
547 1645 581 1698 et
610 1638 709 1700 media
736 1645 872 1700 comente
901 1635 1047 1698 distantia
1075 1629 1151 1698 349.
1172 1635 1268 1713 ἰῙιιιιι
1296 1635 1385 1710 vide,
1420 1635 1491 1716 quid

126 1722 201 1784 orbis
223 1724 254 1783 iu
281 1725 429 1786 octaedro
453 1726 606 1802 admittat,
630 1727 749 1790 scilicet
768 1722 844 1788 387.
882 1724 1062 1786 Differentia
1084 1723 1176 1802 igitur
1199 1723 1278 1786 inter
1298 1719 1372 1800 387,
1398 1725 1488 1788 altis·
1552 1783 1555 1788 .

126 1810 226 1872 simam
250 1811 336 1874 orbis
360 1822 393 1876 et
416 1809 480 1878 349
509 1815 658 1890 mediam,
690 1824 739 1878 est
763 1810 824 1887 38,
856 1822 889 1876 ot
920 1813 1041 1892 duplum
1065 1809 1128 1886 76,
1159 1811 1316 1874 crassities
1344 1813 1426 1876 orbis
1449 1814 1489 1878 sd

125 1899 238 1962 modum
262 1909 455 1978 ceterorum,
484 1905 581 1983 major
605 1905 725 1983 quidem
748 1902 846 1965 adbuc
870 1920 959 1983 quarn
982 1900 1131 1975 Veneris,
1161 1901 1214 1962 sed
1237 1909 1338 1963 tamen
1363 1920 1421 1964 uon
1444 1902 1490 1966 ita

125 1988 269 2050 immanis.
314 1988 448 2071 Reliqua
470 1992 639 2055 differentia
662 1992 743 2055 inter
765 1991 946 2054 altissimam
969 1989 1050 2052 orbis
1079 1987 1142 2054 387
1168 1989 1403 2052 arduennam
1427 1991 1488 2052 cir·

125 2077 177 2139 culi
199 2072 285 2153 474,
317 2097 395 2158 quae
419 2088 469 2143 est
491 2079 549 2157 87,
580 2082 707 2144 debetur
733 2079 878 2160 peculiari
901 2078 1116 2141 exorbitationi
1140 2078 1292 2141 Mercurii.
1338 2077 1405 2141 Hoc
1429 2077 1486 2142 eno

123 2187 243 2246 m
264 2185 308 2230 an
331 2168 543 2250 abjiciendum,
566 2189 605 2234 an
628 2159 849 2234 conciliandum
872 2187 938 2230 cnm
960 2162 1101 2244 lundam)
1126 2168 1221 2229 torma
1244 2175 1378 2230 motuum
1400 2167 1431 2230 in
1454 2169 1485 2246 ζὶ,

123 2274 156 2316 an
184 2275 266 2318 noua
294 2265 431 2320 motuum
460 2259 539 2321 ratio
571 2259 804 2333 mentuenda,
835 2255 1028 2321 considerent
1060 2257 1202 2320 artifices.
1248 2255 1314 2318 Nec
1337 2256 1416 2319 anino
1441 2256 1487 2320 lta

124 2343 191 2408 bene
206 2345 364 2426 explorati
378 2353 449 2409 suut
462 2367 578 2411 errores
592 2349 682 2430 hujus
700 2347 819 2422 sideru,
844 2355 878 2409 nt
900 2345 966 2424 ejus
989 2345 1071 2408 orbis
1094 2345 1281 2408 correctione
1300 2351 1358 2408 nou
1384 2336 1487 2427 egeat?

472 2525 514 2588 IN
539 2523 681 2588 CAPUT
702 2523 900 2588 DECIMUM
923 2519 1139 2586 SEPTIMUM

652 2645 766 2696 uonna
785 2643 962 2696 suurcurs.

196 2751 228 2822 a)
251 2755 348 2818 Quale
380 2753 417 2808 sit
438 2754 519 2818 illud,
550 2757 620 2826 quod
652 2755 771 2810 artifices
801 2754 980 2825 peculiariter
1010 2721 1169 2811 adscribunt
1196 2757 1344 2822 Mercurio,
1382 2758 1484 2814 rectius

124 2843 195 2904 petes
231 2851 269 2888 ex
303 2833 466 2888 Ptolemaeo
496 2836 569 2905 ipso,
604 2853 695 2906 exque
725 2835 872 2890 Purbaohii
901 2842 931 2890 et
959 2835 1101 2890 Maestliui
1131 2835 1283 2890 Theoricis:
1301 2831 1338 2908 ⁸⁵)
1369 2839 1484 2909 denique
1568 2837 1575 2846 “

124 2917 249 2984 mouendo
275 2913 447 2985 Copernicus
478 2915 545 2969 illud
575 2915 678 2986 duplici
704 2917 752 2969 ria
782 2915 858 2986 (quia
887 2915 938 2969 sulii
968 2916 1027 2985 ipse
1058 2933 1111 2969 non
1133 2914 1282 2984 satisfecit)
1312 2917 1340 2972 in
1371 2917 1484 2972 formam

123 3011 226 3050 snumm
246 2992 450 3067 hypothesium
465 2995 661 3058 'transtulerim
694 3013 723 3049 se
745 2997 833 3066 ipsum
853 3003 948 3050 tamen
975 2995 1141 3058 condiderit,
1173 2997 1236 3065 plus
1267 2997 1369 3068 aliquid
1401 3013 1485 3066 prae·

123 3081 194 3129 stam
232 3073 301 3146 (per
331 3091 396 3129 snos
426 3082 516 3130 motus
550 3076 776 3148 triangulationis
812 3075 930 3146 alicujus
966 3070 1103 3146 aemulos)
1135 3091 1217 3145 quam
1252 3093 1289 3130 ex
1323 3077 1484 3132 Ptolemaeo

123 3155 169 3218 sibi
195 3163 387 3227 proposuerat
415 3155 633 3226 exprimendum:
665 3156 691 3211 id
718 3163 807 3210 toturn
833 3173 884 3209 nee
905 3157 974 3210 adeo
1000 3156 1183 3210 necessarium
1208 3163 1253 3210 est
1272 3157 1324 3211 hoc
1351 3158 1412 3212 loeo
1434 3173 1484 3211 ex·

122 3235 225 3304 plicari,
259 3253 324 3291 ιιιιιιι
351 3235 388 3290 ιίι
412 3237 446 3290 ds
475 3236 647 3306 opinionibus
668 3236 818 3300 bominum,
847 3254 901 3292 nou
922 3238 956 3289 de
975 3236 1095 3291 veritate
1116 3253 1220 3299 rerum
1250 3243 1281 3290 et
1300 3237 1323 3291 si
1345 3238 1408 3308 quid
1428 3239 1482 3292 uti-

123 3315 182 3370 liter
201 3316 256 3372 dioi
278 3321 391 3386 potest,
422 3315 525 3370 rectius
547 3317 678 3372 aliorsum
698 3316 831 3386 rejicitur.
874 3317 905 3371 ln
926 3333 956 3372 re
977 3317 1058 3380 enim,
1080 3316 1132 3371 boc
1152 3323 1209 3382 eat,
1239 3319 1310 3387 qnod
1329 3318 1482 3373 Mercurius

124 3395 187 3450 lacit
206 3413 351 3452 enormem
381 3397 615 3452 eccentrieitatem
642 3397 736 3452 circuli
757 3396 800 3452 sui
829 3413 847 3450 a
867 3396 945 3462 Sole,
977 3414 1056 3468 quem
1077 3397 1208 3452 οίιοιιιιιιιι
1227 3398 1404 3454 Ptolemaeus
1425 3400 1482 3470 epi·

123 3477 236 3546 cyclum,
261 3493 319 3550 ego
343 3475 524 3532 eccentricum
545 3477 617 3541 dico,
640 3479 765 3549 quodque
785 3477 813 3532 in
835 3476 883 3531 illo
905 3476 990 3534 eriam
1010 3477 1161 3532 eecentrico
1183 3484 1308 3532 moretur
1327 3478 1481 3551 inaequali·

123 3565 168 3621 ter,
189 3560 224 3612 ad
246 3556 456 3628 proportionem
478 3557 701 3612 eccentricitatis.
742 3559 788 3612 Ex
808 3557 852 3610 his
873 3555 1014 3627 principiis
1036 3563 1066 3610 et
1086 3575 1122 3611 ex
1142 3557 1348 3613 eecentricitote
1363 3559 1482 3614 Telluris

123 3639 249 3706 quomodo
282 3637 407 3690 conflata
436 3637 473 3690 sit
501 3637 653 3706 phantasia
674 3637 724 3692 illa
744 3636 860 3707 duplicis
890 3637 919 3691 in
939 3636 1076 3691 Mercurio
1105 3635 1245 3708 perigaei,
1278 3644 1307 3693 et
1332 3639 1371 3693 sic
1391 3645 1481 3693 molus

123 3718 195 3786 quasi
216 3715 419 3789 tritngularin:
450 3717 478 3770 id
498 3717 685 3787 explicabitur
705 3717 732 3770 in
753 3715 988 3770 demonstratione
1009 3723 1131 3770 motuum
1151 3715 1295 3781 Mercurii;
1327 3737 1377 3772 nec
1397 3719 1481 3789 plone

122 3805 263 3866 praetereo
288 3812 424 3850 summam
443 3797 485 3850 rei
506 3797 534 3850 in
554 3797 630 3867 Epit.
651 3801 727 3852 Astr.
750 3797 797 3851 lib.
819 3797 866 3850 Vl.
908 3795 1017 3850 Sufficit
1036 3797 1089 3850 hoo
1108 3797 1169 3849 loeo
1190 3796 1258 3849 illud
1279 3813 1401 3862 monere,
1427 3815 1481 3852 non

125 3893 180 3930 esse
208 3877 297 3948 hnjua
331 3874 539 3946 singularitatis
558 3877 732 3932 Mercurialis
754 3893 866 3932 causam
888 3874 1009 3946 aliquam
1041 3875 1249 3946 archetypicnm
1280 3895 1317 3932 ex
1339 3881 1479 3944 octaedro,

123 3973 203 4027 eoque
223 3959 333 4012 falsam
352 3956 436 4026 hujus
457 3957 556 4028 cepitis
577 3957 761 4027 hypothesin:
787 3955 1015 4025 jucundissimam
1044 3963 1137 4010 tamen
1158 3957 1376 4012 recordationem
1397 3957 1480 4026 hujus

122 4036 338 4106 epichirematis,
369 4043 403 4091 ut
421 4044 572 4107 appareat,
599 4038 697 4110 quibus
716 4037 895 4110 ignorantiae
915 4036 1050 4110 gradibus
1073 4037 1107 4092 ad
1130 4038 1315 4092 astrenomiae
1336 4038 1480 4092 seientiam

123 4123 149 4170 et
166 4115 398 4174 comtitutionenr
419 4117 595 4172 ascenderim.

194 4195 225 4264 b)
247 4199 349 4269 Neque
370 4197 425 4252 boo
444 4197 617 4269 undiquaque
638 4197 678 4251 sic
697 4197 810 4250 babet:'
830 4196 942 4251 Saturni
963 4196 1070 4267 quidem
1090 4212 1160 4251 rera
1179 4196 1371 4251 ecceutricitna
1393 4195 1481 4266 major

123 4283 161 4330 eat
178 4278 298 4344 Joriali,
320 4275 400 4331 Joris
420 4293 485 4330 rero
505 4279 592 4332 multo
612 4278 700 4333 minor
719 4275 844 4331 Martiali
864 4276 995 4331 inferiori.

194 4355 220 4424 e)
238 4359 334 4413 Nemo
366 4355 476 4420 extitit,
507 4357 552 4428 qui
573 4363 729 4430 quaereret.
772 4355 904 4418 Quaerite
935 4365 964 4410 et
993 4355 1148 4410 invenietis.
1192 4355 1335 4419 Quaesivi,
1367 4363 1396 4408 et
1416 4371 1479 4406 eece

88 4471 92 4482 ι
123 4435 216 4504 inveni,
237 4438 288 4492 lib.
312 4437 348 4491 V.
370 4435 608 4502 normannorum,
631 4453 729 4492 musas
749 4436 1015 4506 praestantissimas.
1057 4437 1135 4490 Adeo
1157 4437 1258 4489 bouum
1279 4441 1308 4489 et
1326 4435 1408 4488 lidum
1428 4433 1480 4484 hoc

124 4533 195 4572 omen
218 4516 292 4572 fuit:
322 4517 399 4572 Nou
421 4517 619 4586 desperare:
647 4519 717 4571 adeo
737 4515 846 4586 pollens
868 4523 898 4570 et
917 4531 1078 4587 praegnans
1100 4515 1212 4570 aerioma
1237 4515 1282 4568 hio
1302 4517 1478 4581 usurpatum:

124 4595 217 4652 lt'ibil
238 4615 257 4652 a
277 4597 357 4652 Deo
379 4601 511 4651 temere
531 4596 770 4654 constitutum.

715 4825 887 4840 μ
