3586 5518
707 235 906 304 coes-11-
1427 240 1489 310 ise

123 394 183 466 qaia
201 394 364 466 praecessit
379 403 532 470 conceptus
542 395 618 452 illius
632 397 747 464 numeri,
770 401 818 454 sed
837 399 900 456 ideo
919 399 1045 473 seqnitur
1062 407 1212 472 conceptus
1232 402 1347 468 umeri,
1367 405 1434 476 quis
1446 421 1492 462 rea

121 475 303 546 geometricae
322 476 439 532 habent
457 475 532 532 illam
551 477 784 548 multiplicitatem
803 478 831 533 in
845 497 884 544 se,
908 479 1062 536 existentes
1082 482 1162 552 ipsae
1176 499 1305 537 numerus
1319 491 1490 540 numeratus.

191 554 226 622 b)
245 555 323 610 Ecce
348 556 530 612 manifestam
553 557 815 622 hallucinationem
837 566 900 614 octo
921 577 976 614 uon
999 568 1124 632 estpars
1138 562 1328 634 sexagenarii,
1351 567 1400 618 sed
1418 567 1490 620 hene

120 651 177 704 pars
197 641 242 690 est
262 636 379 692 numeri
405 637 479 704 120,
501 637 546 710 qui
567 644 611 692 est
631 637 674 692 bis
697 639 744 693 60.

734 873 754 880 .-
762 873 905 882 ...ι-αι...-

699 1069 819 1168 Caput
844 1069 914 1144 XI.
1000 1148 1006 1152 ,

448 1225 505 1290 De
520 1226 584 1290 ntur
602 1245 784 1316 comosum,
802 1236 832 1294 et
849 1229 1124 1322 commeantem.
1141 1233 1168 1306 ⁸)

198 1365 346 1430 Infestos
370 1367 405 1430 in
428 1367 476 1430 his
503 1369 653 1450 capitibus
682 1369 799 1432 habebo
827 1369 984 1451 physicos,
1017 1379 1194 1452 propterea,
1228 1373 1305 1452 quod
1334 1373 1489 1437 naturales

116 1454 307 1534 planetarum
331 1457 539 1537 proprietates
565 1476 603 1520 ex
627 1458 716 1521 rebus
739 1459 988 1522 immaterialibus
1012 1461 1165 1542 attigeris
1183 1461 1407 1524 mathematicis
1431 1463 1487 1526 de-

117 1543 195 1618 duxi,
218 1563 313 1623 porro
339 1564 415 1608 vero
440 1547 532 1609 etiam
555 1563 592 1608 er
616 1549 697 1608 nnda
719 1539 935 1627 imaginatione
955 1549 1123 1612 sectionum
1147 1550 1331 1630 quarundam
1356 1551 1487 1630 origines

117 1632 296 1696 cuculorum
321 1635 511 1714 investigare
534 1637 671 1700 audeam.
719 1635 775 1699 His
798 1637 904 1717 paucis
931 1655 1108 1718 responsum
1136 1637 1225 1700 volo:
1254 1638 1333 1718 qnod
1357 1637 1487 1702 Creator

117 1721 219 1791 Deus,
248 1741 319 1785 cum
342 1742 430 1785 mens
454 1723 496 1786 sit
523 1732 569 1800 et,
587 1743 663 1804 quae
693 1725 759 1787 vult
787 1725 900 1800 facist,
930 1745 987 1787 non
1012 1725 1224 1806 prohibeatur,
1254 1745 1312 1808 quo
1336 1728 1433 1791 miens
1457 1727 1487 1790 in

118 1809 264 1890 aptandis
288 1811 406 1874 viribus
430 1819 462 1874 et
486 1813 681 1893 designandis
706 1813 826 1877 circulis
853 1815 892 1876 sd
919 1833 968 1877 res
991 1815 1041 1877 vel
1063 1815 1128 1877 sine
1152 1815 1280 1878 materia
1302 1817 1350 1878 uel
1374 1816 1487 1897 imagi-

117 1900 242 1961 natione
266 1908 447 1964 constantes
472 1901 624 1982 respiciat.
670 1901 713 1964 Et
736 1909 802 1965 cum
826 1901 899 1965 nihil
923 1904 999 1966 velit
1020 1903 1087 1979 ille,
1116 1903 1174 1966 nisi
1202 1923 1319 1967 summa
1345 1924 1411 1968 cum
1433 1925 1485 1968 ra-

118 1988 220 2063 tione,
253 1987 390 2070 nihilque
413 1998 536 2074 praeter
560 1991 626 2070 ejus
655 1991 844 2053 voluntatem
871 1991 1024 2066 extiterit,
1058 1993 1161 2058 dicant
1188 1993 1281 2072 igitur
1309 1995 1491 2068 adversarii,

117 2096 272 2157 quaenam
296 2077 377 2140 aliae
400 2079 535 2142 rationes
559 2079 626 2142 Deo
650 2079 760 2143 suerint
790 2080 990 2161 optandarum
1017 2081 1125 2143 virium
1153 2089 1231 2156 etc,
1266 2099 1332 2144 cnm
1364 2090 1487 2163 praeter

118 2165 311 2246 quantitates
335 2165 409 2230 nihil
433 2169 540 2231 esset?
586 2165 674 2240 Quod
699 2169 739 2244 si,
764 2169 834 2232 dnm
856 2167 929 2231 nihil
953 2169 1121 2246 inveniunt,
1147 2171 1186 2232 ad
1208 2171 1486 2254 imperscrutabiles

118 2253 308 2318 Conditriois
332 2255 511 2336 Sapientiae
534 2257 613 2319 vires
637 2257 830 2337 confugiant:
861 2257 995 2320 habeant
1023 2259 1080 2321 sibi
1109 2279 1183 2322 eane
1211 2259 1290 2322 hanc
1317 2259 1486 2340 inquirendi

118 2344 379 2424 temperantiam,
413 2345 525 2427 illaque
549 2365 615 2410 oum
638 2345 763 2427 pietatis
788 2345 927 2427 opinione
958 2347 1112 2423 truantur,
1147 2367 1202 2410 nos
1235 2367 1306 2410 vero
1333 2351 1491 2429 patiantur

120 2451 235 2495 causas
259 2452 299 2495 ex
322 2434 543 2513 quantitatibus
567 2434 747 2498 verisimiles
770 2435 910 2506 reddere,
942 2435 1100 2500 dummodo
1129 2436 1202 2499 nihil
1225 2437 1380 2518 indiguum
1402 2445 1489 2500 tanto

120 2519 260 2584 dicamus
284 2520 411 2603 Opitiee.
427 2522 456 2598 l)
505 2524 599 2588 Nulla
622 2523 713 2604 igitur
735 2524 855 2588 vinctus
878 2523 1022 2606 religione
1045 2544 1137 2606 pergo
1161 2527 1201 2588 ad
1223 2525 1490 2606 investigationem

120 2609 251 2674 zodiaci.
1271 2603 1280 2622 ¹
1592 2621 1594 2627 ’

212 2700 261 2760 Ac
285 2697 373 2761 initio
399 2697 538 2762 existimo
562 2699 801 2762 verisimiliorem
821 2718 978 2781 corporum
1001 2700 1091 2764 situm
1116 2701 1281 2782 excogitari
1305 2721 1363 2764 non
1386 2720 1487 2782 posse,

121 2807 214 2870 quam
237 2807 306 2850 cum
330 2787 434 2857 cubus,
460 2789 592 2851 maxima
615 2789 787 2868 figurarum,
812 2790 965 2851 inseratur
984 2790 1048 2852 orbi
1068 2791 1342 2871 quomodocunque,
1366 2809 1435 2852 nam
1458 2791 1488 2852 in

121 2875 236 2940 circulo
250 2877 365 2939 nullum
381 2885 431 2939 est
444 2878 569 2941 initium.
601 2872 733 2958 Oportet
747 2886 847 2940 autern
871 2877 1018 2963 principia
1035 2877 1100 2940 eine
1119 2880 1234 2942 ratione
1249 2877 1444 2953 constituero,
1461 2879 1487 2952 ⁰)

121 2985 161 3026 ne
183 2965 319 3028 infinitus
343 2965 398 3027 liat
421 2964 633 3046 regressus,‘)
662 2973 694 3032 st
716 2973 751 3028 ut
774 2967 936 3048 aliqnando
958 2967 1120 3030 transitum
1143 2967 1309 3030 habeamus
1324 2971 1351 3038 ⁸)
1376 2966 1414 3029 ab
1437 2966 1486 3028 in-

121 3053 211 3115 linita
233 3053 372 3135 potentia
396 3055 434 3118 ad
457 3055 573 3118 linitum
595 3063 706 3117 actum.
753 3053 823 3118 Jarh
854 3053 946 3136 igitar
976 3074 1037 3143 una
1068 3055 1210 3120 facierum
1243 3063 1486 3135 censeatur-pro

122 3143 201 3206 basi.
253 3141 391 3224 Pyramia
415 3144 507 3226 igitur
530 3143 689 3206 inserenda
713 3143 788 3206 cubo
812 3143 968 3206 mediante
987 3143 1059 3206 orbe
1082 3143 1171 3207 Jovio
1195 3143 1286 3207 debet
1308 3143 1396 3206 basin
1420 3141 1487 3206 basi

122 3231 192 3295 cubi
215 3233 408 3310 παραλληλω
429 3241 534 3296 tenere
548 3231 588 3307 f):
619 3239 651 3294 et
680 3232 890 3296 dodecaedron
912 3233 1077 3315 pyramidis
1101 3233 1218 3307 borist)
1264 3232 1365 3296 Aliter
1389 3233 1505 3296 lerunt.

122 3320 371 3400 secundariorum
393 3321 613 3403 proprietates,
642 3328 676 3384 ut
698 3321 838 3385 vidimus.
884 3321 1068 3402 Erigeudum
1092 3323 1185 3404 igitur
1206 3321 1385 3384 ieosatdron
1407 3321 1489 3382 intra

122 3409 351 3484 dodecatidrou,
384 3411 429 3472 ita
455 3420 490 3474 ut
513 3409 670 3490 diagonios
694 3409 775 3473 illius
802 3409 856 3472 fiat
878 3410 997 3492 utrique
1020 3413 1228 3494 oppositarum
1250 3411 1368 3473 basium
1391 3410 1487 3474 dode-

122 3498 227 3560 eaedri
250 3498 508 3580 perpendicularis
532 3499 562 3560 in
586 3499 707 3560 centris.
743 3498 859 3560 Eodem
873 3506 964 3578 pacto
979 3501 1220 3580 suspendendum
1243 3499 1302 3562 erit
1324 3499 1487 3561 octaedrcn

122 3587 248 3649 minima
269 3587 431 3667 figurarum
454 3588 535 3651 intra
557 3587 744 3660 icosatdron,
770 3587 815 3649 ita
837 3594 871 3649 ut
894 3595 964 3650 acts
989 3598 1076 3652 recta
1095 3589 1199 3651 veniat
1223 3588 1257 3663 1)
1280 3605 1335 3667 per
1352 3593 1488 3648 centrum

122 3675 207 3738 basis
235 3675 267 3737 in
297 3675 391 3751 cubo,
424 3673 461 3751 2)
485 3694 539 3758 per
567 3683 702 3739 centrum
734 3675 818 3738 basis
852 3677 1067 3752 tetrattdricae,
1102 3675 1138 3752 3)
1161 3697 1216 3757 per
1238 3683 1374 3738 centrum
1397 3675 1487 3756 qnin-

123 3763 268 3846 qnanguli
293 3764 520 3841 dodecatdrici,
544 3761 580 3840 4)
604 3783 659 3846 per
681 3766 823 3846 angulum
845 3763 1012 3836 icossbdri,
1038 3765 1074 3841 5)
1098 3783 1153 3846 per
1176 3765 1317 3846 angulum
1341 3763 1487 3840 octaedri,

124 3849 159 3927 6)
182 3871 238 3934 per
263 3859 401 3915 centrum
423 3853 523 3916 mundi
552 3862 583 3916 et
605 3871 713 3933 corpus
738 3851 860 3929 Solate,
892 3862 923 3918 et
950 3872 1038 3935 porro
1062 3855 1211 3916 similibus
1235 3852 1409 3917 interstitiis
1434 3871 1488 3934 per

123 3943 281 4024 oppositos
313 3940 349 4016 7)
373 3943 523 4018 octetdri,
548 3941 584 4018 8)
608 3940 758 4005 icosasdri
782 3943 918 4022 angulos,
943 3941 980 4016 9)
1000 3943 1210 4007 dodecsddrici
1233 3942 1316 4022 plani
1340 3949 1487 4014 centmm,

122 4029 181 4106 10)
205 4029 358 4094 tetraedri
386 4032 547 4112 angulum,
585 4029 637 4106 11)
666 4030 764 4093 cubici
791 4031 874 4111 plani
902 4040 1047 4096 centrum.
1062 4029 1091 4106 ¹¹)
1137 4031 1263 4111 Majoris
1291 4029 1366 4094 lueis
1395 4049 1489 4092 causa

125 4121 225 4200 relego
249 4129 281 4182 ts
305 4120 346 4182 ad
375 4120 536 4195 tabellam,
568 4120 619 4184 ubi
642 4119 743 4182 omnia
767 4138 893 4202 corpora
921 4121 960 4182 ad
987 4121 1066 4184 hunc
1096 4121 1215 4184 modum
1239 4138 1384 4201 expressa
1407 4125 1487 4180 snut
1568 4187 1572 4194 ,

125 4207 241 4280 &mus
264 4210 313 4272 ita
335 4208 510 4272 constitutis
534 4227 592 4271 non
615 4215 732 4270 tantum
755 4227 906 4289 apparens
929 4209 960 4270 in
986 4209 1130 4272 octaedro
1155 4209 1349 4290 quadratum,
1372 4225 1487 4286 aequa-

125 4297 192 4360 liter
213 4319 235 4360 s
257 4296 351 4360 dictis
375 4297 491 4359 dnobus
522 4295 640 4376 angulis
671 4305 837 4370 remotum,
871 4299 897 4362 si
927 4299 1109 4379 producatur
1138 4297 1349 4371 circumcirca,
1383 4312 1487 4358 omnes

126 4387 232 4466 figuras
256 4395 354 4468 atque
378 4386 455 4447 adeo
479 4393 575 4447 totum
598 4385 738 4448 mundum
762 4385 791 4447 in
815 4385 887 4448 bina
909 4387 1027 4450 dividet
1048 4387 1201 4467 aequalia,
1225 4387 1279 4448 sed
1303 4386 1394 4446 etiam
1417 4400 1486 4442 em-

127 4475 200 4538 nr'um
234 4475 386 4548 laterum,
425 4467 509 4554 qnse'
535 4471 601 4553 quis
633 4473 712 4535 inter
744 4475 842 4536 dictos
875 4477 1001 4556 angulos
1033 4481 1066 4538 et
1096 4483 1202 4537 centra
1232 4473 1333 4537 media
1362 4485 1486 4531 censere

126 4565 271 4646 potsstl)
296 4561 548 4645 eorumlinqnam
572 4562 701 4624 omnium
724 4562 749 4624 si
774 4563 954 4643 regulariter
975 4570 1126 4644 ponantur
1149 4564 1299 4626 sectiones
1314 4563 1444 4627 mutuae,
1456 4551 1486 4630 ι)

126 4671 195 4734 quae
217 4649 425 4738 prospicienti
450 4670 488 4712 ex
511 4657 614 4713 centro
637 4660 794 4732 apparent,
818 4661 979 4716 versantur
993 4652 1022 4714 in
1037 4652 1142 4713 eodem
1158 4647 1297 4732 quadrati
1321 4639 1487 4704 octaedrici

123 4743 297 4808 continuato
322 4741 431 4822 plano.
471 4738 562 4820 ldque
585 4740 744 4822 praecipue
768 4739 799 4803 iu
821 4741 995 4828 multifaciis
1018 4748 1052 4802 ut
1075 4738 1211 4818 cognatis
1233 4736 1368 4814 apparet.
1404 4725 1487 4792 Nam
