3698 5516
307 255 373 322 270
851 255 974 320 sponna
992 253 1115 318 mutan

306 417 354 480 Ex
382 415 429 478 his
453 423 580 495 apparet
602 411 722 476 occasio
746 413 889 492 genuina,
920 429 996 492 quaa
1019 411 1183 492 Apollonio
1212 411 1288 474 hanc
1313 411 1507 474 assumtionis
1541 411 1671 472 tonnam

308 503 559 585 suppeditaverit.
606 503 684 564 Nam
713 501 791 582 quod
816 520 972 566 accessum
997 507 1029 562 et
1050 519 1202 563 recessum
1233 501 1424 579 planetarum
1452 499 1491 562 ad
1514 517 1571 562 uos
1598 517 1673 578 pro·

307 593 508 674 portionalem
530 591 718 653 conversioni
743 589 826 652 Solis
851 590 970 663 attinet,
996 589 1121 651 eundem
1146 590 1238 650 etiam
1257 589 1463 651 ptolemaicae
1485 575 1674 672 hypotheses

308 682 462 744 exhibent.
508 681 614 760 Itaque
640 679 737 741 adhuc
761 678 834 742 nihil
858 686 915 750 est,
940 696 998 758 quo
1022 697 1090 740 sese
1105 687 1226 740 tueatur
1240 677 1337 740 Ursus
1361 677 1556 758 obtineatque
1571 675 1674 756 Apol·

308 771 418 832 lonium
429 788 496 830 esse
511 771 695 830 inversarum
710 767 1016 854 Aristarchianarum,
1033 785 1167 847 quaeque
1183 767 1316 849 Tychoni
1335 767 1490 841 debentur,
1506 773 1673 828 auctorem.

396 859 452 920 His
476 858 554 920 adde
578 867 610 918 et
634 857 704 928 hoc,
735 856 814 936 quod
837 875 903 918 oum
926 856 1128 934 inaequalitas
1153 855 1208 918 illa
1230 867 1344 930 motus,
1376 873 1466 935 qnam
1491 855 1675 934 Apollonius

308 967 406 1010 asua
427 946 684 1010 demonstratione
718 945 883 1025 sejunctam
915 964 983 1006 esse
1006 944 1115 1018 voluit,
1151 945 1263 1024 negligi
1289 951 1433 1024 nequeat,
1467 944 1571 1024 itaque
1595 961 1675 1022 apo-

309 1056 418 1116 gaeum
451 1044 483 1097 et
514 1035 686 1116 perigasum
719 1033 749 1095 in
782 1034 861 1095 linea
889 1034 964 1104 HN,
998 1032 1051 1095 OE
1085 1033 1130 1106 (iu
1164 1035 1275 1096 schem.
1311 1034 1429 1114 quinto)
1463 1045 1585 1112 semper
1617 1032 1676 1093 sibi

311 1127 370 1206 ipsi
391 1125 540 1206 parallela
564 1123 706 1184 constitui
731 1123 855 1196 debeat,
880 1143 918 1184 ex
941 1141 977 1184 eo
1001 1122 1114 1196 evenit,
1149 1131 1183 1184 ut
1205 1121 1262 1186 ΑΕ
1286 1122 1414 1202 apogsei
1438 1121 1549 1184 lineam
1573 1121 1676 1183 dicere

306 1215 371 1295 jam
394 1232 482 1294 porro
506 1231 563 1276 nou
588 1211 736 1290 possimus
759 1219 885 1291 totaque
909 1212 1135 1273 nomenclatura
1159 1211 1310 1291 Tychouis
1335 1211 1455 1272 differat
1478 1210 1516 1272 ab
1541 1209 1675 1292 Apollo·

312 1304 370 1366 uio.
417 1301 520 1374 Quare
545 1320 640 1380 neque
664 1309 777 1362 motum
799 1301 942 1380 planetae
966 1302 995 1362 iu
1018 1299 1233 1378 praecedentia
1257 1300 1320 1362 fieri
1343 1300 1454 1363 statuit
1476 1317 1514 1360 ex
1537 1301 1567 1360 A
1592 1298 1622 1361 iu
1637 1299 1677 1370 B,

312 1394 366 1455 sed
394 1392 423 1454 iu
452 1390 669 1471 consequentia
695 1407 733 1450 ex
757 1387 783 1451 Ο
807 1390 836 1451 in
860 1389 886 1450 B
915 1398 1021 1451 contra
1049 1407 1138 1468 quarn
1161 1389 1351 1467 Apollonius.
1401 1389 1435 1450 lu
1464 1396 1554 1448 tauta
1577 1405 1679 1448 rerum

312 1481 562 1560 terminorumque
586 1478 764 1543 diversitate
789 1479 902 1540 frustra
926 1479 1046 1540 laborat
1069 1477 1166 1540 Ursus
1190 1479 1378 1540 abstractam
1401 1497 1421 1538 a
1443 1477 1586 1558 Tychoua
1612 1476 1678 1538 for·

312 1589 390 1632 mam
413 1568 625 1651 hypothesium
648 1568 687 1628 ad
709 1568 903 1646 Apollonium
927 1566 1054 1629 deferre.

894 2131 1015 2230 Caput
1041 2071 1106 2204 iV.

312 2291 385 2354 Non
418 2298 543 2355 enatare
573 2288 668 2354 allidi
698 2290 883 2353 mentionem
919 2289 1151 2372 hypothesium,
1190 2309 1271 2372 quaa
1303 2289 1411 2374 tycho
1451 2291 1515 2353 otti
1553 2293 1679 2365 assem,

765 2379 868 2442 Ursas
890 2377 1060 2460 Apollonio
1084 2380 1222 2462 assistit.

400 2537 512 2600 Nescio
545 2555 602 2617 quo
636 2537 746 2599 affectu
775 2537 948 2600 stimulante
980 2537 1010 2598 id
1042 2557 1132 2600 uuum
1162 2538 1226 2616 agit
1253 2537 1365 2612 Ursus,
1399 2543 1434 2600 ut
1456 2536 1610 2618 Tychouis
1643 2537 1680 2598 de

312 2629 420 2690 mundo
454 2627 665 2706 conceptiones
691 2627 866 2707 antiquitati
890 2635 1029 2701 asserat,
1060 2625 1252 2688 manifestam
1286 2625 1406 2688 veritati
1441 2625 1502 2686 vim
1536 2625 1679 2688 afferens.

312 2717 445 2780 Primum
473 2735 511 2776 ex
534 2716 687 2777 veteribus
715 2715 745 2777 in
774 2716 870 2778 aciem
894 2734 985 2795 supra
1012 2717 1197 2794 produxerat
1221 2713 1423 2794 Apollonium.
1471 2711 1506 2776 Si
1537 2715 1593 2776 hoc
1623 2715 1680 2776 de·

315 2806 494 2867 tendandum
518 2805 720 2883 suscepisset,
752 2805 964 2884 cognationem
990 2804 1138 2883 quandam
1162 2803 1347 2868 intercedere
1370 2801 1577 2882 Apolloniauo
1604 2821 1680 2882 pro-

313 2893 437 2958 blemati
453 2912 519 2955 curn
534 2893 682 2977 Tychouis
699 2895 930 2976 hypothesibus,
956 2900 1079 2972 poterat
1100 2893 1223 2954 tolerari
1245 2893 1366 2972 partim,
1393 2893 1424 2954 iu
1448 2893 1559 2956 ceteris
1584 2911 1680 2954 exorr-

314 2985 385 3046 sari.
433 2984 519 3045 Nunc
548 2983 617 3062 quia
645 2984 733 3062 plane
763 2990 920 3062 utrumque
953 2989 1117 3061 exaequat,
1153 2981 1294 3061 apparuit
1325 2981 1461 3060 proximo
1491 2981 1592 3060 capite
1627 2999 1680 3042 eos

314 3092 371 3136 non
400 3074 488 3152 plene
511 3071 590 3134 Urso
623 3071 715 3134 fuisse
749 3071 906 3150 cognitos,
941 3070 1060 3131 minime
1091 3089 1161 3132 vero
1189 3071 1236 3133 vel
1268 3069 1378 3132 lectum
1415 3070 1463 3132 vel
1491 3069 1681 3132 intellectum

314 3161 469 3242 Apollonii
492 3159 655 3240 problema.
702 3157 853 3240 Cognatio
878 3167 979 3221 autem
1003 3159 1056 3220 illa
1080 3159 1291 3240 hypothesium
1314 3159 1464 3239 Tychouis
1488 3177 1556 3222 curu
1575 3159 1679 3237 Apol-

315 3249 385 3313 lonii
415 3249 617 3330 problemate,
651 3267 739 3329 qnam
772 3257 803 3310 et
832 3267 924 3328 supra
953 3247 1157 3310 demonstravi
1192 3257 1222 3310 et
1246 3249 1312 3327 jam
1335 3247 1459 3310 concedi
1489 3265 1580 3327 posse
1604 3246 1679 3321 dixi,

310 3340 374 3418 jam
398 3337 517 3420 quidem
540 3338 678 3413 cernitur,
703 3345 863 3418 postquam
878 3336 981 3418 Tycho
1005 3356 1089 3398 suam
1113 3337 1213 3400 muudi
1238 3338 1363 3398 tonnam
1385 3335 1601 3398 diversissimis
1628 3337 1677 3398 iu-

316 3429 422 3488 ductus
446 3427 629 3506 argumentis
654 3435 684 3488 et
699 3427 856 3488 constituit
870 3433 906 3486 et
922 3425 1066 3506 prodidit.
1113 3426 1238 3506 Absque
1256 3425 1312 3487 hoc
1327 3433 1419 3502 esset,
1444 3425 1525 3488 haud
1540 3425 1680 3506 equidem

316 3516 389 3589 scio,
413 3535 451 3576 au
476 3515 631 3596 quisquam
661 3517 737 3577 adeo
762 3515 842 3577 felici
871 3515 987 3576 iuturus
1013 3513 1120 3576 luisset
1142 3515 1276 3594 iugenio,
1312 3522 1346 3576 ut
1377 3533 1415 3575 ex
1433 3513 1499 3576 solo
1522 3513 1679 3593 Apollonii

208 3651 211 3656 -
315 3605 502 3686 problemate
517 3605 654 3684 iuspecto
669 3605 698 3666 in
715 3603 864 3686 Tychouis
888 3603 1091 3682 cogitationes
1106 3603 1238 3664 incidere
1253 3603 1423 3685 potuisset3
1448 3603 1524 3664 adeo
1547 3604 1680 3665 obscura

318 3704 366 3756 est
381 3694 464 3772 haee
488 3693 629 3773 coguatio
653 3713 819 3774 coecusque
842 3692 998 3756 transitus.

405 3783 493 3844 Alter
523 3801 562 3844 ex
590 3783 741 3844 veteribus
765 3782 898 3864 Tychoni
927 3781 965 3842 ab
988 3781 1067 3844 Urso
1096 3779 1400 3859 tanquamaemulus
1430 3781 1467 3841 ob
1492 3779 1596 3842 oculos
1622 3781 1680 3842 ad-

318 3871 435 3933 ducitur
457 3869 667 3932 Martianus
693 3869 861 3950 Capella,
881 3865 923 3944 1“)
951 3870 981 3932 iu
1007 3888 1064 3950 quo
1088 3869 1181 3930 multo
1203 3868 1300 3942 adhuc
1324 3867 1503 3932 imbecillius
1527 3878 1593 3933 stat
1616 3869 1680 3934 Ur-

318 3979 369 4021 sus
400 3978 488 4039 quam
518 3958 548 4020 in
571 3959 743 4040 Apollonio.
789 3959 911 4022 Etenim
936 3959 960 4020 is
985 3968 1104 4032 auctor,
1138 3976 1205 4018 cum
1232 3959 1390 4020 honestam
1419 3977 1435 4019 e
1460 3957 1557 4020 literis
1587 3959 1681 4022 animi

317 4049 533 4110 recreationem
557 4057 676 4130 peteret
699 4049 760 4122 (vir
784 4047 863 4110 enim
890 4047 1030 4128 politicus
1054 4056 1121 4108 erat
1150 4055 1182 4108 st
1204 4065 1328 4126 praeses
1352 4048 1507 4122 Africae),
1538 4049 1680 4128 politicen

317 4137 567 4218 encyclopaediae
592 4139 771 4218 conjungere
796 4137 920 4212 statuit,
952 4136 1112 4216 fabulaque
1136 4135 1324 4216 pereleganti
1354 4136 1481 4198 conficta
1504 4137 1542 4198 de
1566 4137 1681 4217 nuptiis

281 4239 286 4250 ·
318 4224 460 4288 Mercurii
483 4233 515 4287 et
534 4225 730 4306 Philologiae,
756 4246 822 4288 cum
846 4225 1067 4306 philosophiam
1082 4224 1270 4288 Platonicam
1294 4230 1358 4286 tum
1380 4225 1410 4286 iu
1434 4225 1534 4307 specie
1561 4235 1680 4307 septem

319 4322 407 4378 artes·
427 4316 476 4387 (ut
498 4315 702 4397 appellamus)
729 4314 870 4377 liberales
893 4314 950 4376 ita*
961 4313 1065 4395 tetigit
1088 4321 1120 4374 et
1141 4314 1296 4392 percurrit,
1322 4323 1356 4376 ut
1378 4333 1436 4376 nou
1451 4322 1570 4376 tautum
1593 4335 1679 4378 sum-

317 4423 397 4470 mam
428 4403 572 4484 cujusque
603 4404 778 4468 brevissime
812 4412 989 4484 exponeret,
1024 4403 1078 4465 sed
1111 4403 1201 4464 etiam
1226 4402 1368 4482 quidquid
1395 4403 1425 4464 in
1454 4403 1582 4482 siugulis
1612 4393 1680 4484 ipse

199 4496 216 4528 ‘'
318 4491 563 4574 deprehendebat
586 4492 712 4572 insigne,
737 4493 918 4568 abstrusum,
942 4491 1163 4567 admirandum,
1188 4499 1241 4555 aut
1263 4491 1327 4554 tale
1354 4491 1434 4573 quod
1457 4491 1556 4574 ipsum
1579 4494 1678 4575 potis-

318 4583 423 4646 timum
447 4580 611 4654 alliciebat,
635 4581 665 4643 id
690 4600 756 4644 curn
781 4580 940 4660 diligentia
954 4581 1185 4660 cincinnatoque
1206 4579 1286 4662 stylo
1300 4581 1494 4644 inculcaret·
1525 4582 1560 4644 In
1576 4591 1677 4646 astro-

318 4673 419 4735 nomia
440 4669 644 4743 Macrobium,
668 4669 799 4734 Plinium
823 4676 854 4732 et
877 4669 1050 4732 Vitruvium
1072 4669 1264 4748 potissimum
1287 4679 1408 4734 secutus
1431 4677 1497 4744 est,
1521 4669 1678 4736 Romarm

319 4759 446 4823 Latinos
470 4759 634 4842 scriptores
662 4760 752 4842 idque
776 4757 868 4834 adeo,
893 4760 927 4822 ut
950 4777 987 4822 ue
1002 4758 1122 4842 quidem
1138 4757 1177 4821 ab
1191 4759 1340 4824 erroribus
1364 4777 1466 4824 eorum
1489 4757 1677 4838 discesserit,
