<?xml version="1.0" encoding="UTF-8"?>
<!DOCTYPE html PUBLIC "-//W3C//DTD XHTML 1.0 Transitional//EN"
    "http://www.w3.org/TR/xhtml1/DTD/xhtml1-transitional.dtd">
<html xmlns="http://www.w3.org/1999/xhtml" xml:lang="en" lang="en">
 <head>
  <title>
</title>
<meta http-equiv="Content-Type" content="text/html;charset=utf-8" />
  <meta name='ocr-system' content='tesseract 3.04.00' />
  <meta name='ocr-capabilities' content='ocr_page ocr_carea ocr_par ocr_line ocrx_word'/>
</head>
<body>
  <div class='ocr_page' id='page_1' title='image "./joanniskepleria22frisgoog_0053.png"; bbox 0 0 3542 5528; ppageno 0'>
   <div class='ocr_carea' id='block_1_1' title="bbox 293 269 1117 367">
    <p class='ocr_par' dir='ltr' id='par_1_1' title="bbox 293 269 1117 367">
     <span class='ocr_line' id='line_1_1' title="bbox 293 269 1117 367; baseline -0.019 0"><span class='ocrx_word' id='word_1_1' title='bbox 293 269 351 367; x_wconf 79' lang='lat' dir='ltr'><strong>cs</strong></span> <span class='ocrx_word' id='word_1_2' title='bbox 900 301 1060 354; x_wconf 62' lang='lat' dir='ltr'><strong>mesum.</strong></span> <span class='ocrx_word' id='word_1_3' title='bbox 1113 351 1117 364; x_wconf 76' lang='grc'><strong>,</strong></span> 
     </span>
    </p>
   </div>
   <div class='ocr_carea' id='block_1_2' title="bbox 305 452 1662 1310">
    <p class='ocr_par' dir='ltr' id='par_1_2' title="bbox 306 452 1655 597">
     <span class='ocr_line' id='line_1_2' title="bbox 306 452 1655 528; baseline -0.006 -15"><span class='ocrx_word' id='word_1_4' title='bbox 306 461 371 528; x_wconf 87' lang='lat' dir='ltr'><strong>qnod</strong></span> <span class='ocrx_word' id='word_1_5' title='bbox 389 461 464 512; x_wconf 75' lang='lat' dir='ltr'><strong>edam</strong></span> <span class='ocrx_word' id='word_1_6' title='bbox 482 462 561 513; x_wconf 87' lang='lat' dir='ltr'><strong>multa</strong></span> <span class='ocrx_word' id='word_1_7' title='bbox 577 464 604 513; x_wconf 86' lang='lat' dir='ltr'><strong>tn</strong></span> <span class='ocrx_word' id='word_1_8' title='bbox 621 453 679 527; x_wconf 84' lang='lat' dir='ltr'><strong>ipsis</strong></span> <span class='ocrx_word' id='word_1_9' title='bbox 696 461 826 526; x_wconf 81' lang='lat' dir='ltr'><strong>&#39;Gopernici</strong></span> <span class='ocrx_word' id='word_1_10' title='bbox 844 462 910 514; x_wconf 86' lang='lat' dir='ltr'><strong>libris</strong></span> <span class='ocrx_word' id='word_1_11' title='bbox 927 462 983 514; x_wconf 82' lang='lat' dir='ltr'><strong>loca</strong></span> <span class='ocrx_word' id='word_1_12' title='bbox 1007 463 1146 512; x_wconf 75' lang='lat' dir='ltr'><strong>obscuriora</strong></span> <span class='ocrx_word' id='word_1_13' title='bbox 1162 457 1281 510; x_wconf 73' lang='lat' dir='ltr'><strong>Rheticns</strong></span> <span class='ocrx_word' id='word_1_14' title='bbox 1298 459 1338 509; x_wconf 89' lang='lat' dir='ltr'><strong>itio</strong></span> <span class='ocrx_word' id='word_1_15' title='bbox 1357 473 1387 510; x_wconf 83' lang='lat' dir='ltr'><strong>cx</strong></span> <span class='ocrx_word' id='word_1_16' title='bbox 1404 458 1513 523; x_wconf 80' lang='lat' dir='ltr'><strong>proteres</strong></span> <span class='ocrx_word' id='word_1_17' title='bbox 1534 452 1655 519; x_wconf 76' lang='lat' dir='ltr'><strong>explicat:</strong></span> 
     </span>
     <span class='ocr_line' id='line_1_3' title="bbox 306 529 1600 597; baseline -0.007 -14"><span class='ocrx_word' id='word_1_18' title='bbox 306 534 371 583; x_wconf 84' lang='lat' dir='ltr'><strong>unde</strong></span> <span class='ocrx_word' id='word_1_19' title='bbox 388 533 453 583; x_wconf 90' lang='lat' dir='ltr'><strong>haec</strong></span> <span class='ocrx_word' id='word_1_20' title='bbox 470 531 585 583; x_wconf 80' lang='lat' dir='ltr'><strong>Narratio</strong></span> <span class='ocrx_word' id='word_1_21' title='bbox 604 539 630 584; x_wconf 90' lang='lat' dir='ltr'><strong>et</strong></span> <span class='ocrx_word' id='word_1_22' title='bbox 647 533 790 584; x_wconf 80' lang='lat' dir='ltr'><strong>Encomium</strong></span> <span class='ocrx_word' id='word_1_23' title='bbox 808 533 860 583; x_wconf 90' lang='lat' dir='ltr'><strong>loco</strong></span> <span class='ocrx_word' id='word_1_24' title='bbox 879 535 958 584; x_wconf 84' lang='lat' dir='ltr'><strong>brevis</strong></span> <span class='ocrx_word' id='word_1_25' title='bbox 975 536 1002 584; x_wconf 84' lang='lat' dir='ltr'><strong>in</strong></span> <span class='ocrx_word' id='word_1_26' title='bbox 1020 532 1180 597; x_wconf 84' lang='lat' dir='ltr'><strong>copemicum</strong></span> <span class='ocrx_word' id='word_1_27' title='bbox 1198 531 1365 581; x_wconf 86' lang='lat' dir='ltr'><strong>commentarii</strong></span> <span class='ocrx_word' id='word_1_28' title='bbox 1382 529 1469 580; x_wconf 84' lang='lat' dir='ltr'><strong>haberi</strong></span> <span class='ocrx_word' id='word_1_29' title='bbox 1485 531 1600 592; x_wconf 73' lang='lat' dir='ltr'><strong>possm</strong></span> 
     </span>
    </p>

    <p class='ocr_par' dir='ltr' id='par_1_3' title="bbox 305 597 1661 1224">
     <span class='ocr_line' id='line_1_4' title="bbox 375 597 1658 668; baseline -0.008 -14"><span class='ocrx_word' id='word_1_30' title='bbox 375 603 434 655; x_wconf 82' lang='lat' dir='ltr'><strong>Hae</strong></span> <span class='ocrx_word' id='word_1_31' title='bbox 452 618 543 656; x_wconf 86' lang='lat' dir='ltr'><strong>causae</strong></span> <span class='ocrx_word' id='word_1_32' title='bbox 562 610 619 654; x_wconf 83' lang='lat' dir='ltr'><strong>cunt</strong></span> <span class='ocrx_word' id='word_1_33' title='bbox 637 605 737 655; x_wconf 84' lang='lat' dir='ltr'><strong>additae</strong></span> <span class='ocrx_word' id='word_1_34' title='bbox 755 603 826 668; x_wconf 80' lang='lat' dir='ltr'><strong>hujus</strong></span> <span class='ocrx_word' id='word_1_35' title='bbox 844 603 1008 662; x_wconf 85' lang='lat' dir='ltr'><strong>Narrationis,-</strong></span> <span class='ocrx_word' id='word_1_36' title='bbox 1027 619 1082 655; x_wconf 89' lang='lat' dir='ltr'><strong>cum</strong></span> <span class='ocrx_word' id='word_1_37' title='bbox 1099 603 1230 652; x_wconf 84' lang='lat' dir='ltr'><strong>Borussiae</strong></span> <span class='ocrx_word' id='word_1_38' title='bbox 1249 601 1364 652; x_wconf 80' lang='lat' dir='ltr'><strong>Encomio</strong></span> <span class='ocrx_word' id='word_1_39' title='bbox 1377 600 1483 651; x_wconf 72' lang='lat' dir='ltr'><strong>menet.</strong></span> <span class='ocrx_word' id='word_1_40' title='bbox 1512 597 1553 648; x_wconf 81' lang='lat' dir='ltr'><strong>Ne</strong></span> <span class='ocrx_word' id='word_1_41' title='bbox 1572 603 1658 646; x_wconf 65' lang='lat' dir='ltr'><strong>umen</strong></span> 
     </span>
     <span class='ocr_line' id='line_1_5' title="bbox 306 669 1657 741; baseline -0.002 -16"><span class='ocrx_word' id='word_1_42' title='bbox 306 682 392 726; x_wconf 83' lang='lat' dir='ltr'><strong>nostra</strong></span> <span class='ocrx_word' id='word_1_43' title='bbox 415 690 508 740; x_wconf 89' lang='lat' dir='ltr'><strong>quoqne</strong></span> <span class='ocrx_word' id='word_1_44' title='bbox 532 690 608 740; x_wconf 84' lang='lat' dir='ltr'><strong>opera</strong></span> <span class='ocrx_word' id='word_1_45' title='bbox 631 675 704 726; x_wconf 83' lang='lat' dir='ltr'><strong>hosce</strong></span> <span class='ocrx_word' id='word_1_46' title='bbox 726 676 788 726; x_wconf 82' lang='lat' dir='ltr'><strong>fines</strong></span> <span class='ocrx_word' id='word_1_47' title='bbox 806 676 902 726; x_wconf 71' lang='lat' dir='ltr'><strong>lucilius</strong></span> <span class='ocrx_word' id='word_1_48' title='bbox 921 676 1086 741; x_wconf 83' lang='lat' dir='ltr'><strong>consequendi</strong></span> <span class='ocrx_word' id='word_1_49' title='bbox 1103 675 1213 724; x_wconf 66' lang='lat' dir='ltr'><strong>dumet:</strong></span> <span class='ocrx_word' id='word_1_50' title='bbox 1238 673 1315 722; x_wconf 85' lang='lat' dir='ltr'><strong>risum</strong></span> <span class='ocrx_word' id='word_1_51' title='bbox 1336 670 1384 722; x_wconf 86' lang='lat' dir='ltr'><strong>tuit</strong></span> <span class='ocrx_word' id='word_1_52' title='bbox 1400 679 1453 724; x_wconf 79' lang='lat' dir='ltr'><strong>tum</strong></span> <span class='ocrx_word' id='word_1_53' title='bbox 1470 669 1657 722; x_wconf 67' lang='lat' dir='ltr'><strong>timenem</strong></span> 
     </span>
     <span class='ocr_line' id='line_1_6' title="bbox 306 738 1659 813; baseline -0.007 -17"><span class='ocrx_word' id='word_1_54' title='bbox 306 761 380 810; x_wconf 82' lang='lat' dir='ltr'><strong>quam</strong></span> <span class='ocrx_word' id='word_1_55' title='bbox 398 746 556 804; x_wconf 84' lang='lat' dir='ltr'><strong>Enoominm,</strong></span> <span class='ocrx_word' id='word_1_56' title='bbox 582 761 631 812; x_wconf 85' lang='lat' dir='ltr'><strong>qus</strong></span> <span class='ocrx_word' id='word_1_57' title='bbox 648 747 699 798; x_wconf 81' lang='lat' dir='ltr'><strong>ficri</strong></span> <span class='ocrx_word' id='word_1_58' title='bbox 718 749 799 812; x_wconf 90' lang='lat' dir='ltr'><strong>potuit</strong></span> <span class='ocrx_word' id='word_1_59' title='bbox 816 747 959 813; x_wconf 79' lang='lat' dir='ltr'><strong>diligentia,</strong></span> <span class='ocrx_word' id='word_1_60' title='bbox 983 746 1106 804; x_wconf 74' lang='lat' dir='ltr'><strong>revidere,</strong></span> <span class='ocrx_word' id='word_1_61' title='bbox 1133 752 1233 796; x_wconf 86' lang='lat' dir='ltr'><strong>etcum</strong></span> <span class='ocrx_word' id='word_1_62' title='bbox 1255 744 1455 794; x_wconf 83' lang='lat' dir='ltr'><strong>annotationibus</strong></span> <span class='ocrx_word' id='word_1_63' title='bbox 1478 738 1659 806; x_wconf 63' lang='lat' dir='ltr'><strong>marginalibus</strong></span> 
     </span>
     <span class='ocr_line' id='line_1_7' title="bbox 307 809 1660 883; baseline -0.007 -15"><span class='ocrx_word' id='word_1_64' title='bbox 307 819 383 871; x_wconf 81' lang='lat' dir='ltr'><strong>etism</strong></span> <span class='ocrx_word' id='word_1_65' title='bbox 401 817 530 868; x_wconf 64' lang='lat' dir='ltr'><strong>adornata</strong></span> <span class='ocrx_word' id='word_1_66' title='bbox 547 819 789 878; x_wconf 82' lang='lat' dir='ltr'><strong>demonstrationum,</strong></span> <span class='ocrx_word' id='word_1_67' title='bbox 808 833 872 883; x_wconf 89' lang='lat' dir='ltr'><strong>quac</strong></span> <span class='ocrx_word' id='word_1_68' title='bbox 883 816 1005 870; x_wconf 81' lang='lat' dir='ltr'><strong>Rbsticns</strong></span> <span class='ocrx_word' id='word_1_69' title='bbox 1023 818 1089 869; x_wconf 85' lang='lat' dir='ltr'><strong>haud</strong></span> <span class='ocrx_word' id='word_1_70' title='bbox 1107 817 1179 867; x_wconf 91' lang='lat' dir='ltr'><strong>dubio</strong></span> <span class='ocrx_word' id='word_1_71' title='bbox 1198 820 1352 880; x_wconf 84' lang='lat' dir='ltr'><strong>apposuerat,</strong></span> <span class='ocrx_word' id='word_1_72' title='bbox 1372 815 1459 864; x_wconf 79' lang='lat' dir='ltr'><strong>sedin</strong></span> <span class='ocrx_word' id='word_1_73' title='bbox 1477 815 1544 877; x_wconf 80' lang='lat' dir='ltr'><strong>typis</strong></span> <span class='ocrx_word' id='word_1_74' title='bbox 1563 809 1660 862; x_wconf 71' lang='lat' dir='ltr'><strong>excudi</strong></span> 
     </span>
     <span class='ocr_line' id='line_1_8' title="bbox 307 879 1660 955; baseline -0.007 -16"><span class='ocrx_word' id='word_1_75' title='bbox 307 889 496 952; x_wconf 84' lang='lat' dir='ltr'><strong>exemplaribus,</strong></span> <span class='ocrx_word' id='word_1_76' title='bbox 521 891 605 939; x_wconf 83' lang='lat' dir='ltr'><strong>nescio</strong></span> <span class='ocrx_word' id='word_1_77' title='bbox 628 903 677 954; x_wconf 86' lang='lat' dir='ltr'><strong>qus</strong></span> <span class='ocrx_word' id='word_1_78' title='bbox 694 891 872 955; x_wconf 73' lang='lat' dir='ltr'><strong>incogitantia,</strong></span> <span class='ocrx_word' id='word_1_79' title='bbox 896 893 986 940; x_wconf 86' lang='lat' dir='ltr'><strong>omissa</strong></span> <span class='ocrx_word' id='word_1_80' title='bbox 1003 890 1112 940; x_wconf 77' lang='lat' dir='ltr'><strong>merant.</strong></span> <span class='ocrx_word' id='word_1_81' title='bbox 1133 887 1231 938; x_wconf 81' lang='lat' dir='ltr'><strong>addere.</strong></span> <span class='ocrx_word' id='word_1_82' title='bbox 1268 885 1294 936; x_wconf 90' lang='lat' dir='ltr'><strong>Si</strong></span> <span class='ocrx_word' id='word_1_83' title='bbox 1313 899 1377 950; x_wconf 86' lang='lat' dir='ltr'><strong>quac</strong></span> <span class='ocrx_word' id='word_1_84' title='bbox 1394 899 1451 936; x_wconf 79' lang='lat' dir='ltr'><strong>vcro</strong></span> <span class='ocrx_word' id='word_1_85' title='bbox 1470 886 1496 934; x_wconf 91' lang='lat' dir='ltr'><strong>in</strong></span> <span class='ocrx_word' id='word_1_86' title='bbox 1514 881 1605 932; x_wconf 86' lang='lat' dir='ltr'><strong>iisdem</strong></span> <span class='ocrx_word' id='word_1_87' title='bbox 1621 879 1660 930; x_wconf 83' lang='lat' dir='ltr'><strong>his</strong></span> 
     </span>
     <span class='ocr_line' id='line_1_9' title="bbox 306 953 1659 1029; baseline -0.005 -21"><span class='ocrx_word' id='word_1_88' title='bbox 306 961 401 1024; x_wconf 86' lang='lat' dir='ltr'><strong>scriptis</strong></span> <span class='ocrx_word' id='word_1_89' title='bbox 419 973 436 1009; x_wconf 86' lang='lat' dir='ltr'><strong>a</strong></span> <span class='ocrx_word' id='word_1_90' title='bbox 453 973 526 1024; x_wconf 84' lang='lat' dir='ltr'><strong>scopo</strong></span> <span class='ocrx_word' id='word_1_91' title='bbox 545 967 627 1010; x_wconf 84' lang='lat' dir='ltr'><strong>nostro</strong></span> <span class='ocrx_word' id='word_1_92' title='bbox 646 960 765 1011; x_wconf 85' lang='lat' dir='ltr'><strong>alieniora</strong></span> <span class='ocrx_word' id='word_1_93' title='bbox 777 961 914 1020; x_wconf 87' lang='lat' dir='ltr'><strong>habentur;</strong></span> <span class='ocrx_word' id='word_1_94' title='bbox 933 960 1082 1029; x_wconf 85' lang='lat' dir='ltr'><strong>eaprudens</strong></span> <span class='ocrx_word' id='word_1_95' title='bbox 1094 959 1184 1010; x_wconf 85' lang='lat' dir='ltr'><strong>Lector</strong></span> <span class='ocrx_word' id='word_1_96' title='bbox 1202 973 1245 1007; x_wconf 85' lang='lat' dir='ltr'><strong>sno</strong></span> <span class='ocrx_word' id='word_1_97' title='bbox 1263 957 1316 1008; x_wconf 90' lang='lat' dir='ltr'><strong>loco</strong></span> <span class='ocrx_word' id='word_1_98' title='bbox 1334 957 1464 1022; x_wconf 81' lang='lat' dir='ltr'><strong>relinquat</strong></span> <span class='ocrx_word' id='word_1_99' title='bbox 1494 953 1581 1004; x_wconf 67' lang='lat' dir='ltr'><strong>tieem</strong></span> <span class='ocrx_word' id='word_1_100' title='bbox 1600 965 1659 1001; x_wconf 75' lang='lat' dir='ltr'><strong>can·</strong></span> 
     </span>
     <span class='ocr_line' id='line_1_10' title="bbox 307 1023 1659 1098; baseline -0.007 -16"><span class='ocrx_word' id='word_1_101' title='bbox 307 1031 370 1082; x_wconf 85' lang='lat' dir='ltr'><strong>doris</strong></span> <span class='ocrx_word' id='word_1_102' title='bbox 389 1044 443 1082; x_wconf 81' lang='lat' dir='ltr'><strong>erse</strong></span> <span class='ocrx_word' id='word_1_103' title='bbox 462 1030 581 1089; x_wconf 78' lang='lat' dir='ltr'><strong>duximus,</strong></span> <span class='ocrx_word' id='word_1_104' title='bbox 601 1033 676 1083; x_wconf 86' lang='lat' dir='ltr'><strong>ctiam</strong></span> <span class='ocrx_word' id='word_1_105' title='bbox 696 1039 780 1082; x_wconf 84' lang='lat' dir='ltr'><strong>cetera</strong></span> <span class='ocrx_word' id='word_1_106' title='bbox 797 1031 849 1090; x_wconf 87' lang='lat' dir='ltr'><strong>illa,</strong></span> <span class='ocrx_word' id='word_1_107' title='bbox 868 1048 932 1098; x_wconf 86' lang='lat' dir='ltr'><strong>quac</strong></span> <span class='ocrx_word' id='word_1_108' title='bbox 949 1033 976 1082; x_wconf 91' lang='lat' dir='ltr'><strong>in</strong></span> <span class='ocrx_word' id='word_1_109' title='bbox 994 1031 1126 1096; x_wconf 84' lang='lat' dir='ltr'><strong>exemplari</strong></span> <span class='ocrx_word' id='word_1_110' title='bbox 1144 1044 1209 1081; x_wconf 86' lang='lat' dir='ltr'><strong>anno</strong></span> <span class='ocrx_word' id='word_1_111' title='bbox 1230 1025 1305 1078; x_wconf 76' lang='lat' dir='ltr'><strong>teti.</strong></span> <span class='ocrx_word' id='word_1_112' title='bbox 1332 1029 1449 1078; x_wconf 74' lang='lat' dir='ltr'><strong>Basileus</strong></span> <span class='ocrx_word' id='word_1_113' title='bbox 1467 1027 1546 1082; x_wconf 84' lang='lat' dir='ltr'><strong>edito,</strong></span> <span class='ocrx_word' id='word_1_114' title='bbox 1565 1023 1659 1074; x_wconf 86' lang='lat' dir='ltr'><strong>inrcni·</strong></span> 
     </span>
     <span class='ocr_line' id='line_1_11' title="bbox 305 1094 1661 1170; baseline -0.007 -17"><span class='ocrx_word' id='word_1_115' title='bbox 305 1117 377 1160; x_wconf 88' lang='lat' dir='ltr'><strong>mus,</strong></span> <span class='ocrx_word' id='word_1_116' title='bbox 396 1117 452 1152; x_wconf 91' lang='lat' dir='ltr'><strong>cum</strong></span> <span class='ocrx_word' id='word_1_117' title='bbox 469 1103 540 1152; x_wconf 89' lang='lat' dir='ltr'><strong>titulo</strong></span> <span class='ocrx_word' id='word_1_118' title='bbox 560 1110 586 1152; x_wconf 86' lang='lat' dir='ltr'><strong>ct</strong></span> <span class='ocrx_word' id='word_1_119' title='bbox 602 1104 771 1168; x_wconf 71' lang='lat' dir='ltr'><strong>praefatione,</strong></span> <span class='ocrx_word' id='word_1_120' title='bbox 790 1103 849 1154; x_wconf 90' lang='lat' dir='ltr'><strong>licet</strong></span> <span class='ocrx_word' id='word_1_121' title='bbox 868 1104 901 1154; x_wconf 89' lang='lat' dir='ltr'><strong>ad</strong></span> <span class='ocrx_word' id='word_1_122' title='bbox 917 1104 1077 1170; x_wconf 67' lang='lat' dir='ltr'>principalem</span> <span class='ocrx_word' id='word_1_123' title='bbox 1095 1109 1203 1152; x_wconf 74' lang='lat' dir='ltr'><strong>noenum</strong></span> <span class='ocrx_word' id='word_1_124' title='bbox 1221 1115 1321 1164; x_wconf 84' lang='lat' dir='ltr'><strong>scopam</strong></span> <span class='ocrx_word' id='word_1_125' title='bbox 1339 1115 1389 1150; x_wconf 90' lang='lat' dir='ltr'><strong>non</strong></span> <span class='ocrx_word' id='word_1_126' title='bbox 1406 1099 1534 1155; x_wconf 65' lang='lat' dir='ltr'><strong>bemont,</strong></span> <span class='ocrx_word' id='word_1_127' title='bbox 1555 1094 1661 1145; x_wconf 76' lang='lat' dir='ltr'><strong>fideliter</strong></span> 
     </span>
     <span class='ocr_line' id='line_1_12' title="bbox 305 1173 1363 1224; baseline -0.001 -1"><span class='ocrx_word' id='word_1_128' title='bbox 305 1173 432 1224; x_wconf 87' lang='lat' dir='ltr'><strong>reddenda</strong></span> <span class='ocrx_word' id='word_1_129' title='bbox 449 1187 512 1224; x_wconf 85' lang='lat' dir='ltr'><strong>csse.</strong></span> <span class='ocrx_word' id='word_1_130' title='bbox 782 1202 784 1206; x_wconf 93' lang='lat'><em>-</em></span> <span class='ocrx_word' id='word_1_131' title='bbox 1360 1203 1363 1206; x_wconf 92' lang='lat'><em>-</em></span> 
     </span>
    </p>

    <p class='ocr_par' dir='ltr' id='par_1_4' title="bbox 376 1239 1662 1310">
     <span class='ocr_line' id='line_1_13' title="bbox 376 1239 1662 1310; baseline -0.005 -17"><span class='ocrx_word' id='word_1_132' title='bbox 376 1243 517 1309; x_wconf 87' lang='lat' dir='ltr'><strong>Optandum</strong></span> <span class='ocrx_word' id='word_1_133' title='bbox 531 1252 614 1296; x_wconf 83' lang='lat' dir='ltr'><strong>autem</strong></span> <span class='ocrx_word' id='word_1_134' title='bbox 627 1250 700 1303; x_wconf 83' lang='lat' dir='ltr'><strong>esset,</strong></span> <span class='ocrx_word' id='word_1_135' title='bbox 720 1244 832 1307; x_wconf 83' lang='lat' dir='ltr'><strong>alteram,</strong></span> <span class='ocrx_word' id='word_1_136' title='bbox 850 1258 923 1310; x_wconf 87' lang='lat' dir='ltr'><strong>quam</strong></span> <span class='ocrx_word' id='word_1_137' title='bbox 943 1245 1070 1310; x_wconf 69' lang='lat' dir='ltr'><strong>aliquoties</strong></span> <span class='ocrx_word' id='word_1_138' title='bbox 1089 1244 1178 1295; x_wconf 86' lang='lat' dir='ltr'><strong>autlror</strong></span> <span class='ocrx_word' id='word_1_139' title='bbox 1192 1241 1234 1293; x_wconf 91' lang='lat' dir='ltr'><strong>hic</strong></span> <span class='ocrx_word' id='word_1_140' title='bbox 1251 1241 1386 1306; x_wconf 86' lang='lat' dir='ltr'><strong>pollicetur,</strong></span> <span class='ocrx_word' id='word_1_141' title='bbox 1404 1239 1585 1291; x_wconf 75' lang='lat' dir='ltr'><strong>limationem</strong></span> <span class='ocrx_word' id='word_1_142' title='bbox 1601 1251 1662 1302; x_wconf 89' lang='lat' dir='ltr'><strong>qno·</strong></span> 
     </span>
    </p>
   </div>
   <div class='ocr_carea' id='block_1_3' title="bbox 190 1306 1661 1381">
    <p class='ocr_par' dir='ltr' id='par_1_5' title="bbox 190 1306 1661 1381">
     <span class='ocr_line' id='line_1_14' title="bbox 190 1306 1661 1381; baseline -0.007 -14"><span class='ocrx_word' id='word_1_143' title='bbox 190 1347 197 1354; x_wconf 93' lang='lat'>-</span> <span class='ocrx_word' id='word_1_144' title='bbox 306 1329 353 1379; x_wconf 90' lang='lat' dir='ltr'><strong>que</strong></span> <span class='ocrx_word' id='word_1_145' title='bbox 372 1317 486 1365; x_wconf 75' lang='lat' dir='ltr'><strong>missam</strong></span> <span class='ocrx_word' id='word_1_146' title='bbox 504 1317 594 1374; x_wconf 83' lang='lat' dir='ltr'><strong>luisse;</strong></span> <span class='ocrx_word' id='word_1_147' title='bbox 621 1307 665 1366; x_wconf 74' lang='lat' dir='ltr'><strong>a&#39;ut</strong></span> <span class='ocrx_word' id='word_1_148' title='bbox 683 1317 704 1365; x_wconf 91' lang='lat' dir='ltr'><strong>si</strong></span> <span class='ocrx_word' id='word_1_149' title='bbox 721 1316 804 1366; x_wconf 79' lang='lat' dir='ltr'><strong>forsan</strong></span> <span class='ocrx_word' id='word_1_150' title='bbox 822 1317 914 1381; x_wconf 86' lang='lat' dir='ltr'><strong>scripta</strong></span> <span class='ocrx_word' id='word_1_151' title='bbox 931 1317 1029 1381; x_wconf 88' lang='lat' dir='ltr'><strong>quidem</strong></span> <span class='ocrx_word' id='word_1_152' title='bbox 1046 1317 1133 1374; x_wconf 82' lang='lat' dir='ltr'><strong>fuerit,</strong></span> <span class='ocrx_word' id='word_1_153' title='bbox 1160 1315 1204 1366; x_wconf 88' lang='lat' dir='ltr'><strong>sed</strong></span> <span class='ocrx_word' id='word_1_154' title='bbox 1220 1313 1311 1363; x_wconf 86' lang='lat' dir='ltr'><strong>alicubi</strong></span> <span class='ocrx_word' id='word_1_155' title='bbox 1329 1313 1461 1364; x_wconf 87' lang='lat' dir='ltr'><strong>delitescat</strong></span> <span class='ocrx_word' id='word_1_156' title='bbox 1486 1306 1596 1372; x_wconf 84' lang='lat' dir='ltr'><strong>(aditam</strong></span> <span class='ocrx_word' id='word_1_157' title='bbox 1614 1321 1661 1372; x_wconf 72' lang='lat' dir='ltr'><strong>ego</strong></span> 
     </span>
    </p>
   </div>
   <div class='ocr_carea' id='block_1_4' title="bbox 304 1381 1665 1864">
    <p class='ocr_par' dir='ltr' id='par_1_6' title="bbox 304 1381 1665 1864">
     <span class='ocr_line' id='line_1_15' title="bbox 305 1381 1662 1454; baseline -0.006 -18"><span class='ocrx_word' id='word_1_158' title='bbox 305 1400 354 1436; x_wconf 90' lang='lat' dir='ltr'><strong>non</strong></span> <span class='ocrx_word' id='word_1_159' title='bbox 372 1387 435 1444; x_wconf 83' lang='lat' dir='ltr'><strong>ridi,</strong></span> <span class='ocrx_word' id='word_1_160' title='bbox 459 1403 507 1438; x_wconf 89' lang='lat' dir='ltr'><strong>neo</strong></span> <span class='ocrx_word' id='word_1_161' title='bbox 525 1389 557 1438; x_wconf 87' lang='lat' dir='ltr'><strong>ab</strong></span> <span class='ocrx_word' id='word_1_162' title='bbox 575 1387 623 1438; x_wconf 88' lang='lat' dir='ltr'><strong>alio</strong></span> <span class='ocrx_word' id='word_1_163' title='bbox 641 1389 719 1437; x_wconf 83' lang='lat' dir='ltr'><strong>risam</strong></span> <span class='ocrx_word' id='word_1_164' title='bbox 737 1401 767 1436; x_wconf 87' lang='lat' dir='ltr'><strong>er</strong></span> <span class='ocrx_word' id='word_1_165' title='bbox 785 1402 906 1454; x_wconf 85' lang='lat' dir='ltr'><strong>quoquam</strong></span> <span class='ocrx_word' id='word_1_166' title='bbox 923 1386 1045 1450; x_wconf 76' lang='lat' dir='ltr'><strong>intellexi)</strong></span> <span class='ocrx_word' id='word_1_167' title='bbox 1063 1389 1141 1437; x_wconf 80' lang='lat' dir='ltr'><strong>ratim</strong></span> <span class='ocrx_word' id='word_1_168' title='bbox 1159 1392 1233 1442; x_wconf 82' lang='lat' dir='ltr'><strong>essct,</strong></span> <span class='ocrx_word' id='word_1_169' title='bbox 1252 1397 1307 1434; x_wconf 87' lang='lat' dir='ltr'><strong>eam</strong></span> <span class='ocrx_word' id='word_1_170' title='bbox 1325 1384 1422 1448; x_wconf 88' lang='lat' dir='ltr'><strong>publice</strong></span> <span class='ocrx_word' id='word_1_171' title='bbox 1444 1381 1569 1434; x_wconf 85' lang='lat' dir='ltr'><strong>utendam</strong></span> <span class='ocrx_word' id='word_1_172' title='bbox 1587 1393 1662 1443; x_wconf 86' lang='lat' dir='ltr'><strong>quam</strong></span> 
     </span>
     <span class='ocr_line' id='line_1_16' title="bbox 305 1449 1662 1519; baseline -0.006 -13"><span class='ocrx_word' id='word_1_173' title='bbox 305 1459 330 1506; x_wconf 94' lang='lat' dir='ltr'><strong>in</strong></span> <span class='ocrx_word' id='word_1_174' title='bbox 353 1458 442 1508; x_wconf 85' lang='lat' dir='ltr'><strong>abditis</strong></span> <span class='ocrx_word' id='word_1_175' title='bbox 465 1458 642 1510; x_wconf 76' lang='lat' dir='ltr'><strong>corrodendum</strong></span> <span class='ocrx_word' id='word_1_176' title='bbox 666 1459 740 1508; x_wconf 86' lang='lat' dir='ltr'><strong>tineis</strong></span> <span class='ocrx_word' id='word_1_177' title='bbox 765 1460 875 1510; x_wconf 90' lang='lat' dir='ltr'><strong>concedi.</strong></span> <span class='ocrx_word' id='word_1_178' title='bbox 913 1458 984 1519; x_wconf 82' lang='lat' dir='ltr'><strong>Quod</strong></span> <span class='ocrx_word' id='word_1_179' title='bbox 1005 1459 1070 1512; x_wconf 88' lang='lat' dir='ltr'><strong>idem</strong></span> <span class='ocrx_word' id='word_1_180' title='bbox 1095 1458 1125 1508; x_wconf 88' lang='lat' dir='ltr'><strong>de</strong></span> <span class='ocrx_word' id='word_1_181' title='bbox 1144 1457 1331 1507; x_wconf 81' lang='lat' dir='ltr'><strong>Commentariis</strong></span> <span class='ocrx_word' id='word_1_182' title='bbox 1350 1455 1446 1506; x_wconf 83' lang='lat' dir='ltr'><strong>Erasmi</strong></span> <span class='ocrx_word' id='word_1_183' title='bbox 1464 1449 1618 1503; x_wconf 83' lang='lat' dir='ltr'><strong>Rheinhcldl</strong></span> <span class='ocrx_word' id='word_1_184' title='bbox 1636 1451 1662 1498; x_wconf 87' lang='lat' dir='ltr'><strong>in</strong></span> 
     </span>
     <span class='ocr_line' id='line_1_17' title="bbox 306 1525 1665 1594; baseline -0.004 -16"><span class='ocrx_word' id='word_1_185' title='bbox 306 1528 405 1579; x_wconf 86' lang='lat' dir='ltr'><strong>eosdem</strong></span> <span class='ocrx_word' id='word_1_186' title='bbox 424 1528 552 1593; x_wconf 83' lang='lat' dir='ltr'><strong>copernicl</strong></span> <span class='ocrx_word' id='word_1_187' title='bbox 569 1530 642 1580; x_wconf 79' lang='lat' dir='ltr'><strong>libror</strong></span> <span class='ocrx_word' id='word_1_188' title='bbox 661 1530 794 1594; x_wconf 86' lang='lat' dir='ltr'><strong>optandum</strong></span> <span class='ocrx_word' id='word_1_189' title='bbox 813 1537 879 1590; x_wconf 81' lang='lat' dir='ltr'><strong>arat,</strong></span> <span class='ocrx_word' id='word_1_190' title='bbox 904 1531 952 1580; x_wconf 85' lang='lat' dir='ltr'><strong>nisi</strong></span> <span class='ocrx_word' id='word_1_191' title='bbox 969 1533 1100 1580; x_wconf 82' lang='lat' dir='ltr'><strong>immatura</strong></span> <span class='ocrx_word' id='word_1_192' title='bbox 1118 1532 1171 1592; x_wconf 85' lang='lat' dir='ltr'><strong>ejus</strong></span> <span class='ocrx_word' id='word_1_193' title='bbox 1188 1529 1232 1576; x_wconf 83' lang='lat' dir='ltr'><strong>riri</strong></span> <span class='ocrx_word' id='word_1_194' title='bbox 1249 1541 1314 1577; x_wconf 84' lang='lat' dir='ltr'><strong>mors</strong></span> <span class='ocrx_word' id='word_1_195' title='bbox 1332 1540 1391 1590; x_wconf 78' lang='lat' dir='ltr'><strong>opus</strong></span> <span class='ocrx_word' id='word_1_196' title='bbox 1409 1525 1572 1586; x_wconf 77' lang='lat' dir='ltr'><strong>inchoatum,</strong></span> <span class='ocrx_word' id='word_1_197' title='bbox 1591 1528 1621 1572; x_wconf 87' lang='lat' dir='ltr'><strong>ut</strong></span> <span class='ocrx_word' id='word_1_198' title='bbox 1638 1527 1665 1571; x_wconf 84' lang='lat' dir='ltr'><strong>et</strong></span> 
     </span>
     <span class='ocr_line' id='line_1_18' title="bbox 305 1595 1663 1665; baseline -0.004 -15"><span class='ocrx_word' id='word_1_199' title='bbox 305 1599 395 1651; x_wconf 79' lang='lat' dir='ltr'><strong>multra</strong></span> <span class='ocrx_word' id='word_1_200' title='bbox 409 1601 471 1650; x_wconf 81' lang='lat' dir='ltr'><strong>elias</strong></span> <span class='ocrx_word' id='word_1_201' title='bbox 481 1599 641 1665; x_wconf 68' lang='lat' dir='ltr'><strong>Reipublicae</strong></span> <span class='ocrx_word' id='word_1_202' title='bbox 652 1601 847 1652; x_wconf 83' lang='lat' dir='ltr'><strong>mathematicae</strong></span> <span class='ocrx_word' id='word_1_203' title='bbox 859 1601 1000 1652; x_wconf 77' lang='lat' dir='ltr'><strong>adlissimas</strong></span> <span class='ocrx_word' id='word_1_204' title='bbox 1011 1601 1200 1652; x_wconf 70' lang='lat' dir='ltr'><strong>lucubrationes.</strong></span> <span class='ocrx_word' id='word_1_205' title='bbox 1221 1597 1364 1662; x_wconf 86' lang='lat' dir='ltr'><strong>abrupissct.</strong></span> <span class='ocrx_word' id='word_1_206' title='bbox 1391 1597 1439 1655; x_wconf 77' lang='lat' dir='ltr'><strong>Tu,</strong></span> <span class='ocrx_word' id='word_1_207' title='bbox 1453 1595 1548 1646; x_wconf 80' lang='lat' dir='ltr'><strong>Lector</strong></span> <span class='ocrx_word' id='word_1_208' title='bbox 1560 1595 1663 1658; x_wconf 78' lang='lat' dir='ltr'><strong>optime.</strong></span> 
     </span>
     <span class='ocr_line' id='line_1_19' title="bbox 304 1665 1665 1735; baseline -0.004 -14"><span class='ocrx_word' id='word_1_209' title='bbox 304 1671 342 1721; x_wconf 86' lang='lat' dir='ltr'><strong>his</strong></span> <span class='ocrx_word' id='word_1_210' title='bbox 359 1671 449 1729; x_wconf 74' lang='lat' dir='ltr'><strong>fruere,</strong></span> <span class='ocrx_word' id='word_1_211' title='bbox 469 1671 547 1724; x_wconf 87' lang='lat' dir='ltr'><strong>donec</strong></span> <span class='ocrx_word' id='word_1_212' title='bbox 564 1679 644 1722; x_wconf 88' lang='lat' dir='ltr'><strong>totum</strong></span> <span class='ocrx_word' id='word_1_213' title='bbox 662 1687 733 1722; x_wconf 86' lang='lat' dir='ltr'><strong>snum</strong></span> <span class='ocrx_word' id='word_1_214' title='bbox 751 1671 886 1723; x_wconf 87' lang='lat' dir='ltr'><strong>Uranicnm</strong></span> <span class='ocrx_word' id='word_1_215' title='bbox 903 1673 941 1722; x_wconf 87' lang='lat' dir='ltr'><strong>rel</strong></span> <span class='ocrx_word' id='word_1_216' title='bbox 961 1672 1099 1722; x_wconf 58' lang='lat' dir='ltr'><strong>mimicum</strong></span> <span class='ocrx_word' id='word_1_217' title='bbox 1116 1685 1189 1735; x_wconf 78' lang='lat' dir='ltr'><strong>opus,</strong></span> <span class='ocrx_word' id='word_1_218' title='bbox 1209 1673 1277 1732; x_wconf 83' lang='lat' dir='ltr'><strong>cujus</strong></span> <span class='ocrx_word' id='word_1_219' title='bbox 1294 1669 1335 1719; x_wconf 88' lang='lat' dir='ltr'><strong>hic</strong></span> <span class='ocrx_word' id='word_1_220' title='bbox 1353 1669 1514 1719; x_wconf 77' lang='lat' dir='ltr'><strong>Prodromnm</strong></span> <span class='ocrx_word' id='word_1_221' title='bbox 1532 1665 1665 1725; x_wconf 83' lang='lat' dir='ltr'><strong>habemns,</strong></span> 
     </span>
     <span class='ocr_line' id='line_1_20' title="bbox 305 1737 1665 1810; baseline -0.004 -17"><span class='ocrx_word' id='word_1_222' title='bbox 305 1740 427 1806; x_wconf 80' lang='lat' dir='ltr'><strong>Keplernr</strong></span> <span class='ocrx_word' id='word_1_223' title='bbox 445 1751 528 1793; x_wconf 86' lang='lat' dir='ltr'><strong>noster</strong></span> <span class='ocrx_word' id='word_1_224' title='bbox 546 1745 652 1794; x_wconf 76' lang='lat' dir='ltr'><strong>ermttat.</strong></span> <span class='ocrx_word' id='word_1_225' title='bbox 680 1742 753 1794; x_wconf 83' lang='lat' dir='ltr'><strong>Vale.</strong></span> <span class='ocrx_word' id='word_1_226' title='bbox 782 1745 874 1795; x_wconf 82' lang='lat' dir='ltr'><strong>Actum</strong></span> <span class='ocrx_word' id='word_1_227' title='bbox 886 1743 1017 1810; x_wconf 73' lang='lat' dir='ltr'><strong>lubingac</strong></span> <span class='ocrx_word' id='word_1_228' title='bbox 1034 1745 1060 1794; x_wconf 88' lang='lat' dir='ltr'><strong>in</strong></span> <span class='ocrx_word' id='word_1_229' title='bbox 1075 1743 1178 1792; x_wconf 84' lang='lat' dir='ltr'><strong>Musaeo</strong></span> <span class='ocrx_word' id='word_1_230' title='bbox 1196 1747 1288 1798; x_wconf 76' lang='lat' dir='ltr'><strong>nosne,</strong></span> <span class='ocrx_word' id='word_1_231' title='bbox 1307 1739 1423 1792; x_wconf 73' lang='lat' dir='ltr'><strong>cumn·</strong></span> <span class='ocrx_word' id='word_1_232' title='bbox 1436 1737 1562 1792; x_wconf 77' lang='lat' dir='ltr'><strong>Octobrtn</strong></span> <span class='ocrx_word' id='word_1_233' title='bbox 1591 1738 1665 1787; x_wconf 75' lang='lat' dir='ltr'><strong>amo</strong></span> 
     </span>
     <span class='ocr_line' id='line_1_21' title="bbox 307 1811 498 1864; baseline -0.005 0"><span class='ocrx_word' id='word_1_234' title='bbox 307 1811 401 1864; x_wconf 81' lang='lat' dir='ltr'><strong>Salutis</strong></span> <span class='ocrx_word' id='word_1_235' title='bbox 423 1811 498 1863; x_wconf 79' lang='lat' dir='ltr'><strong>tots.</strong></span> 
     </span>
    </p>
   </div>
   <div class='ocr_carea' id='block_1_5' title="bbox 376 1951 1302 2021">
    <p class='ocr_par' dir='ltr' id='par_1_7' title="bbox 376 1951 1302 2021">
     <span class='ocr_line' id='line_1_22' title="bbox 376 1951 1302 2021; baseline -0.004 -15"><span class='ocrx_word' id='word_1_236' title='bbox 376 1954 544 2021; x_wconf 86' lang='lat' dir='ltr'><strong>Keplcrus</strong></span> <span class='ocrx_word' id='word_1_237' title='bbox 562 1956 640 2008; x_wconf 82' lang='lat' dir='ltr'><strong>literis</strong></span> <span class='ocrx_word' id='word_1_238' title='bbox 657 1955 784 2008; x_wconf 80' lang='lat' dir='ltr'><strong>Maertllni</strong></span> <span class='ocrx_word' id='word_1_239' title='bbox 802 1951 837 2020; x_wconf 90' lang='lat' dir='ltr'><strong>(p.</strong></span> <span class='ocrx_word' id='word_1_240' title='bbox 858 1953 903 2016; x_wconf 79' lang='grc'><strong>24)</strong></span> <span class='ocrx_word' id='word_1_241' title='bbox 921 1955 1045 2020; x_wconf 82' lang='lat' dir='ltr'><strong>respondit</strong></span> <span class='ocrx_word' id='word_1_242' title='bbox 1061 1955 1127 2006; x_wconf 87' lang='lat' dir='ltr'><strong>hunc</strong></span> <span class='ocrx_word' id='word_1_243' title='bbox 1145 1951 1172 2014; x_wconf 75' lang='lat' dir='ltr'><strong>in¹</strong></span> <span class='ocrx_word' id='word_1_244' title='bbox 1188 1954 1302 2004; x_wconf 86' lang='lat' dir='ltr'><strong>modum:</strong></span> 
     </span>
    </p>
   </div>
   <div class='ocr_carea' id='block_1_6' title="bbox 307 2057 1749 2589">
    <p class='ocr_par' dir='ltr' id='par_1_8' title="bbox 307 2057 1749 2589">
     <span class='ocr_line' id='line_1_23' title="bbox 393 2057 1665 2144; baseline -0.004 -19"><span class='ocrx_word' id='word_1_245' title='bbox 393 2063 507 2142; x_wconf 88' lang='lat' dir='ltr'><strong>Accepi</strong></span> <span class='ocrx_word' id='word_1_246' title='bbox 532 2063 730 2126; x_wconf 88' lang='lat' dir='ltr'><strong>literae-tuas</strong></span> <span class='ocrx_word' id='word_1_247' title='bbox 755 2064 937 2144; x_wconf 81' lang='lat' dir='ltr'><strong>Praeceptor</strong></span> <span class='ocrx_word' id='word_1_248' title='bbox 959 2062 1137 2136; x_wconf 86' lang='lat' dir='ltr'><strong>clarissime,</strong></span> <span class='ocrx_word' id='word_1_249' title='bbox 1169 2070 1201 2124; x_wconf 92' lang='lat' dir='ltr'><strong>et</strong></span> <span class='ocrx_word' id='word_1_250' title='bbox 1228 2060 1381 2141; x_wconf 88' lang='lat' dir='ltr'><strong>exemplar</strong></span> <span class='ocrx_word' id='word_1_251' title='bbox 1409 2057 1467 2122; x_wconf 88' lang='lat' dir='ltr'><strong>mci</strong></span> <span class='ocrx_word' id='word_1_252' title='bbox 1489 2057 1665 2122; x_wconf 89' lang='lat' dir='ltr'><strong>Prodromi.</strong></span> 
     </span>
     <span class='ocr_line' id='line_1_24' title="bbox 308 2150 1666 2232; baseline -0.004 -18"><span class='ocrx_word' id='word_1_253' title='bbox 308 2151 489 2232; x_wconf 82' lang='lat' dir='ltr'><strong>Respondes</strong></span> <span class='ocrx_word' id='word_1_254' title='bbox 518 2151 649 2214; x_wconf 88' lang='lat' dir='ltr'><strong>breviter</strong></span> <span class='ocrx_word' id='word_1_255' title='bbox 676 2153 788 2214; x_wconf 86' lang='lat' dir='ltr'><strong>omissa</strong></span> <span class='ocrx_word' id='word_1_256' title='bbox 819 2153 981 2215; x_wconf 85' lang='lat' dir='ltr'><strong>honorifica</strong></span> <span class='ocrx_word' id='word_1_257' title='bbox 1008 2150 1234 2214; x_wconf 77' lang='lat' dir='ltr'><strong>declamatione.</strong></span> <span class='ocrx_word' id='word_1_258' title='bbox 1285 2150 1417 2211; x_wconf 88' lang='lat' dir='ltr'><strong>Primum</strong></span> <span class='ocrx_word' id='word_1_259' title='bbox 1449 2155 1555 2210; x_wconf 87' lang='lat' dir='ltr'><strong>errata</strong></span> <span class='ocrx_word' id='word_1_260' title='bbox 1587 2167 1666 2227; x_wconf 88' lang='lat' dir='ltr'><strong>qnae</strong></span> 
     </span>
     <span class='ocr_line' id='line_1_25' title="bbox 307 2236 1749 2322; baseline -0.003 -21"><span class='ocrx_word' id='word_1_261' title='bbox 307 2239 513 2314; x_wconf 85' lang='lat' dir='ltr'><strong>animadverti,</strong></span> <span class='ocrx_word' id='word_1_262' title='bbox 539 2259 671 2322; x_wconf 86' lang='lat' dir='ltr'><strong>quaeque</strong></span> <span class='ocrx_word' id='word_1_263' title='bbox 696 2261 815 2303; x_wconf 88' lang='lat' dir='ltr'><strong>sensum</strong></span> <span class='ocrx_word' id='word_1_264' title='bbox 836 2243 968 2315; x_wconf 89' lang='lat' dir='ltr'><strong>turbant,</strong></span> <span class='ocrx_word' id='word_1_265' title='bbox 993 2241 1122 2321; x_wconf 86' lang='lat' dir='ltr'><strong>adjunxi.</strong></span> <span class='ocrx_word' id='word_1_266' title='bbox 1160 2239 1279 2302; x_wconf 80' lang='lat' dir='ltr'><strong>Sideri</strong></span> <span class='ocrx_word' id='word_1_267' title='bbox 1302 2245 1413 2319; x_wconf 87' lang='lat' dir='ltr'><strong>potest,</strong></span> <span class='ocrx_word' id='word_1_268' title='bbox 1439 2236 1666 2318; x_wconf 81' lang='lat' dir='ltr'><strong>subjungantur</strong></span> <span class='ocrx_word' id='word_1_269' title='bbox 1743 2262 1749 2276; x_wconf 94' lang='lat'><strong>·</strong></span> 
     </span>
     <span class='ocr_line' id='line_1_26' title="bbox 307 2326 1666 2412; baseline -0.004 -20"><span class='ocrx_word' id='word_1_270' title='bbox 307 2329 457 2408; x_wconf 90' lang='lat' dir='ltr'><strong>opusculo.</strong></span> <span class='ocrx_word' id='word_1_271' title='bbox 504 2329 620 2391; x_wconf 86' lang='lat' dir='ltr'><strong>Deinde</strong></span> <span class='ocrx_word' id='word_1_272' title='bbox 644 2331 680 2391; x_wconf 87' lang='lat' dir='ltr'><strong>de</strong></span> <span class='ocrx_word' id='word_1_273' title='bbox 704 2327 768 2394; x_wconf 96' lang='grc'><strong>200</strong></span> <span class='ocrx_word' id='word_1_274' title='bbox 792 2329 1012 2412; x_wconf 81' lang='lat' dir='ltr'><strong>exemplaribus</strong></span> <span class='ocrx_word' id='word_1_275' title='bbox 1040 2347 1165 2391; x_wconf 87' lang='lat' dir='ltr'><strong>moneo:</strong></span> <span class='ocrx_word' id='word_1_276' title='bbox 1199 2329 1270 2409; x_wconf 84' lang='lat' dir='ltr'><strong>quia</strong></span> <span class='ocrx_word' id='word_1_277' title='bbox 1296 2326 1487 2408; x_wconf 80' lang='lat' dir='ltr'><strong>typographo</strong></span> <span class='ocrx_word' id='word_1_278' title='bbox 1516 2333 1666 2406; x_wconf 82' lang='lat' dir='ltr'><strong>expresse</strong></span> 
     </span>
     <span class='ocr_line' id='line_1_27' title="bbox 307 2415 1666 2500; baseline -0.004 -20"><span class='ocrx_word' id='word_1_279' title='bbox 307 2417 382 2492; x_wconf 88' lang='lat' dir='ltr'><strong>dixi,</strong></span> <span class='ocrx_word' id='word_1_280' title='bbox 411 2435 468 2479; x_wconf 91' lang='lat' dir='ltr'><strong>non</strong></span> <span class='ocrx_word' id='word_1_281' title='bbox 491 2436 581 2498; x_wconf 87' lang='lat' dir='ltr'><strong>posse</strong></span> <span class='ocrx_word' id='word_1_282' title='bbox 606 2437 652 2480; x_wconf 89' lang='lat' dir='ltr'><strong>me</strong></span> <span class='ocrx_word' id='word_1_283' title='bbox 676 2419 729 2482; x_wconf 87' lang='lat' dir='ltr'><strong>illa</strong></span> <span class='ocrx_word' id='word_1_284' title='bbox 750 2420 901 2500; x_wconf 90' lang='lat' dir='ltr'><strong>accipere,</strong></span> <span class='ocrx_word' id='word_1_285' title='bbox 933 2419 991 2482; x_wconf 92' lang='lat' dir='ltr'><strong>nisi</strong></span> <span class='ocrx_word' id='word_1_286' title='bbox 1014 2426 1084 2480; x_wconf 89' lang='lat' dir='ltr'><strong>ante</strong></span> <span class='ocrx_word' id='word_1_287' title='bbox 1112 2418 1190 2480; x_wconf 87' lang='lat' dir='ltr'><strong>diem</strong></span> <span class='ocrx_word' id='word_1_288' title='bbox 1213 2417 1336 2480; x_wconf 85' lang='lat' dir='ltr'><strong>Martini</strong></span> <span class='ocrx_word' id='word_1_289' title='bbox 1361 2415 1541 2478; x_wconf 84' lang='lat' dir='ltr'><strong>absolvatur</strong></span> <span class='ocrx_word' id='word_1_290' title='bbox 1565 2433 1666 2494; x_wconf 91' lang='lat' dir='ltr'><strong>opus:</strong></span> 
     </span>
     <span class='ocr_line' id='line_1_28' title="bbox 307 2503 1665 2589; baseline -0.001 -23"><span class='ocrx_word' id='word_1_291' title='bbox 307 2525 365 2568; x_wconf 90' lang='lat' dir='ltr'><strong>non</strong></span> <span class='ocrx_word' id='word_1_292' title='bbox 395 2507 497 2568; x_wconf 90' lang='lat' dir='ltr'><strong>videor</strong></span> <span class='ocrx_word' id='word_1_293' title='bbox 524 2507 629 2569; x_wconf 87' lang='lat' dir='ltr'><strong>teneri.</strong></span> <span class='ocrx_word' id='word_1_294' title='bbox 677 2507 710 2570; x_wconf 91' lang='lat' dir='ltr'><strong>Si</strong></span> <span class='ocrx_word' id='word_1_295' title='bbox 734 2509 798 2589; x_wconf 81' lang='lat' dir='ltr'><strong>jam</strong></span> <span class='ocrx_word' id='word_1_296' title='bbox 826 2508 1010 2588; x_wconf 79' lang='lat' dir='ltr'><strong>accepissem</strong></span> <span class='ocrx_word' id='word_1_297' title='bbox 1039 2507 1239 2586; x_wconf 82' lang='lat' dir='ltr'><strong>exemplaria,</strong></span> <span class='ocrx_word' id='word_1_298' title='bbox 1273 2505 1438 2586; x_wconf 88' lang='lat' dir='ltr'><strong>potuissem</strong></span> <span class='ocrx_word' id='word_1_299' title='bbox 1467 2503 1499 2564; x_wconf 92' lang='lat' dir='ltr'><strong>in</strong></span> <span class='ocrx_word' id='word_1_300' title='bbox 1529 2503 1665 2564; x_wconf 85' lang='lat' dir='ltr'><strong>comitiis</strong></span> 
     </span>
    </p>
   </div>
   <div class='ocr_carea' id='block_1_7' title="bbox 189 2585 1667 2766">
    <p class='ocr_par' dir='ltr' id='par_1_9' title="bbox 189 2585 1667 2766">
     <span class='ocr_line' id='line_1_29' title="bbox 189 2585 1665 2676; baseline -0.003 -18"><span class='ocrx_word' id='word_1_301' title='bbox 189 2607 192 2616; x_wconf 84' lang='grc'><strong>“</strong></span> <span class='ocrx_word' id='word_1_302' title='bbox 236 2585 243 2596; x_wconf 69' lang='lat'>&#39;</span> <span class='ocrx_word' id='word_1_303' title='bbox 306 2585 484 2658; x_wconf 82' lang='lat' dir='ltr'><strong>distribuere</strong></span> <span class='ocrx_word' id='word_1_304' title='bbox 508 2596 585 2658; x_wconf 87' lang='lat' dir='ltr'><strong>inter</strong></span> <span class='ocrx_word' id='word_1_305' title='bbox 607 2615 755 2676; x_wconf 86' lang='lat' dir='ltr'><strong>proceres.</strong></span> <span class='ocrx_word' id='word_1_306' title='bbox 788 2598 909 2659; x_wconf 85' lang='lat' dir='ltr'><strong>Nullam</strong></span> <span class='ocrx_word' id='word_1_307' title='bbox 933 2597 1059 2676; x_wconf 86' lang='lat' dir='ltr'><strong>amplius</strong></span> <span class='ocrx_word' id='word_1_308' title='bbox 1080 2596 1175 2658; x_wconf 80' lang='lat' dir='ltr'><strong>talem</strong></span> <span class='ocrx_word' id='word_1_309' title='bbox 1193 2594 1255 2658; x_wconf 91' lang='lat' dir='ltr'><strong>scio</strong></span> <span class='ocrx_word' id='word_1_310' title='bbox 1276 2593 1474 2656; x_wconf 84' lang='lat' dir='ltr'><strong>occasionem.</strong></span> <span class='ocrx_word' id='word_1_311' title='bbox 1509 2591 1563 2654; x_wconf 87' lang='lat' dir='ltr'><strong>Ad</strong></span> <span class='ocrx_word' id='word_1_312' title='bbox 1586 2593 1665 2654; x_wconf 84' lang='lat' dir='ltr'><strong>haec</strong></span> 
     </span>
     <span class='ocr_line' id='line_1_30' title="bbox 205 2682 1667 2766; baseline -0.002 -19"><span class='ocrx_word' id='word_1_313' title='bbox 205 2726 213 2736; x_wconf 87' lang='lat'>·</span> <span class='ocrx_word' id='word_1_314' title='bbox 301 2684 367 2764; x_wconf 85' lang='lat' dir='ltr'><strong>jam</strong></span> <span class='ocrx_word' id='word_1_315' title='bbox 390 2701 477 2764; x_wconf 89' lang='lat' dir='ltr'><strong>porro</strong></span> <span class='ocrx_word' id='word_1_316' title='bbox 502 2685 607 2754; x_wconf 89' lang='lat' dir='ltr'><strong>venale</strong></span> <span class='ocrx_word' id='word_1_317' title='bbox 629 2685 688 2748; x_wconf 90' lang='lat' dir='ltr'><strong>erit</strong></span> <span class='ocrx_word' id='word_1_318' title='bbox 716 2704 813 2749; x_wconf 91' lang='lat' dir='ltr'><strong>meum</strong></span> <span class='ocrx_word' id='word_1_319' title='bbox 843 2687 1034 2766; x_wconf 87' lang='lat' dir='ltr'><strong>opuseulum,</strong></span> <span class='ocrx_word' id='word_1_320' title='bbox 1067 2705 1120 2748; x_wconf 87' lang='lat' dir='ltr'><strong>neo</strong></span> <span class='ocrx_word' id='word_1_321' title='bbox 1150 2704 1204 2764; x_wconf 80' lang='lat' dir='ltr'><strong>ego</strong></span> <span class='ocrx_word' id='word_1_322' title='bbox 1233 2703 1328 2746; x_wconf 89' lang='lat' dir='ltr'><strong>novus</strong></span> <span class='ocrx_word' id='word_1_323' title='bbox 1357 2682 1487 2763; x_wconf 87' lang='lat' dir='ltr'><strong>amplius</strong></span> <span class='ocrx_word' id='word_1_324' title='bbox 1520 2701 1573 2744; x_wconf 90' lang='lat' dir='ltr'><strong>ero</strong></span> <span class='ocrx_word' id='word_1_325' title='bbox 1599 2699 1667 2744; x_wconf 89' lang='lat' dir='ltr'><strong>cum</strong></span> 
     </span>
    </p>
   </div>
   <div class='ocr_carea' id='block_1_8' title="bbox 304 2765 1699 4706">
    <p class='ocr_par' dir='ltr' id='par_1_10' title="bbox 304 2765 1699 4706">
     <span class='ocr_line' id='line_1_31' title="bbox 306 2765 1664 2857; baseline -0.004 -21"><span class='ocrx_word' id='word_1_326' title='bbox 306 2773 380 2836; x_wconf 83' lang='lat' dir='ltr'><strong>meis</strong></span> <span class='ocrx_word' id='word_1_327' title='bbox 403 2773 638 2852; x_wconf 83' lang='lat' dir='ltr'><strong>exemplaribus,</strong></span> <span class='ocrx_word' id='word_1_328' title='bbox 667 2774 836 2857; x_wconf 89' lang='lat' dir='ltr'><strong>bibliopolis</strong></span> <span class='ocrx_word' id='word_1_329' title='bbox 860 2775 1067 2837; x_wconf 84' lang='lat' dir='ltr'><strong>invehentibus</strong></span> <span class='ocrx_word' id='word_1_330' title='bbox 1096 2774 1169 2848; x_wconf 89' lang='lat' dir='ltr'><strong>alia,</strong></span> <span class='ocrx_word' id='word_1_331' title='bbox 1199 2781 1234 2834; x_wconf 89' lang='lat' dir='ltr'><strong>ut</strong></span> <span class='ocrx_word' id='word_1_332' title='bbox 1261 2771 1381 2836; x_wconf 84' lang='lat' dir='ltr'><strong>nimium</strong></span> <span class='ocrx_word' id='word_1_333' title='bbox 1410 2771 1468 2833; x_wconf 88' lang='lat' dir='ltr'><strong>sim</strong></span> <span class='ocrx_word' id='word_1_334' title='bbox 1492 2765 1664 2834; x_wconf 85' lang='lat' dir='ltr'><strong>habiturus.</strong></span> 
     </span>
     <span class='ocr_line' id='line_1_32' title="bbox 307 2860 1668 2945; baseline -0.001 -22"><span class='ocrx_word' id='word_1_335' title='bbox 307 2862 423 2925; x_wconf 87' lang='lat' dir='ltr'><strong>Vereor</strong></span> <span class='ocrx_word' id='word_1_336' title='bbox 445 2870 560 2935; x_wconf 88' lang='lat' dir='ltr'><strong>autern,</strong></span> <span class='ocrx_word' id='word_1_337' title='bbox 588 2871 625 2925; x_wconf 89' lang='lat' dir='ltr'><strong>ut</strong></span> <span class='ocrx_word' id='word_1_338' title='bbox 652 2863 682 2926; x_wconf 94' lang='lat' dir='ltr'><strong>in</strong></span> <span class='ocrx_word' id='word_1_339' title='bbox 704 2871 758 2927; x_wconf 91' lang='lat' dir='ltr'><strong>tua</strong></span> <span class='ocrx_word' id='word_1_340' title='bbox 780 2883 911 2945; x_wconf 88' lang='lat' dir='ltr'><strong>persona</strong></span> <span class='ocrx_word' id='word_1_341' title='bbox 934 2865 1072 2944; x_wconf 83' lang='lat' dir='ltr'><strong>effugium</strong></span> <span class='ocrx_word' id='word_1_342' title='bbox 1095 2870 1229 2943; x_wconf 88' lang='lat' dir='ltr'><strong>quaerat.</strong></span> <span class='ocrx_word' id='word_1_343' title='bbox 1276 2860 1311 2922; x_wconf 86' lang='lat' dir='ltr'><strong>Si</strong></span> <span class='ocrx_word' id='word_1_344' title='bbox 1333 2868 1366 2923; x_wconf 89' lang='lat' dir='ltr'><strong>tu</strong></span> <span class='ocrx_word' id='word_1_345' title='bbox 1388 2860 1418 2922; x_wconf 90' lang='lat' dir='ltr'><strong>in</strong></span> <span class='ocrx_word' id='word_1_346' title='bbox 1442 2879 1539 2922; x_wconf 88' lang='lat' dir='ltr'><strong>causa</strong></span> <span class='ocrx_word' id='word_1_347' title='bbox 1562 2877 1668 2921; x_wconf 87' lang='lat' dir='ltr'><strong>morae</strong></span> 
     </span>
     <span class='ocr_line' id='line_1_33' title="bbox 307 2949 1667 3034; baseline -0.004 -20"><span class='ocrx_word' id='word_1_348' title='bbox 307 2950 399 3026; x_wconf 85' lang='lat' dir='ltr'><strong>fuisti,</strong></span> <span class='ocrx_word' id='word_1_349' title='bbox 423 2952 580 3032; x_wconf 86' lang='lat' dir='ltr'><strong>promissis</strong></span> <span class='ocrx_word' id='word_1_350' title='bbox 604 2953 702 3029; x_wconf 86' lang='lat' dir='ltr'><strong>stabo,</strong></span> <span class='ocrx_word' id='word_1_351' title='bbox 727 2953 752 3015; x_wconf 89' lang='lat' dir='ltr'><strong>si</strong></span> <span class='ocrx_word' id='word_1_352' title='bbox 775 2955 826 3015; x_wconf 91' lang='lat' dir='ltr'><strong>ille</strong></span> <span class='ocrx_word' id='word_1_353' title='bbox 850 2954 939 3016; x_wconf 86' lang='lat' dir='ltr'><strong>aliter</strong></span> <span class='ocrx_word' id='word_1_354' title='bbox 962 2954 1119 3034; x_wconf 85' lang='lat' dir='ltr'><strong>quiescere</strong></span> <span class='ocrx_word' id='word_1_355' title='bbox 1137 2951 1231 3014; x_wconf 88' lang='lat' dir='ltr'><strong>nolit:</strong></span> <span class='ocrx_word' id='word_1_356' title='bbox 1256 2949 1392 3030; x_wconf 86' lang='lat' dir='ltr'><strong>quamvis</strong></span> <span class='ocrx_word' id='word_1_357' title='bbox 1410 2967 1521 3028; x_wconf 85' lang='lat' dir='ltr'><strong>cogere</strong></span> <span class='ocrx_word' id='word_1_358' title='bbox 1535 2967 1586 3010; x_wconf 83' lang='lat' dir='ltr'><strong>me</strong></span> <span class='ocrx_word' id='word_1_359' title='bbox 1607 2967 1667 3010; x_wconf 92' lang='lat' dir='ltr'><strong>non</strong></span> 
     </span>
     <span class='ocr_line' id='line_1_34' title="bbox 304 3038 1667 3122; baseline -0.002 -19"><span class='ocrx_word' id='word_1_360' title='bbox 304 3038 421 3122; x_wconf 55' lang='lat' dir='ltr'><strong>possit&lt;</strong></span> <span class='ocrx_word' id='word_1_361' title='bbox 445 3039 487 3102; x_wconf 81' lang='lat' dir='ltr'><strong>Et</strong></span> <span class='ocrx_word' id='word_1_362' title='bbox 510 3041 677 3104; x_wconf 88' lang='lat' dir='ltr'><strong>mehercule</strong></span> <span class='ocrx_word' id='word_1_363' title='bbox 700 3049 800 3104; x_wconf 89' lang='lat' dir='ltr'><strong>metuo</strong></span> <span class='ocrx_word' id='word_1_364' title='bbox 820 3043 864 3104; x_wconf 79' lang='lat' dir='ltr'><strong>ut&#39;</strong></span> <span class='ocrx_word' id='word_1_365' title='bbox 877 3039 921 3106; x_wconf 86' lang='grc'><strong>50</strong></span> <span class='ocrx_word' id='word_1_366' title='bbox 939 3043 1043 3104; x_wconf 90' lang='lat' dir='ltr'><strong>floreni</strong></span> <span class='ocrx_word' id='word_1_367' title='bbox 1065 3038 1130 3105; x_wconf 89' lang='grc'><strong>200</strong></span> <span class='ocrx_word' id='word_1_368' title='bbox 1144 3039 1363 3120; x_wconf 85' lang='lat' dir='ltr'><strong>exemplaribus</strong></span> <span class='ocrx_word' id='word_1_369' title='bbox 1378 3038 1541 3102; x_wconf 81' lang='lat' dir='ltr'><strong>sufficiant.</strong></span> <span class='ocrx_word' id='word_1_370' title='bbox 1577 3039 1667 3100; x_wconf 86' lang='lat' dir='ltr'><strong>Hanc</strong></span> 
     </span>
     <span class='ocr_line' id='line_1_35' title="bbox 305 3123 1668 3212; baseline -0.003 -20"><span class='ocrx_word' id='word_1_371' title='bbox 305 3129 398 3209; x_wconf 80' lang='lat' dir='ltr'><strong>igitur</strong></span> <span class='ocrx_word' id='word_1_372' title='bbox 412 3149 475 3192; x_wconf 89' lang='lat' dir='ltr'><strong>rem</strong></span> <span class='ocrx_word' id='word_1_373' title='bbox 489 3137 586 3196; x_wconf 88' lang='lat' dir='ltr'><strong>totam</strong></span> <span class='ocrx_word' id='word_1_374' title='bbox 601 3129 655 3192; x_wconf 91' lang='lat' dir='ltr'><strong>tibi</strong></span> <span class='ocrx_word' id='word_1_375' title='bbox 669 3131 821 3209; x_wconf 83' lang='lat' dir='ltr'><strong>permitto,</strong></span> <span class='ocrx_word' id='word_1_376' title='bbox 848 3131 987 3212; x_wconf 88' lang='lat' dir='ltr'><strong>quicquid</strong></span> <span class='ocrx_word' id='word_1_377' title='bbox 1004 3151 1072 3192; x_wconf 91' lang='lat' dir='ltr'><strong>oum</strong></span> <span class='ocrx_word' id='word_1_378' title='bbox 1094 3130 1159 3210; x_wconf 90' lang='lat' dir='ltr'><strong>ipso</strong></span> <span class='ocrx_word' id='word_1_379' title='bbox 1181 3136 1288 3209; x_wconf 90' lang='lat' dir='ltr'><strong>pactus</strong></span> <span class='ocrx_word' id='word_1_380' title='bbox 1313 3123 1408 3192; x_wconf 87' lang='lat' dir='ltr'><strong>amice</strong></span> <span class='ocrx_word' id='word_1_381' title='bbox 1433 3127 1539 3201; x_wconf 83' lang='lat' dir='ltr'><strong>fueris,</strong></span> <span class='ocrx_word' id='word_1_382' title='bbox 1565 3135 1668 3190; x_wconf 88' lang='lat' dir='ltr'><strong>ratum</strong></span> 
     </span>
     <span class='ocr_line' id='line_1_36' title="bbox 306 3215 1669 3301; baseline -0.001 -23"><span class='ocrx_word' id='word_1_383' title='bbox 306 3217 434 3279; x_wconf 88' lang='lat' dir='ltr'><strong>habebo.</strong></span> <span class='ocrx_word' id='word_1_384' title='bbox 473 3216 562 3279; x_wconf 75' lang='lat' dir='ltr'><strong>Attea</strong></span> <span class='ocrx_word' id='word_1_385' title='bbox 585 3218 657 3279; x_wconf 90' lang='lat' dir='ltr'><strong>mihi</strong></span> <span class='ocrx_word' id='word_1_386' title='bbox 681 3219 761 3279; x_wconf 89' lang='lat' dir='ltr'><strong>ultra</strong></span> <span class='ocrx_word' id='word_1_387' title='bbox 783 3215 826 3280; x_wconf 87' lang='grc'><strong>50</strong></span> <span class='ocrx_word' id='word_1_388' title='bbox 850 3219 1033 3298; x_wconf 84' lang='lat' dir='ltr'><strong>exemplaria</strong></span> <span class='ocrx_word' id='word_1_389' title='bbox 1055 3219 1084 3280; x_wconf 92' lang='lat' dir='ltr'><strong>in</strong></span> <span class='ocrx_word' id='word_1_390' title='bbox 1108 3217 1212 3301; x_wconf 80' lang='lat' dir='ltr'><strong>Styria</strong></span> <span class='ocrx_word' id='word_1_391' title='bbox 1233 3235 1322 3297; x_wconf 90' lang='lat' dir='ltr'><strong>porro</strong></span> <span class='ocrx_word' id='word_1_392' title='bbox 1346 3233 1404 3278; x_wconf 92' lang='lat' dir='ltr'><strong>non</strong></span> <span class='ocrx_word' id='word_1_393' title='bbox 1429 3235 1508 3296; x_wconf 89' lang='lat' dir='ltr'><strong>opus</strong></span> <span class='ocrx_word' id='word_1_394' title='bbox 1531 3224 1592 3278; x_wconf 87' lang='lat' dir='ltr'><strong>est.</strong></span> <span class='ocrx_word' id='word_1_395' title='bbox 1633 3215 1669 3278; x_wconf 89' lang='lat' dir='ltr'><strong>Si</strong></span> 
     </span>
     <span class='ocr_line' id='line_1_37' title="bbox 306 3303 1669 3388; baseline 0 -22"><span class='ocrx_word' id='word_1_396' title='bbox 306 3303 415 3366; x_wconf 86' lang='lat' dir='ltr'><strong>metuis</strong></span> <span class='ocrx_word' id='word_1_397' title='bbox 439 3311 473 3366; x_wconf 92' lang='lat' dir='ltr'><strong>ut</strong></span> <span class='ocrx_word' id='word_1_398' title='bbox 494 3305 591 3384; x_wconf 91' lang='lat' dir='ltr'><strong>ipsum</strong></span> <span class='ocrx_word' id='word_1_399' title='bbox 615 3305 759 3379; x_wconf 84' lang='lat' dir='ltr'><strong>offendas,</strong></span> <span class='ocrx_word' id='word_1_400' title='bbox 785 3313 816 3368; x_wconf 89' lang='lat' dir='ltr'><strong>et</strong></span> <span class='ocrx_word' id='word_1_401' title='bbox 837 3307 893 3368; x_wconf 90' lang='lat' dir='ltr'><strong>tibi</strong></span> <span class='ocrx_word' id='word_1_402' title='bbox 916 3307 1008 3383; x_wconf 89' lang='lat' dir='ltr'><strong>obsis,</strong></span> <span class='ocrx_word' id='word_1_403' title='bbox 1033 3309 1148 3388; x_wconf 89' lang='lat' dir='ltr'><strong>siquid</strong></span> <span class='ocrx_word' id='word_1_404' title='bbox 1172 3315 1290 3369; x_wconf 86' lang='lat' dir='ltr'><strong>tuarum</strong></span> <span class='ocrx_word' id='word_1_405' title='bbox 1313 3325 1410 3368; x_wconf 90' lang='lat' dir='ltr'><strong>rerum</strong></span> <span class='ocrx_word' id='word_1_406' title='bbox 1434 3306 1477 3368; x_wconf 84' lang='lat' dir='ltr'><strong>sit</strong></span> <span class='ocrx_word' id='word_1_407' title='bbox 1501 3305 1669 3387; x_wconf 87' lang='lat' dir='ltr'><strong>aliquando</strong></span> 
     </span>
     <span class='ocr_line' id='line_1_38' title="bbox 306 3393 1669 3476; baseline 0.001 -22"><span class='ocrx_word' id='word_1_408' title='bbox 306 3393 519 3469; x_wconf 87' lang='lat' dir='ltr'><strong>excudendum,</strong></span> <span class='ocrx_word' id='word_1_409' title='bbox 545 3413 657 3456; x_wconf 89' lang='lat' dir='ltr'><strong>excusa</strong></span> <span class='ocrx_word' id='word_1_410' title='bbox 679 3401 710 3455; x_wconf 80' lang='lat' dir='ltr'><strong>oe</strong></span> <span class='ocrx_word' id='word_1_411' title='bbox 734 3394 800 3474; x_wconf 89' lang='lat' dir='ltr'><strong>ipsi,</strong></span> <span class='ocrx_word' id='word_1_412' title='bbox 826 3402 858 3457; x_wconf 88' lang='lat' dir='ltr'><strong>et</strong></span> <span class='ocrx_word' id='word_1_413' title='bbox 881 3396 944 3458; x_wconf 86' lang='lat' dir='ltr'><strong>sine</strong></span> <span class='ocrx_word' id='word_1_414' title='bbox 968 3415 1015 3458; x_wconf 90' lang='lat' dir='ltr'><strong>me</strong></span> <span class='ocrx_word' id='word_1_415' title='bbox 1039 3414 1105 3459; x_wconf 80' lang='lat' dir='ltr'><strong>cunt</strong></span> <span class='ocrx_word' id='word_1_416' title='bbox 1128 3397 1193 3476; x_wconf 89' lang='lat' dir='ltr'><strong>ipso</strong></span> <span class='ocrx_word' id='word_1_417' title='bbox 1212 3395 1334 3475; x_wconf 86' lang='lat' dir='ltr'><strong>pacisci.</strong></span> <span class='ocrx_word' id='word_1_418' title='bbox 1371 3395 1452 3460; x_wconf 89' lang='lat' dir='ltr'><strong>Nolo</strong></span> <span class='ocrx_word' id='word_1_419' title='bbox 1471 3394 1533 3458; x_wconf 89' lang='lat' dir='ltr'><strong>tuis</strong></span> <span class='ocrx_word' id='word_1_420' title='bbox 1557 3396 1669 3458; x_wconf 87' lang='lat' dir='ltr'><strong>obesse</strong></span> 
     </span>
     <span class='ocr_line' id='line_1_39' title="bbox 306 3479 1669 3564; baseline 0.001 -20"><span class='ocrx_word' id='word_1_421' title='bbox 306 3479 478 3544; x_wconf 89' lang='lat' dir='ltr'><strong>commodis.</strong></span> <span class='ocrx_word' id='word_1_422' title='bbox 523 3483 606 3544; x_wconf 81' lang='lat' dir='ltr'><strong>Ante</strong></span> <span class='ocrx_word' id='word_1_423' title='bbox 629 3483 774 3545; x_wconf 88' lang='lat' dir='ltr'><strong>nundinas</strong></span> <span class='ocrx_word' id='word_1_424' title='bbox 798 3485 961 3564; x_wconf 87' lang='lat' dir='ltr'><strong>paciscere,</strong></span> <span class='ocrx_word' id='word_1_425' title='bbox 985 3505 1021 3547; x_wconf 86' lang='lat' dir='ltr'><strong>ne</strong></span> <span class='ocrx_word' id='word_1_426' title='bbox 1037 3487 1115 3564; x_wconf 82' lang='lat' dir='ltr'><strong>&#39;post</strong></span> <span class='ocrx_word' id='word_1_427' title='bbox 1138 3505 1176 3548; x_wconf 87' lang='lat' dir='ltr'><strong>cx</strong></span> <span class='ocrx_word' id='word_1_428' title='bbox 1198 3491 1307 3546; x_wconf 87' lang='lat' dir='ltr'><strong>eventu</strong></span> <span class='ocrx_word' id='word_1_429' title='bbox 1330 3483 1530 3546; x_wconf 86' lang='lat' dir='ltr'><strong>nundinarum</strong></span> <span class='ocrx_word' id='word_1_430' title='bbox 1556 3485 1596 3546; x_wconf 91' lang='lat' dir='ltr'><strong>de</strong></span> <span class='ocrx_word' id='word_1_431' title='bbox 1621 3503 1669 3546; x_wconf 89' lang='lat' dir='ltr'><strong>me</strong></span> 
     </span>
     <span class='ocr_line' id='line_1_40' title="bbox 306 3570 1671 3659; baseline 0.003 -27"><span class='ocrx_word' id='word_1_432' title='bbox 306 3577 432 3632; x_wconf 86' lang='lat' dir='ltr'><strong>statuat.</strong></span> <span class='ocrx_word' id='word_1_433' title='bbox 479 3571 559 3632; x_wconf 87' lang='lat' dir='ltr'><strong>Nam</strong></span> <span class='ocrx_word' id='word_1_434' title='bbox 586 3570 747 3634; x_wconf 88' lang='lat' dir='ltr'><strong>insidiosus</strong></span> <span class='ocrx_word' id='word_1_435' title='bbox 776 3581 832 3634; x_wconf 88' lang='lat' dir='ltr'><strong>cst.</strong></span> <span class='ocrx_word' id='word_1_436' title='bbox 878 3573 1026 3659; x_wconf 87' lang='lat' dir='ltr'><strong>Nuncium</strong></span> <span class='ocrx_word' id='word_1_437' title='bbox 1058 3592 1149 3634; x_wconf 87' lang='lat' dir='ltr'><strong>onera</strong></span> <span class='ocrx_word' id='word_1_438' title='bbox 1181 3572 1401 3654; x_wconf 87' lang='lat' dir='ltr'><strong>exemplaribus</strong></span> <span class='ocrx_word' id='word_1_439' title='bbox 1435 3573 1464 3634; x_wconf 92' lang='lat' dir='ltr'><strong>in</strong></span> <span class='ocrx_word' id='word_1_440' title='bbox 1496 3573 1603 3636; x_wconf 86' lang='lat' dir='ltr'><strong>reditu</strong></span> <span class='ocrx_word' id='word_1_441' title='bbox 1633 3593 1671 3636; x_wconf 86' lang='lat' dir='ltr'><strong>ex</strong></span> 
     </span>
     <span class='ocr_line' id='line_1_41' title="bbox 305 3655 1699 3743; baseline 0.002 -23"><span class='ocrx_word' id='word_1_442' title='bbox 305 3657 438 3733; x_wconf 85' lang='lat' dir='ltr'><strong>Alsatis,</strong></span> <span class='ocrx_word' id='word_1_443' title='bbox 461 3667 550 3736; x_wconf 89' lang='lat' dir='ltr'><strong>prout</strong></span> <span class='ocrx_word' id='word_1_444' title='bbox 571 3659 621 3722; x_wconf 87' lang='lat' dir='ltr'><strong>ille</strong></span> <span class='ocrx_word' id='word_1_445' title='bbox 646 3679 725 3740; x_wconf 89' lang='lat' dir='ltr'><strong>aqua</strong></span> <span class='ocrx_word' id='word_1_446' title='bbox 739 3662 787 3722; x_wconf 89' lang='lat' dir='ltr'><strong>vel</strong></span> <span class='ocrx_word' id='word_1_447' title='bbox 801 3670 883 3739; x_wconf 86' lang='lat' dir='ltr'><strong>terra</strong></span> <span class='ocrx_word' id='word_1_448' title='bbox 897 3661 1077 3724; x_wconf 89' lang='lat' dir='ltr'><strong>descendere</strong></span> <span class='ocrx_word' id='word_1_449' title='bbox 1093 3655 1270 3736; x_wconf 75' lang='lat' dir='ltr'><strong>decreverit,</strong></span> <span class='ocrx_word' id='word_1_450' title='bbox 1294 3672 1437 3743; x_wconf 89' lang='lat' dir='ltr'><strong>quantum</strong></span> <span class='ocrx_word' id='word_1_451' title='bbox 1461 3663 1545 3724; x_wconf 86' lang='lat' dir='ltr'><strong>serre</strong></span> <span class='ocrx_word' id='word_1_452' title='bbox 1570 3665 1669 3726; x_wconf 86' lang='lat' dir='ltr'><strong>volet.</strong></span> <span class='ocrx_word' id='word_1_453' title='bbox 1695 3704 1699 3712; x_wconf 84' lang='lat'>·</span> 
     </span>
     <span class='ocr_line' id='line_1_42' title="bbox 307 3740 1668 3832; baseline 0.001 -20"><span class='ocrx_word' id='word_1_454' title='bbox 307 3745 466 3812; x_wconf 83' lang='lat' dir='ltr'><strong>-Etiam</strong></span> <span class='ocrx_word' id='word_1_455' title='bbox 488 3747 561 3810; x_wconf 92' lang='lat' dir='ltr'><strong>illud</strong></span> <span class='ocrx_word' id='word_1_456' title='bbox 584 3756 636 3810; x_wconf 87' lang='lat' dir='ltr'><strong>tuo</strong></span> <span class='ocrx_word' id='word_1_457' title='bbox 655 3749 768 3828; x_wconf 91' lang='lat' dir='ltr'><strong>judicio</strong></span> <span class='ocrx_word' id='word_1_458' title='bbox 792 3740 1035 3832; x_wconf 64' lang='lat' dir='ltr'><strong>permitto,‘quid</strong></span> <span class='ocrx_word' id='word_1_459' title='bbox 1051 3770 1097 3814; x_wconf 87' lang='lat' dir='ltr'><strong>mc</strong></span> <span class='ocrx_word' id='word_1_460' title='bbox 1113 3749 1265 3830; x_wconf 81' lang='lat' dir='ltr'><strong>Tubingae</strong></span> <span class='ocrx_word' id='word_1_461' title='bbox 1291 3753 1390 3814; x_wconf 84' lang='lat' dir='ltr'><strong>iacere</strong></span> <span class='ocrx_word' id='word_1_462' title='bbox 1416 3751 1584 3814; x_wconf 86' lang='lat' dir='ltr'><strong>honestum</strong></span> <span class='ocrx_word' id='word_1_463' title='bbox 1608 3751 1668 3814; x_wconf 88' lang='lat' dir='ltr'><strong>ait:</strong></span> 
     </span>
     <span class='ocr_line' id='line_1_43' title="bbox 307 3835 1668 3920; baseline 0.005 -25"><span class='ocrx_word' id='word_1_464' title='bbox 307 3835 469 3915; x_wconf 90' lang='lat' dir='ltr'><strong>cuicunque</strong></span> <span class='ocrx_word' id='word_1_465' title='bbox 484 3837 636 3916; x_wconf 84' lang='lat' dir='ltr'><strong>exemplar</strong></span> <span class='ocrx_word' id='word_1_466' title='bbox 651 3837 778 3901; x_wconf 90' lang='lat' dir='ltr'><strong>dandum</strong></span> <span class='ocrx_word' id='word_1_467' title='bbox 794 3859 908 3911; x_wconf 90' lang='lat' dir='ltr'><strong>censes,</strong></span> <span class='ocrx_word' id='word_1_468' title='bbox 932 3841 1019 3914; x_wconf 85' lang='lat' dir='ltr'><strong>dabo,</strong></span> <span class='ocrx_word' id='word_1_469' title='bbox 1045 3847 1077 3901; x_wconf 88' lang='lat' dir='ltr'><strong>et</strong></span> <span class='ocrx_word' id='word_1_470' title='bbox 1096 3839 1160 3919; x_wconf 91' lang='lat' dir='ltr'><strong>jam</strong></span> <span class='ocrx_word' id='word_1_471' title='bbox 1174 3840 1406 3919; x_wconf 84' lang='lat' dir='ltr'><strong>daripermeos</strong></span> <span class='ocrx_word' id='word_1_472' title='bbox 1421 3839 1537 3904; x_wconf 90' lang='lat' dir='ltr'><strong>amicos</strong></span> <span class='ocrx_word' id='word_1_473' title='bbox 1560 3841 1668 3920; x_wconf 90' lang='lat' dir='ltr'><strong>jubeo.</strong></span> 
     </span>
     <span class='ocr_line' id='line_1_44' title="bbox 307 3922 1672 4010; baseline 0.005 -25"><span class='ocrx_word' id='word_1_474' title='bbox 307 3922 385 3985; x_wconf 87' lang='lat' dir='ltr'><strong>Illud</strong></span> <span class='ocrx_word' id='word_1_475' title='bbox 408 3923 499 3986; x_wconf 87' lang='lat' dir='ltr'><strong>etiam</strong></span> <span class='ocrx_word' id='word_1_476' title='bbox 525 3944 571 3987; x_wconf 89' lang='lat' dir='ltr'><strong>me</strong></span> <span class='ocrx_word' id='word_1_477' title='bbox 600 3934 725 4006; x_wconf 83' lang='lat' dir='ltr'><strong>gravat,</strong></span> <span class='ocrx_word' id='word_1_478' title='bbox 759 3947 816 4010; x_wconf 92' lang='lat' dir='ltr'><strong>qno</strong></span> <span class='ocrx_word' id='word_1_479' title='bbox 848 3928 945 3991; x_wconf 88' lang='lat' dir='ltr'><strong>minus</strong></span> <span class='ocrx_word' id='word_1_480' title='bbox 973 3925 1039 3992; x_wconf 93' lang='grc'><strong>200</strong></span> <span class='ocrx_word' id='word_1_481' title='bbox 1062 3947 1116 4007; x_wconf 87' lang='lat' dir='ltr'><strong>ego</strong></span> <span class='ocrx_word' id='word_1_482' title='bbox 1145 3947 1244 3990; x_wconf 89' lang='lat' dir='ltr'><strong>emere</strong></span> <span class='ocrx_word' id='word_1_483' title='bbox 1272 3929 1413 4009; x_wconf 81' lang='lat' dir='ltr'><strong>possim,</strong></span> <span class='ocrx_word' id='word_1_484' title='bbox 1437 3931 1519 4010; x_wconf 90' lang='lat' dir='ltr'><strong>quod</strong></span> <span class='ocrx_word' id='word_1_485' title='bbox 1543 3929 1672 3993; x_wconf 87' lang='lat' dir='ltr'><strong>Rbetici</strong></span> 
     </span>
     <span class='ocr_line' id='line_1_45' title="bbox 307 4011 1671 4100; baseline 0.004 -26"><span class='ocrx_word' id='word_1_486' title='bbox 307 4011 440 4074; x_wconf 87' lang='lat' dir='ltr'><strong>narratio</strong></span> <span class='ocrx_word' id='word_1_487' title='bbox 463 4013 590 4091; x_wconf 87' lang='lat' dir='ltr'><strong>pretium</strong></span> <span class='ocrx_word' id='word_1_488' title='bbox 614 4015 745 4092; x_wconf 80' lang='lat' dir='ltr'><strong>augebit.</strong></span> <span class='ocrx_word' id='word_1_489' title='bbox 790 4017 894 4079; x_wconf 87' lang='lat' dir='ltr'><strong>Habes</strong></span> <span class='ocrx_word' id='word_1_490' title='bbox 918 4025 1107 4096; x_wconf 86' lang='lat' dir='ltr'><strong>argumenta,</strong></span> <span class='ocrx_word' id='word_1_491' title='bbox 1132 4024 1163 4079; x_wconf 91' lang='lat' dir='ltr'><strong>et</strong></span> <span class='ocrx_word' id='word_1_492' title='bbox 1185 4017 1280 4091; x_wconf 89' lang='lat' dir='ltr'><strong>vides,</strong></span> <span class='ocrx_word' id='word_1_493' title='bbox 1304 4037 1444 4098; x_wconf 86' lang='lat' dir='ltr'><strong>quorsum</strong></span> <span class='ocrx_word' id='word_1_494' title='bbox 1468 4019 1497 4081; x_wconf 95' lang='lat' dir='ltr'><strong>in</strong></span> <span class='ocrx_word' id='word_1_495' title='bbox 1523 4021 1671 4100; x_wconf 87' lang='lat' dir='ltr'><strong>pactione</strong></span> 
     </span>
     <span class='ocr_line' id='line_1_46' title="bbox 308 4099 1672 4189; baseline 0.006 -27"><span class='ocrx_word' id='word_1_496' title='bbox 308 4099 524 4181; x_wconf 87' lang='lat' dir='ltr'><strong>respiciendum</strong></span> <span class='ocrx_word' id='word_1_497' title='bbox 552 4103 601 4164; x_wconf 90' lang='lat' dir='ltr'><strong>sit.</strong></span> <span class='ocrx_word' id='word_1_498' title='bbox 646 4104 738 4167; x_wconf 89' lang='lat' dir='ltr'><strong>Porro</strong></span> <span class='ocrx_word' id='word_1_499' title='bbox 771 4106 894 4170; x_wconf 87' lang='lat' dir='ltr'><strong>nuncius</strong></span> <span class='ocrx_word' id='word_1_500' title='bbox 928 4105 957 4168; x_wconf 93' lang='lat' dir='ltr'><strong>in</strong></span> <span class='ocrx_word' id='word_1_501' title='bbox 990 4105 1139 4168; x_wconf 88' lang='lat' dir='ltr'><strong>mandatis</strong></span> <span class='ocrx_word' id='word_1_502' title='bbox 1168 4106 1278 4181; x_wconf 88' lang='lat' dir='ltr'><strong>habet,</strong></span> <span class='ocrx_word' id='word_1_503' title='bbox 1313 4115 1346 4170; x_wconf 92' lang='lat' dir='ltr'><strong>ut</strong></span> <span class='ocrx_word' id='word_1_504' title='bbox 1373 4105 1413 4170; x_wconf 85' lang='grc'><strong>12</strong></span> <span class='ocrx_word' id='word_1_505' title='bbox 1437 4107 1468 4174; x_wconf 89' lang='lat' dir='ltr'><strong>fl.</strong></span> <span class='ocrx_word' id='word_1_506' title='bbox 1493 4107 1672 4189; x_wconf 82' lang='lat' dir='ltr'><strong>Marpachii</strong></span> 
     </span>
     <span class='ocr_line' id='line_1_47' title="bbox 308 4191 1671 4278; baseline 0.007 -27"><span class='ocrx_word' id='word_1_507' title='bbox 308 4196 448 4267; x_wconf 88' lang='lat' dir='ltr'><strong>acceptos</strong></span> <span class='ocrx_word' id='word_1_508' title='bbox 472 4191 551 4269; x_wconf 89' lang='lat' dir='ltr'><strong>apud</strong></span> <span class='ocrx_word' id='word_1_509' title='bbox 573 4199 603 4254; x_wconf 94' lang='lat' dir='ltr'><strong>te</strong></span> <span class='ocrx_word' id='word_1_510' title='bbox 628 4193 772 4273; x_wconf 91' lang='lat' dir='ltr'><strong>deponat,</strong></span> <span class='ocrx_word' id='word_1_511' title='bbox 798 4201 829 4256; x_wconf 90' lang='lat' dir='ltr'><strong>ct</strong></span> <span class='ocrx_word' id='word_1_512' title='bbox 852 4195 915 4256; x_wconf 85' lang='lat' dir='ltr'><strong>lieri</strong></span> <span class='ocrx_word' id='word_1_513' title='bbox 938 4202 1055 4274; x_wconf 86' lang='lat' dir='ltr'><strong>potest,</strong></span> <span class='ocrx_word' id='word_1_514' title='bbox 1079 4203 1113 4256; x_wconf 91' lang='lat' dir='ltr'><strong>ut</strong></span> <span class='ocrx_word' id='word_1_515' title='bbox 1134 4195 1260 4269; x_wconf 82' lang='lat' dir='ltr'><strong>Lucius,</strong></span> <span class='ocrx_word' id='word_1_516' title='bbox 1285 4197 1426 4258; x_wconf 87' lang='lat' dir='ltr'><strong>Decanus</strong></span> <span class='ocrx_word' id='word_1_517' title='bbox 1445 4195 1671 4278; x_wconf 82' lang='lat' dir='ltr'><strong>Waiblingen-</strong></span> 
     </span>
     <span class='ocr_line' id='line_1_48' title="bbox 309 4276 1671 4368; baseline 0.01 -31"><span class='ocrx_word' id='word_1_518' title='bbox 309 4276 367 4350; x_wconf 88' lang='lat' dir='ltr'><strong>sis,</strong></span> <span class='ocrx_word' id='word_1_519' title='bbox 394 4277 486 4339; x_wconf 84' lang='lat' dir='ltr'><strong>etiam</strong></span> <span class='ocrx_word' id='word_1_520' title='bbox 509 4280 619 4360; x_wconf 86' lang='lat' dir='ltr'><strong>aliquid</strong></span> <span class='ocrx_word' id='word_1_521' title='bbox 644 4283 723 4360; x_wconf 86' lang='lat' dir='ltr'><strong>apud</strong></span> <span class='ocrx_word' id='word_1_522' title='bbox 745 4291 775 4345; x_wconf 91' lang='lat' dir='ltr'><strong>te</strong></span> <span class='ocrx_word' id='word_1_523' title='bbox 799 4283 945 4362; x_wconf 89' lang='lat' dir='ltr'><strong>deponat,</strong></span> <span class='ocrx_word' id='word_1_524' title='bbox 975 4283 1004 4344; x_wconf 89' lang='lat' dir='ltr'><strong>in</strong></span> <span class='ocrx_word' id='word_1_525' title='bbox 1033 4302 1125 4345; x_wconf 89' lang='lat' dir='ltr'><strong>causa</strong></span> <span class='ocrx_word' id='word_1_526' title='bbox 1151 4284 1204 4345; x_wconf 84' lang='lat' dir='ltr'><strong>filit</strong></span> <span class='ocrx_word' id='word_1_527' title='bbox 1232 4280 1294 4360; x_wconf 90' lang='lat' dir='ltr'><strong>sui,</strong></span> <span class='ocrx_word' id='word_1_528' title='bbox 1325 4285 1374 4365; x_wconf 91' lang='lat' dir='ltr'><strong>qni</strong></span> <span class='ocrx_word' id='word_1_529' title='bbox 1398 4285 1446 4346; x_wconf 89' lang='lat' dir='ltr'><strong>hio</strong></span> <span class='ocrx_word' id='word_1_530' title='bbox 1471 4295 1530 4347; x_wconf 88' lang='lat' dir='ltr'><strong>eet.</strong></span> <span class='ocrx_word' id='word_1_531' title='bbox 1581 4285 1671 4368; x_wconf 81' lang='lat' dir='ltr'><strong>Rogo</strong></span> 
     </span>
     <span class='ocr_line' id='line_1_49' title="bbox 308 4365 1673 4454; baseline 0.009 -28"><span class='ocrx_word' id='word_1_532' title='bbox 308 4365 464 4447; x_wconf 88' lang='lat' dir='ltr'><strong>pecuniam</strong></span> <span class='ocrx_word' id='word_1_533' title='bbox 486 4367 567 4429; x_wconf 88' lang='lat' dir='ltr'><strong>illam</strong></span> <span class='ocrx_word' id='word_1_534' title='bbox 589 4369 738 4450; x_wconf 85' lang='lat' dir='ltr'><strong>tantisper</strong></span> <span class='ocrx_word' id='word_1_535' title='bbox 759 4371 929 4444; x_wconf 88' lang='lat' dir='ltr'><strong>custodias,</strong></span> <span class='ocrx_word' id='word_1_536' title='bbox 953 4369 1021 4432; x_wconf 89' lang='lat' dir='ltr'><strong>dum</strong></span> <span class='ocrx_word' id='word_1_537' title='bbox 1045 4372 1114 4454; x_wconf 87' lang='lat' dir='ltr'><strong>quid</strong></span> <span class='ocrx_word' id='word_1_538' title='bbox 1137 4390 1174 4432; x_wconf 90' lang='lat' dir='ltr'><strong>ea</strong></span> <span class='ocrx_word' id='word_1_539' title='bbox 1196 4371 1260 4434; x_wconf 85' lang='lat' dir='ltr'><strong>fieri</strong></span> <span class='ocrx_word' id='word_1_540' title='bbox 1283 4374 1380 4439; x_wconf 85' lang='lat' dir='ltr'><strong>velim·</strong></span> <span class='ocrx_word' id='word_1_541' title='bbox 1405 4374 1592 4451; x_wconf 88' lang='lat' dir='ltr'><strong>rescribam,</strong></span> <span class='ocrx_word' id='word_1_542' title='bbox 1618 4385 1673 4438; x_wconf 82' lang='lat' dir='ltr'><strong>aut</strong></span> 
     </span>
     <span class='ocr_line' id='line_1_50' title="bbox 309 4455 1672 4538; baseline 0.008 -21"><span class='ocrx_word' id='word_1_543' title='bbox 309 4455 373 4536; x_wconf 87' lang='lat' dir='ltr'><strong>ipse</strong></span> <span class='ocrx_word' id='word_1_544' title='bbox 402 4455 478 4517; x_wconf 81' lang='lat' dir='ltr'><strong>forte</strong></span> <span class='ocrx_word' id='word_1_545' title='bbox 505 4457 641 4533; x_wconf 86' lang='lat' dir='ltr'><strong>veniam,</strong></span> <span class='ocrx_word' id='word_1_546' title='bbox 670 4459 735 4522; x_wconf 89' lang='lat' dir='ltr'><strong>Deo</strong></span> <span class='ocrx_word' id='word_1_547' title='bbox 762 4461 857 4524; x_wconf 89' lang='lat' dir='ltr'><strong>vitam</strong></span> <span class='ocrx_word' id='word_1_548' title='bbox 886 4459 1041 4538; x_wconf 86' lang='lat' dir='ltr'><strong>largiente.</strong></span> <span class='ocrx_word' id='word_1_549' title='bbox 1093 4457 1195 4522; x_wconf 85' lang='lat' dir='ltr'><strong>Causa</strong></span> <span class='ocrx_word' id='word_1_550' title='bbox 1223 4462 1300 4524; x_wconf 88' lang='lat' dir='ltr'><strong>enim</strong></span> <span class='ocrx_word' id='word_1_551' title='bbox 1329 4482 1398 4525; x_wconf 88' lang='lat' dir='ltr'><strong>mea</strong></span> <span class='ocrx_word' id='word_1_552' title='bbox 1430 4463 1672 4528; x_wconf 83' lang='lat' dir='ltr'><strong>matrimonialis</strong></span> 
     </span>
     <span class='ocr_line' id='line_1_51' title="bbox 309 4543 1673 4634; baseline 0.009 -29"><span class='ocrx_word' id='word_1_553' title='bbox 309 4543 420 4624; x_wconf 90' lang='lat' dir='ltr'><strong>pendet</strong></span> <span class='ocrx_word' id='word_1_554' title='bbox 442 4544 471 4606; x_wconf 92' lang='lat' dir='ltr'><strong>in</strong></span> <span class='ocrx_word' id='word_1_555' title='bbox 491 4545 602 4624; x_wconf 91' lang='lat' dir='ltr'><strong>judicio</strong></span> <span class='ocrx_word' id='word_1_556' title='bbox 626 4549 861 4613; x_wconf 81' lang='lat' dir='ltr'><strong>ecclesiastico·</strong></span> <span class='ocrx_word' id='word_1_557' title='bbox 889 4545 923 4610; x_wconf 91' lang='lat' dir='ltr'><strong>Si</strong></span> <span class='ocrx_word' id='word_1_558' title='bbox 946 4547 1059 4622; x_wconf 87' lang='lat' dir='ltr'><strong>solvar,</strong></span> <span class='ocrx_word' id='word_1_559' title='bbox 1091 4548 1224 4624; x_wconf 90' lang='lat' dir='ltr'><strong>decrevi,</strong></span> <span class='ocrx_word' id='word_1_560' title='bbox 1253 4558 1287 4613; x_wconf 89' lang='lat' dir='ltr'><strong>ut</strong></span> <span class='ocrx_word' id='word_1_561' title='bbox 1309 4571 1387 4614; x_wconf 89' lang='lat' dir='ltr'><strong>nunc</strong></span> <span class='ocrx_word' id='word_1_562' title='bbox 1410 4553 1535 4634; x_wconf 88' lang='lat' dir='ltr'><strong>quidem</strong></span> <span class='ocrx_word' id='word_1_563' title='bbox 1561 4555 1673 4627; x_wconf 89' lang='lat' dir='ltr'><strong>habeo,</strong></span> 
     </span>
     <span class='ocr_line' id='line_1_52' title="bbox 310 4633 1670 4706; baseline 0.007 -10"><span class='ocrx_word' id='word_1_564' title='bbox 310 4634 349 4696; x_wconf 88' lang='lat' dir='ltr'><strong>ad</strong></span> <span class='ocrx_word' id='word_1_565' title='bbox 371 4651 426 4694; x_wconf 86' lang='lat' dir='ltr'><strong>vos</strong></span> <span class='ocrx_word' id='word_1_566' title='bbox 453 4633 568 4696; x_wconf 87' lang='lat' dir='ltr'><strong>redire:</strong></span> <span class='ocrx_word' id='word_1_567' title='bbox 597 4634 654 4696; x_wconf 89' lang='lat' dir='ltr'><strong>nisi</strong></span> <span class='ocrx_word' id='word_1_568' title='bbox 683 4637 762 4699; x_wconf 87' lang='lat' dir='ltr'><strong>aliud</strong></span> <span class='ocrx_word' id='word_1_569' title='bbox 790 4635 956 4700; x_wconf 88' lang='lat' dir='ltr'><strong>suaseritis.</strong></span> <span class='ocrx_word' id='word_1_570' title='bbox 1002 4636 1047 4697; x_wconf 87' lang='lat' dir='ltr'><strong>De</strong></span> <span class='ocrx_word' id='word_1_571' title='bbox 1071 4637 1216 4700; x_wconf 83' lang='lat' dir='ltr'><strong>sumtibus</strong></span> <span class='ocrx_word' id='word_1_572' title='bbox 1247 4641 1435 4703; x_wconf 87' lang='lat' dir='ltr'><strong>schematum</strong></span> <span class='ocrx_word' id='word_1_573' title='bbox 1460 4649 1550 4705; x_wconf 91' lang='lat' dir='ltr'><strong>tuum</strong></span> <span class='ocrx_word' id='word_1_574' title='bbox 1575 4653 1608 4706; x_wconf 89' lang='lat' dir='ltr'><strong>et</strong></span> <span class='ocrx_word' id='word_1_575' title='bbox 1631 4643 1670 4705; x_wconf 92' lang='lat' dir='ltr'><strong>D.</strong></span> 
     </span>
    </p>
   </div>
   <div class='ocr_carea' id='block_1_9' title="bbox 309 4721 1672 4896">
    <p class='ocr_par' dir='ltr' id='par_1_11' title="bbox 309 4721 1672 4896">
     <span class='ocr_line' id='line_1_53' title="bbox 309 4721 1672 4818; baseline 0.012 -37"><span class='ocrx_word' id='word_1_576' title='bbox 309 4721 506 4784; x_wconf 82' lang='lat' dir='ltr'><strong>Hafenretieri</strong></span> <span class='ocrx_word' id='word_1_577' title='bbox 529 4729 594 4784; x_wconf 90' lang='lat' dir='ltr'><strong>esto</strong></span> <span class='ocrx_word' id='word_1_578' title='bbox 618 4723 695 4787; x_wconf 91' lang='lat' dir='ltr'><strong>inter</strong></span> <span class='ocrx_word' id='word_1_579' title='bbox 717 4745 762 4788; x_wconf 92' lang='lat' dir='ltr'><strong>me</strong></span> <span class='ocrx_word' id='word_1_580' title='bbox 787 4737 818 4788; x_wconf 83' lang='lat' dir='ltr'><strong>et</strong></span> <span class='ocrx_word' id='word_1_581' title='bbox 840 4725 1057 4808; x_wconf 84' lang='lat' dir='ltr'><strong>typographum</strong></span> <span class='ocrx_word' id='word_1_582' title='bbox 1081 4732 1224 4788; x_wconf 86' lang='lat' dir='ltr'><strong>statuere.</strong></span> <span class='ocrx_word' id='word_1_583' title='bbox 1256 4729 1336 4796; x_wconf 85' lang='lat' dir='ltr'><strong>Vale</strong></span> <span class='ocrx_word' id='word_1_584' title='bbox 1357 4729 1405 4796; x_wconf 85' lang='grc'><strong>01.</strong></span> <span class='ocrx_word' id='word_1_585' title='bbox 1429 4731 1457 4792; x_wconf 95' lang='lat' dir='ltr'><strong>d.</strong></span> <span class='ocrx_word' id='word_1_586' title='bbox 1483 4741 1672 4818; x_wconf 84' lang='lat' dir='ltr'><strong>praeceptor</strong></span> 
     </span>
     <span class='ocr_line' id='line_1_54' title="bbox 311 4821 1621 4896; baseline 0.006 -22"><span class='ocrx_word' id='word_1_587' title='bbox 311 4827 414 4896; x_wconf 83' lang='lat' dir='ltr'><strong>meque</strong></span> <span class='ocrx_word' id='word_1_588' title='bbox 438 4829 539 4874; x_wconf 88' lang='lat' dir='ltr'><strong>amare</strong></span> <span class='ocrx_word' id='word_1_589' title='bbox 561 4821 663 4896; x_wconf 77' lang='lat' dir='ltr'><strong>perpe.</strong></span> <span class='ocrx_word' id='word_1_590' title='bbox 1619 4835 1621 4838; x_wconf 89' lang='grc'><strong><em>·</em></strong></span> 
     </span>
    </p>
   </div>
   <div class='ocr_carea' id='block_1_10' title="bbox 0 0 1789 5528">
    <p class='ocr_par' dir='ltr' id='par_1_12' title="bbox 0 0 1789 5528">
     <span class='ocr_line' id='line_1_55' title="bbox 0 0 1789 5528; baseline 0 0"><span class='ocrx_word' id='word_1_591' title='bbox 0 0 1789 5528; x_wconf 95' lang='lat' dir='ltr'><strong> </strong></span> 
     </span>
    </p>
   </div>
  </div>
 </body>
</html>
