3674 5528
333 263 400 339 m
752 261 852 314 Literna
870 261 974 328 tentari
993 261 1148 340 ιιιοιιιιφι
1162 267 1265 314 mamae

332 419 749 501 armemanensis.
795 419 923 486 Nonnisi
948 418 1031 500 origo
1055 419 1208 500 notosque
1232 439 1269 486 ea
1294 419 1397 488 antae
1417 429 1509 498 ιιιιι,
1533 426 1676 500 artae*
1796 419 1797 422 ’

332 521 381 573 set
405 529 471 572 cum
495 508 647 570 ιιιιιιιὶι
670 509 844 588 petmutari.
892 507 973 580 Quid
998 516 1030 570 tu
1050 509 1141 588 jam?
1185 509 1421 580 Inclinationes,
1446 510 1678 584 ais,1nutaatan

332 619 397 662 cum
422 597 593 669 aetatibns;
619 605 652 659 at
675 616 733 659 nou
756 604 967 678 permutantur
990 597 1165 670 contrariis,
1189 599 1243 660 sed
1268 598 1494 673 imminuuntur,
1527 605 1677 666 transeunt

332 690 361 752 io
386 695 533 770 cognatos
556 685 719 766 proximos,
744 694 904 766 practerea
927 687 983 748 hoc
1008 686 1082 754 nihil
1105 687 1144 754 ad
1168 707 1240 750 rem.
1287 687 1447 752 Inclinatio
1463 687 1546 753 euim-
1565 685 1606 748 sic
1629 707 1678 753 ace

333 785 423 856 cepta
445 775 480 840 fit
502 773 785 856 particularissiraa,
817 783 852 842 ut
873 775 957 854 pueri
982 775 1021 839 ad
1044 795 1146 838 nuces,
1193 775 1259 856 Ego
1284 795 1355 838 vero
1379 777 1483 856 loqtar
1506 775 1543 842 de
1566 775 1677 840 uniret·-

334 865 389 927 sali
415 865 592 926 charactere
616 864 852 940 inclinationmn,
878 863 927 944 qui
951 865 1054 943 negari
1073 883 1131 925 non
1146 872 1258 944 potest,
1283 873 1469 950 apparetque
1483 881 1537 944 pro
1554 871 1679 926 aetatu·

332 953 517 1024 conditione,
547 952 716 1014 evidentius
741 951 833 1028 alitis,
867 951 945 1014 elida
969 952 1135 1015 obscurius.
1183 953 1340 1034 Nusquam
1362 959 1396 1014 ιι
1420 953 1570 1034 copiosius
1594 971 1677 1035 argu-

333 1042 476 1110 mentatis
500 1041 670 1124 probasque
694 1042 798 1115 valde,
833 1041 973 1122 conjungi
1005 1049 1246 1122 temperamenta
1270 1041 1512 1107 inclinationibus
1546 1050 1578 1107 ιι
1600 1041 1680 1108 simul

333 1131 494 1196 immutari.
542 1127 639 1199 Quasi
669 1148 725 1210 ego
754 1130 812 1192 hec
840 1131 1027 1208 negaverim!
1076 1131 1160 1192 Vera
1183 1129 1273 1202 dicis,
1307 1139 1424 1196 tantum
1448 1149 1485 1194 ιι
1510 1131 1607 1204 dicas,
1638 1129 1681 1194 uel

333 1227 572 1299 tvenrperamenta
595 1218 643 1279 vel
667 1218 876 1280 inclinationes
901 1219 1081 1280 naturaliter
1108 1237 1198 1299 posse
1217 1221 1382 1299 permutari
1405 1219 1495 1300 plane
1519 1217 1680 1282 contrariis.

333 1310 367 1370 lu
392 1309 447 1370 hoc
472 1309 565 1369 etiam
589 1307 738 1385 pervertis
762 1327 859 1370 meam
883 1309 1086 1374 sententiam:
1111 1309 1179 1368 dum
1204 1309 1322 1388 scripsi,
1349 1316 1383 1369 nt
1405 1308 1509 1371 oculus
1533 1308 1572 1370 ad
1591 1307 1681 1375 album

333 1407 364 1460 et
388 1397 519 1478 nigrum,
554 1396 597 1458 sic
622 1397 737 1459 animus
761 1397 799 1458 ad
824 1397 898 1464 haec
921 1401 1007 1475 παθη
1037 1397 1182 1458 coelestia
1207 1397 1357 1476 (intellige
1382 1397 1569 1478 praemissa:
1602 1396 1682 1474 forte,
1796 1449 1797 1452 ,

334 1485 443 1559 debile,
470 1485 665 1565 eurytbmea,
691 1486 915 1558 commosset),
941 1485 1086 1563 intelligis
1111 1494 1144 1550 ιι
1162 1486 1199 1546 ad
1216 1485 1450 1558 inclinationem,
1477 1494 1510 1545 nt
1534 1485 1615 1552 turta
1634 1485 1681 1549 ino.
1795 1513 1797 1530 ι

334 1575 416 1636 Male
439 1582 471 1635 tu
497 1591 568 1651 ergo
592 1574 780 1634 remeaturus
814 1592 908 1652 negas
931 1573 960 1634 in
984 1574 1069 1635 coelo
1102 1573 1327 1648 inchoationes,
1361 1583 1395 1638 ut
1418 1575 1517 1634 furta:
1545 1591 1611 1634 sum
1632 1590 1682 1652 ege
1796 1589 1797 1664 J

333 1663 379 1724 bis
405 1662 503 1723 verbis
527 1661 599 1725 nihil
626 1661 706 1725 aliud
731 1662 852 1742 egerim,
899 1653 967 1724 Non
992 1670 1062 1742 peto
1087 1670 1160 1734 ate,
1185 1663 1224 1728 nri
1240 1662 1368 1736 Fabrici,
1394 1673 1429 1724 ut
1447 1660 1543 1731 multa
1565 1661 1682 1734 scribas,

333 1753 388 1817 sed
411 1760 444 1816 ιι
468 1769 505 1818 ex
530 1750 731 1816 fundamentis
756 1750 829 1814 bene
855 1751 1049 1816 collectarum
1074 1751 1299 1830 cogitationum
1348 1751 1567 1828 Tanainque,
1593 1749 1622 1814 si
1639 1767 1683 1812 re·

335 1840 464 1920 legisses
488 1859 556 1900 mea
579 1847 612 1903 et
633 1849 696 1913 tua,
721 1840 850 1926 vidisses
875 1859 929 1902 nes
953 1839 1000 1902 bic
1026 1840 1104 1902 idem
1127 1859 1229 1918 agere.

423 1930 456 1990 In
481 1928 575 1990 astris
599 1927 674 2008 ipsis
699 1929 808 1990 andam
832 1929 1019 1990 caliditatem
1044 1937 1076 1988 et
1099 1929 1195 1990 lucem
1209 1927 1330 2000 statuis,
1356 1946 1449 2008 negas
1469 1926 1683 1998 inclinationes,

337 2019 401 2098 ipse
427 2035 543 2100 quoque
568 2017 786 2097 explicaturus,
821 2018 968 2097 quomodo
1002 2017 1211 2081 inclinationes
1244 2038 1262 2076 a
1291 2017 1384 2081 coelo.
1433 2016 1526 2079 Nuda
1556 2016 1630 2076 haec
1659 2013 1684 2074 in

337 2107 432 2174 astris
453 2105 582 2173 colloco:
610 2106 718 2179 lucem,
743 2105 881 2180 rubemn,
906 2105 1069 2188 fulgidum,
1094 2105 1251 2185 pallidum,
1277 2105 1389 2180 celere,
1415 2106 1544 2178 tandum,
1570 2103 1685 2184 euryth-
1796 2095 1797 2108 ¹

336 2215 414 2268 man,
440 2195 710 2259 mimatensis
759 2194 985 2268 [collectiones.
1007 2203 1042 2258 ut
1064 2195 1163 2256 ethice
1186 2195 1426 2268 censidereotur,
1451 2212 1540 2274 noga.
1588 2191 1623 2260 Si
1642 2190 1685 2254 ni-
1796 2199 1797 2204 ’

339 2284 441 2346 mium*
455 2282 547 2344 astris
571 2281 676 2356 tribui,
706 2284 839 2362 oporcmt
867 2292 897 2345 ta
927 2284 1069 2345 refutare.
1116 2283 1215 2358 Dicis,
1250 2282 1417 2344 obtinuisse
1439 2282 1501 2346 vim
1536 2278 1686 2362 vegeant

338 2391 375 2432 ex
401 2371 549 2438 relatione
583 2371 702 2444 divina;
734 2372 902 2437 naturalem
931 2371 990 2432 rim
1019 2373 1064 2441 ris
1089 2371 1131 2434 ibi
1159 2381 1338 2445 extenuare,
1370 2371 1425 2434 sed
1450 2371 1551 2434 Deum
1577 2376 1686 2452 partem

338 2469 468 2528 ιιιιιιι
489 2458 573 2526 facis.
619 2459 687 2528 Non
713 2459 801 2528 valde
825 2479 973 2542 repugno,
1006 2461 1059 2522 sed
1081 2461 1136 2528 hoc
1161 2461 1245 2534 dico,
1279 2467 1309 2520 te
1333 2459 1457 2526 nimium
1480 2460 1580 2528 adbm
1604 2456 1687 2526 astris

337 2550 479 2612 tribuere.
527 2545 595 2612 Tibi
617 2547 704 2614 Deus
726 2549 764 2610 ad
789 2557 875 2616 astra
897 2548 1031 2628 respicit,
1056 2559 1091 2612 ut
1112 2556 1354 2628 temperamenta
1378 2551 1488 2612 formet
1511 2557 1544 2613 et
1567 2547 1685 2612 melina

338 2639 446 2712 dones,
472 2635 544 2698 mriri
567 2636 686 2698 animae
710 2637 888 2699 sublunares
913 2639 951 2700 ad
977 2638 1055 2700 idem
1074 2639 1113 2700 ob
1137 2637 1215 2700 idem
1239 2637 1411 2720 respiciunt.

426 2725 584 2800 Dixeram,
619 2725 766 2788 malitiam
790 2726 921 2788 ethicam
946 2746 1003 2788 non
1029 2727 1066 2788 ab
1091 2727 1197 2788 astris:
1235 2744 1319 2808 ergo,
1345 2726 1463 2805 inquis,
1494 2726 1558 2786 alia
1582 2739 1687 2803 quoque

269 2841 278 2858 ·
339 2821 461 2896 praeses
483 2824 569 2880 astra
593 2822 663 2878 sunt
686 2815 885 2880 adsciscendo
908 2817 937 2879 in
959 2815 1106 2896 judicium
1125 2812 1347 2894 astrologicam.
1391 2813 1560 2918 Equidem·
1597 2812 1640 2879 At
1660 2817 1688 2870 tu

338 2923 435 2982 negas
457 2904 485 2967 id
511 2904 584 2964 fieri.
632 2901 880 2984 Oimprovidam
905 2905 1052 2966 rationem
1076 2903 1283 2982 praedicendi!
1332 2903 1448 2966 Deinde
1469 2903 1529 2974 ais,
1553 2901 1688 2966 incertam

337 2993 536 3076 astrologiam
559 3011 637 3066 csse,
663 2991 688 3052 si
712 2993 768 3054 hoc
793 3011 893 3054 verum
919 2994 968 3054 sit.
1016 2993 1136 3066 lateor,
1162 3001 1247 3054 tanto
1267 2992 1479 3065 incertiorest,
1504 2997 1615 3072 quanto
1639 3008 1689 3048 nu·

336 3083 401 3144 dior
425 3080 611 3156 abethiciS,
645 3080 795 3160 politicis,
829 3081 1007 3162 theologicis
1033 3081 1237 3160 respectibus3
1272 3088 1392 3142 etcum
1416 3077 1518 3140 omnia
1542 3077 1689 3163 complexa

338 3179 397 3242 est
421 3179 524 3244 tanna
547 3155 662 3234 incerta
687 3178 734 3233 est
758 3169 853 3258 omnis
878 3169 1054 3250 praedictio.

425 3257 516 3331 Eece,
541 3266 628 3338 apert
630 3278 645 3318 e
614 3266 703 3324 tet
726 3253 863 3337 tegente,
889 3259 965 3339 qnod
991 3256 1350 3338 petis,ta1udiligenter
1373 3257 1457 3322 velut
1480 3229 1573 3318 aureo
1597 3251 1689 3332 gladie

341 3345 489 3406 Gordium
511 3347 620 3408 nodum
645 3348 746 3421 seeui3
771 3355 803 3408 tu
826 3346 897 3408 miti
923 3349 997 3408 cedo
1020 3346 1143 3408 Asiam!

427 3433 491 3496 Sed
512 3435 629 3516 pergis:
665 3437 688 3497 si
719 3394 858 3497 defectus
883 3436 921 3497 ab
945 3435 1037 3498 astris
1062 3471 1104 3481 -
1128 3433 1223 3494 malr
1201 3441 1245 3502 ιι
1278 3433 1399 3512 igitur.-
1427 3431 1588 3511 Equidem.
1635 3427 1689 3489 Sed

338 3543 398 3590 non
420 3524 531 3598 ethica,
556 3521 609 3588 sed
634 3524 764 3588 deterior
788 3523 929 3595 conditio,
954 3533 987 3588 ut
1011 3531 1058 3586 est
1082 3523 1175 3584 totius
1201 3529 1326 3588 naturae
1351 3523 1432 3596 (curn
1457 3529 1506 3582 est
1534 3516 1689 3604 perfectis-

337 3613 433 3686 sima)
456 3620 594 3691 respectu
620 3612 690 3678 Dei
735 3613 850 3678 Deinde
875 3632 932 3676 non
958 3613 1183 3674 inclinationum
1199 3611 1387 3676 debilitatem
1412 3619 1442 3674 et
1461 3608 1690 3676 deformitatem

338 3701 423 3762 sed
416 3719 447 3762 ιιι
469 3719 578 3780 genere
603 3701 828 3763 deformitatem
851 3709 883 3763 et
906 3701 1095 3764 debilitatem
1125 3709 1156 3761 et
1179 3699 1397 3760 dissonantiam
1424 3699 1476 3760 isc.
1503 3698 1606 3759 inesse
1630 3695 1690 3756 dico

338 3788 474 3876 aspectui
502 3789 578 3850 coeli
602 3799 633 3850 et
657 3791 701 3850 sic
734 3791 920 3870 generaliter
941 3789 1035 3869 recipi
1059 3791 1089 3850 in
1114 3790 1243 3850 animam
1275 3795 1410 3891 tempore
1434 3805 1600 3866 geneseos,
1632 3781 1691 3843 sine

338 3879 401 3946 alia
425 3877 500 3940 coeli
524 3896 629 3957 opera
664 3877 720 3945 atsi
746 3880 830 3981 quod
849 3879 1023 3959 expositum
1045 3886 1092 3946 est
1116 3877 1232 3943 coelum
1257 3877 1364 3938 animis
1394 3875 1533 3940 adhaec
1559 3889 1689 3952 compre-

338 3966 527 4038 bassianam,
559 3975 592 4032 ιι
621 3967 673 4034 ιιι
705 3967 744 4032 ad
775 3969 929 4034 visionem
978 3968 1023 4030 De
1053 3976 1153 4030 cetero
1184 3985 1230 4029 nae
1259 3966 1332 4027 bene
1363 3965 1464 4045 capis.
1499 3983 1598 4044 neque
1620 3979 1690 4042 qaae

338 4055 469 4117 exstruis
494 4055 565 4116 mihi
590 4065 661 4117 sunt
684 4056 826 4117 absurda.
875 4055 1019 4131 Quamis,
1044 4075 1084 4117 an
1107 4075 1138 4116 ιι
1162 4055 1230 4134 ipsa
1252 4054 1310 4114 bec
1334 4054 1417 4116 aliud
1440 4052 1489 4125 sit,
1516 4071 1605 4132 quam
1628 4069 1689 4112 rua-

340 4146 412 4218 ium,
449 4143 525 4228 qued
550 4163 588 4204 ex
612 4145 770 4212 debilitate
794 4145 870 4210 coeli
899 4145 1015 4209 animus
1044 4144 1151 4205 debilis
1180 4142 1390 4205 inclinationes
1418 4141 1531 4203 babeat
1561 4135 1690 4200 debiles?

339 4233 429 4307 Dico,
453 4253 484 4303 rt
509 4232 578 4312 ipsa
599 4253 677 4300 esse.
725 4233 817 4299 Aliud
841 4235 871 4299 iu
896 4234 978 4298 coelo
1004 4233 1145 4297 debilitas
1174 4241 1204 4292 et
1229 4231 1420 4306 deformitas,
1452 4249 1507 4312 per
1530 4248 1618 4312 quam
1642 4245 1689 4298 so-

339 4324 382 4383 let
410 4331 518 4388 catara
547 4324 728 4390 quaestore
758 4321 796 4386 ad
826 4322 1090 4400 pulchritudinem,
1125 4329 1158 4382 ut
1181 4339 1234 4400 per
1260 4321 1396 4386 infinitos
1418 4318 1609 4397 intelligatos
1636 4335 1688 4420 pe

338 4412 415 4473 situs
439 4411 481 4474 ad
503 4410 632 4490 aliquem
656 4411 846 4490 colligatum,
881 4411 999 4474 aliud'
991 4430 1020 4472 ru
1050 4409 1170 4474 homine
1194 4409 1285 4474 animi
1310 4408 1506 4482 deformitas3
1540 4425 1606 4468 curn
1629 4405 1689 4502 jam

338 4500 443 4580 incipit
467 4501 688 4579 concupiscere,
714 4509 762 4560 est
785 4499 1045 4580 concupiscentiae
1069 4498 1261 4572 deformitas,
1288 4498 1344 4563 boe
1369 4515 1484 4562 rursum
1510 4495 1600 4569 mind,
1625 4489 1691 4573 qaia

339 4589 461 4669 abjecta
484 4599 679 4665 concurrunt,
710 4587 836 4667 denique
861 4607 929 4650 enin
952 4589 1017 4668 agit
1041 4588 1078 4650 ad
1102 4595 1260 4666 peccatum
1290 4595 1322 4650 et
1345 4593 1532 4650 consummet
1566 4583 1690 4648 antae

340 4678 494 4740 malitiam.
542 4677 606 4740 Nec
630 4678 746 4741 eoelum
768 4677 852 4741 illum
876 4676 989 4756 coegit,
1020 4685 1056 4741 ιι
1077 4676 1264 4750 vinceretur,
1287 4675 1344 4740 etsi
1368 4675 1525 4740 stimulata
1543 4691 1632 4736 carue
1656 4667 1690 4728 ad

342 4783 473 4843 pugnat
496 4765 580 4830 illum
603 4765 734 4829 vocavit.
775 4763 944 4844 Exspecto,
978 4765 1107 4831 otuon'
1095 4784 1162 4845 Jam
1185 4784 1301 4846 quoque
1325 4764 1401 4832 velis
1426 4761 1618 4836 concludere,
1647 4773 1689 4820 ιιι
