3628 5518
660 321 743 390 (iapnt
758 323 825 376 m.
844 323 923 378 xxm.

460 511 505 576 IN
528 509 667 574 CAPUT
689 508 930 577 vlcuslmum
952 513 1124 580 PRIMUM
1229 508 1236 520 '

633 635 748 687 Norat
768 635 947 692 sucuoms.

191 737 218 806 a)
225 739 458 834 'Superum'
444 758 504 812 pem
531 760 614 814 porro
635 752 679 800 est
707 745 779 800 baec
809 745 985 815 conjectatio.
1027 747 1103 802 Vera
1129 746 1202 802 euim
1229 745 1409 818 proportione
1429 746 1470 802 iu·

124 820 231 885 renta'
222 839 251 876 ιιι
270 837 327 892 qua
348 822 474 878 defectus
494 824 579 894 plaue
600 825 701 889 nullus,
723 825 787 896 quid
808 826 873 882 mihi
895 844 965 898 opus
987 835 1032 883 est
1051 827 1123 884 falso
1143 827 1275 882 delectui

190 897 220 970 b)
241 902 314 965 unio
343 919 396 958 neo
425 919 542 974 corpora
569 923 618 960 seu
643 907 752 978 figurae
781 907 860 962 solae
880 908 1002 964 formant
1027 909 1179 964 intervalla
1197 908 1389 978 planetarum.
1419 925 1472 964 uec

121 990 228 1038 ιιιιιιιιι
248 981 344 1038 talis
336 1001 367 1038 ιι
387 983 524 1038 individuo
545 991 589 1038 est
608 987 762 1056 proportio.
804 987 849 1042 lta
869 988 1045 1059 utrumque
1037 1007 1065 1043 ιι
1086 1003 1179 1044 5ιιοι5
1200 989 1374 1042 versabatur.

189 1059 213 1128 c)
235 1061 394 1120 Conciliato
414 1070 480 1120 suut
498 1063 571 1119 inter
592 1084 622 1118 se
644 1067 714 1120 libro
735 1066 769 1120 V.
791 1066 1028 1124 Harmouioorum.
1232 1079 1236 1086 “

187 1137 217 1212 5)
235 1143 333 1198 Ριιίιο
365 1145 431 1198 mbo
461 1145 597 1214 perihelio
619 1145 748 1209 Veneris,
780 1147 823 1200 oui
853 1149 1002 1204 octaedrou
1032 1147 1200 1203 inscribatur
1229 1147 1351 1220 partium
1382 1146 1468 1210 1000,

120 1230 209 1278 eontra
223 1223 350 1280 octaedri
371 1225 516 1280 distabunt
537 1243 555 1280 5
576 1232 671 1281 centro
692 1225 854 1296 systematis
879 1228 1008 1298 partibus
1032 1227 1103 1291 559,
1134 1243 1194 1282 oum
1214 1225 1345 1282 Mercurii
1365 1241 1471 1282 summa

119 1303 239 1359 distauua
260 1322 298 1359 ox
314 1305 467 1375 Goperuioo
490 1315 635 1376 promatur
649 1305 716 1370 723,
740 1305 831 1362 media
845 1307 911 1373 500,
934 1308 1029 1380 itaque
1052 1315 1192 1379 puuctum,
1216 1307 1264 1362 ubi
1286 1306 1469 1362 terminantur

119 1391 201 1454 partes
224 1383 291 1448 559,
317 1391 364 1440 est
387 1384 496 1455 inipso
521 1386 613 1456 spatio
637 1403 687 1441 seu
712 1385 889 1458 spissitudine
913 1388 1002 1451 orbis;
1024 1393 1055 1444 et
1076 1405 1130 1442 non
1153 1388 1181 1442 in
1204 1387 1300 1452 medio,
1325 1388 1373 1442 sed
1395 1387 1470 1442 inter

118 1465 220 1519 medium
242 1463 301 1518 500
326 1471 358 1518 et
378 1481 512 1520 ιιιιιιιιιι
536 1464 604 1521 723.

185 1541 213 1612 5)
232 1545 295 1599 Hoc
307 1544 436 1600 nimirum
449 1545 598 1600 limandum
612 1551 683 1610 erat,
707 1547 914 1617 proportionem
928 1547 1047 1604 alteram
1061 1565 1123 1604 esse
1146 1547 1262 1604 alterius
1277 1564 1332 1604 nou
1345 1549 1467 1618 duplam,

118 1626 157 1678 sed
177 1624 398 1695 sesquialteram.

185 1700 211 1771 l)
234 1704 272 1760 Ut
295 1705 405 1761 clarum
427 1703 480 1760 faoi
504 1696 590 1774 priori
615 1705 708 1776 capite
730 1704 758 1760 iu
782 1705 1019 1760 annotationibus.

182 1778 215 1856 g)
237 1783 365 1840 Vidimus
389 1791 454 1855 poet
468 1784 505 1838 22
520 1801 607 1840 anuos
629 1791 660 1840 et
681 1783 773 1858 gavisi
793 1801 894 1851 sumus,
919 1786 1019 1840 saltem
1043 1802 1106 1856 ego,
1130 1792 1198 1858 puto
1214 1793 1244 1844 et
1258 1785 1423 1842 Maestlinus
1438 1791 1469 1842 et

117 1864 211 1934 plun'mi
234 1865 294 1930 alii,
319 1865 367 1936 qui
393 1866 441 1920 lib.
465 1865 498 1919 V.
525 1865 658 1920 Hermon.
683 1871 749 1920 suut
771 1865 879 1929 lecturi,
901 1865 1052 1936 participes
1076 1874 1158 1921 erunt
1175 1865 1280 1939 gaudii.

183 1941 212 2008 5)
234 1945 280 2004 lta
304 1945 479 2000 somniabam
503 1944 536 1999 de
558 1945 687 2009 veritate,
712 1945 810 2016 opinor
834 1945 905 2000 bono
918 1946 980 2001 Deo
1004 1945 1167 2016 inspirante.
1209 1947 1313 2002 Elicita
1335 1952 1388 2012 ett,
1412 1963 1466 2002 555

116 2023 169 2078 lino
181 2025 295 2094 quidem,
321 2027 372 2080 sed
395 2043 432 2080 ex
455 2024 612 2090 harmoniis,
636 2027 710 2081 ratio
732 2025 976 2090 eoceutrioitetnm,
1006 2028 1052 2079 sed
1076 2031 1169 2081 55555
1190 2028 1328 2082 mediante
1351 2027 1404 2082 hoo
1426 2026 1466 2081 iu·

116 2112 199 2166 renim
221 2122 273 2160 neo
296 2105 369 2160 illud
393 2113 460 2160 anto
482 2104 540 2160 lieri
563 2101 664 2176 pot'uit,
689 2121 771 2177 quam
794 2107 847 2161 hoo
869 2109 1042 2162 emendatum
1064 2106 1226 2162 haberetur.
1267 2107 1339 2163 Nam
1361 2107 1409 2161 lib.
1431 2105 1464 2162 V.

117 2185 197 2240 Herm
211 2201 273 2255 cap.
289 2184 318 2240 3.
334 2186 449 2256 ponitur
461 2184 535 2240 inter
547 2185 685 2257 principia
698 2185 940 2241 demonstrationis
954 2186 1025 2240 5555
1038 2187 1226 2257 sesquialtera
1239 2187 1390 2258 proportio.

182 2258 204 2333 i)
226 2265 282 2319 Pro
303 2267 350 2320 his
372 2283 426 2321 555
449 2264 581 2336 pertesus
596 2265 752 2321 intervallis
771 2284 809 2321 ex
823 2267 974 2337 Goperuioo
993 2266 1082 2321 habes
1097 2267 1193 2323 Herm
1208 2267 1257 2323 lib.
1272 2267 1306 2322 V.
1321 2266 1465 2338 perfectis·

116 2345 174 2400 555
185 2363 220 2401 ex
234 2345 412 2401 astronomia
424 2363 476 2416 per
490 2344 698 2402 observationes
713 2347 877 2402 Braheauas
891 2352 1061 2418 restaspata.

181 2422 214 2494 k)
236 2427 361 2482 Rursum
376 2425 545 2482 somniabam
559 2428 592 2481 de
606 2426 737 2482 recitate.
770 2426 840 2482 Vide
857 2429 1032 2484 emendatum
1046 2427 1153 2482 modum
1167 2427 1240 2482 huuc
1253 2425 1303 2482 lib.
1320 2427 1354 2482 V.
1368 2425 1464 2480 Ηιιιιι.

115 2521 165 2576 cap.
180 2506 205 2561 0.
219 2522 301 2578 prop.
317 2507 368 2564 46.
385 2505 432 2563 47.
448 2505 496 2562 48.
512 2506 559 2561 40.

180 2583 201 2652 l)
225 2587 324 2642 Cubus
339 2586 510 2642 exteriorum
532 2592 563 2640 et
585 2587 735 2642 octaedrou
754 2584 914 2642 interiorum
935 2585 1050 2642 ultimae
1069 2585 1203 2652 similiter,
1227 2586 1254 2640 id
1277 2589 1464 2656 estpenetra·

113 2665 159 2720 tire
179 2667 330 2730 intersunt,
356 2673 388 2721 et
409 2683 465 2721 uon
488 2665 678 2722 intermedias
694 2666 849 2732 distantiae,
871 2666 981 2722 nimium
1002 2667 1063 2722 hoo.
1092 2667 1155 2721 Duo
1169 2684 1235 2721 rero
1248 2664 1390 2728 interiora,
1418 2664 1465 2717 do·

113 2745 250 2802 demedrou
264 2752 302 2801 et
315 2747 487 2808 ioosaedron,
503 2746 611 2810 similia,
626 2763 734 2802 rursum
748 2746 887 2811 similiter,
903 2747 929 2801 id
944 2751 988 2800 est
1002 2746 1151 2811 defective,
1170 2753 1202 2800 at
1215 2763 1270 2800 non
1284 2745 1357 2800 iuter
1370 2749 1463 2799 extre·

113 2841 171 2880 mam
184 2833 212 2880 et
224 2827 356 2890 mediam,
381 2842 488 2881 rursum
511 2827 564 2880 hoo
578 2826 688 2882 nimium
703 2833 755 2881 ost.
794 2827 965 2882 Tetraddron
979 2843 1045 2882 vero
1064 2825 1172 2881 omniuo
1191 2841 1241 2880 suo
1256 2823 1357 2880 lruitur
1378 2821 1464 2878 etiam

113 2904 148 2960 hic
161 2906 319 2978 privilegio,
344 2906 515 2980 interestque
537 2907 612 2961 iuter
634 2913 775 2961 extremes
798 2907 962 2962 distantias:
987 2906 1068 2962 imam
1090 2905 1176 2970 doris,
1201 2921 1332 2960 summam
1352 2901 1461 2958 hlmtis.

112 2985 161 3038 lloe
173 2986 210 3040 sic
222 3003 291 3042 eeae
305 2988 408 3042 dobere
422 2986 608 3040 demonstrari
623 2986 856 3057 propositionibus
866 2989 927 3057 ,iam
940 2986 1084 3058 allegatis.

178 3065 300 3122 Ceterae
322 3066 475 3122 errantium
489 3061 663 3121 numerorum
677 3069 712 3122 ad
726 3067 875 3124 veritatem
888 3067 1048 3130 allusiones,
1070 3081 1139 3138 quas
1159 3063 1262 3135 passim
1276 3064 1381 3155 allego,
1405 3061 1461 3116 for·

112 3144 188 3200 tritae
201 3153 280 3207 mut.
303 3163 355 3201 uec
368 3146 480 3219 dignae,
503 3162 575 3217 quae
589 3147 782 3209 excutientem
803 3147 944 3217 jucundae
959 3155 1053 3202 tamen
1067 3145 1133 3202 mihi
1149 3143 1302 3216 recognitu.
1326 3142 1392 3216 quia
1405 3157 1462 3198 mo·

111 3232 182 3290 seut,
203 3227 307 3298 quibus
330 3225 495 3291 555555ιί5,
519 3242 633 3296 quorum
654 3227 793 3296 parietum
815 3229 978 3300 palpatione
999 3244 1050 3344 per
1071 3227 1203 3282 tenebras
1226 3222 1403 3296 ignorantiae
1427 3223 1462 3278 ad

111 3305 239 3373 polluoens
271 3306 372 3362 ostium
394 3305 524 3362 veritatis
551 3307 715 3363 devenerim.

687 3541 877 3558 ..Ι-*Μ’-

645 3739 766 3844 Caput
791 3741 919 3818 XXII.

256 3895 399 3962 Promea
422 3917 481 3970 ιιι·
502 3916 598 3982 cuper
619 3902 787 3983 oeprsoutio
809 3909 913 3966 cosdro
935 3901 1113 3984 aequaliter
1133 3911 1304 3967 moveator.

184 4038 330 4103 Didioisti
352 4041 453 4116 modo,
479 4042 583 4114 lector,
606 4043 699 4105 etiam
722 4043 901 4123 imperfecte
925 4059 1120 4124 cognoscere,
1146 4063 1204 4124 quo
1228 4045 1325 4107 miuus
1349 4049 1461 4116 metuo,

113 4134 136 4188 te
155 4130 290 4192 clumam
314 4130 394 4192 hano
417 4137 450 4191 et
473 4131 613 4210 frigidam
629 4133 844 4214 catastrophen
860 4133 1061 4214 explosorum.
1095 4133 1209 4196 Ultimo
1229 4141 1330 4195 eutem
1348 4131 1462 4194 referre

112 4217 198 4290 solui,
230 4236 298 4280 curn
325 4218 399 4300 quia
421 4218 526 4281 ultimo
550 4221 615 4283 1555
639 4221 754 4296 babeo,
785 4228 849 4284 tum
873 4223 943 4304 quia
966 4242 1033 4285 oum
1057 4221 1188 4284 motibus
1215 4222 1376 4296 cohaeret,
1405 4235 1462 4282 neo

112 4306 232 4385 expediri
256 4307 321 4368 siue
345 4303 399 4369 20.
426 4307 527 4389 capite
552 4317 667 4389 potest,
698 4311 836 4391 quamvis
863 4312 902 4373 ad
934 4307 983 4374 tt.
1014 4311 1146 4392 proprie
1154 4311 1324 4391 pertineat,
1358 4315 1394 4370 ut
1419 4307 1460 4370 ibi

112 4395 228 4457 monitus
251 4411 296 4459 es.

188 4481 263 4546 Cum
293 4483 372 4547 bauo
401 4485 557 4564 figuralem
586 4487 736 4550 coelorum
763 4488 985 4569 proportionem
1008 4487 1163 4551 Maestliui
1187 4505 1332 4550 censurae
1356 4483 1459 4561 subje-

113 4569 215 4648 cissem,
238 4571 265 4634 is
289 4592 338 4635 me
359 4574 397 4636 de
413 4576 598 4676 superiorum
617 4575 770 4658 epioyoliis
787 4577 910 4651 monuit,
936 4594 1011 4656 quos
1027 4575 1211 4655 Ooperuious
1235 4577 1300 4638 loeo
1323 4588 1459 4650 aequan-

113 4659 175 4723 lium
195 4662 384 4738 introduxit,
419 4662 528 4744 quique
562 4663 651 4745 duplo
674 4663 818 4744 majorem
841 4665 977 4728 efficiant
999 4665 1063 4727 orbi
1093 4663 1337 4743 spissitudinem,
1371 4674 1461 4737 quam

112 4747 236 4824 planetae
251 4769 402 4815 ascensus
418 4751 640 4833 descensusque
655 4753 789 4834 requirit.
822 4753 895 4817 Ει
886 4773 915 4814 ιι
940 4753 1129 4816 interioribus
1153 4751 1278 4834 quidem
1289 4747 1342 4808 alii
1359 4753 1461 4809 motus

112 4845 178 4914 emt,
200 4842 307 4921 quibus
332 4841 464 4924 planeta
486 4841 524 4902 sd
549 4859 666 4905 omnem
688 4841 769 4905 illius
792 4842 918 4926 epicyoli
941 4840 1132 4904 altitudinem
1155 4835 1305 4910 evehitur,
1329 4833 1369 4896 sd
1391 4850 1460 4896 om-
