3674 5528
317 297 383 368 300
743 301 844 354 Literaa
862 301 965 367 Keplsrl
983 301 1134 368 aliorumque
1150 307 1252 354 mutuae
1310 341 1314 348 .

294 461 374 524 -fida
398 459 500 541 digno,
525 460 576 522 rix
597 461 710 523 imitari
734 462 846 535 audeo)
870 462 986 541 periers
1011 461 1140 524 ilamruis
1163 456 1205 523 25
1229 459 1375 534 homines,
1399 455 1420 522 4
1443 465 1554 532 turres,
1579 457 1677 538 ipsius

316 549 403 612 Jovis
417 548 565 631 palatium
579 559 662 612 metu
677 549 801 629 periculi
825 569 910 612 snum
930 549 1046 628 expulit
1061 549 1273 611 habitatorem.
1312 545 1426 610 Omnes
1445 547 1575 610 reditum
1591 547 1675 626 prin-

319 637 393 718 cipis
425 637 588 716 trepidant.
635 638 754 700 Dicitur
781 639 889 699 Italica
917 639 1030 699 auxilia
1058 638 1216 699 adducere.
1269 635 1396 698 Senatui
1425 635 1522 700 civico
1551 643 1676 697 nostrae

316 725 518 790 confessionis
535 726 730 806 magistratus
755 727 919 806 abrogatus
944 735 999 787 est.
1046 727 1206 786 Portarum
1222 733 1253 786 et
1268 724 1493 786 armamentarii
1508 723 1606 786 urbici
1622 743 1676 785 cu-

317 815 436 876 stodiae
467 813 570 893 Papae
603 815 826 877 confessoribus
860 815 1002 876 creditae.
1050 815 1198 876 Minaruru
1231 811 1331 875 omnia
1363 813 1462 893 plena.
1509 811 1573 874 Sed
1608 831 1678 872 ecce

317 903 431 964 omina:
455 910 518 964 tros
542 903 571 964 in
597 903 653 965 hac
678 903 749 965 urbe
773 911 928 966 matronae
953 903 1057 964 eodem
1082 903 1143 963 fera
1167 911 1311 981 ternpore,
1337 902 1483 963 adornato
1506 900 1678 980 puerperio,

316 991 466 1054 conducta
489 998 521 1052 et
544 993 695 1054 accersita
718 991 899 1067 obstetrice,
929 992 978 1053 diu
1011 1011 1065 1062 τας
1090 989 1197 1061 donae
1219 998 1416 1070 expectantes
1447 990 1570 1051 tandem
1596 989 1677 1050 didi-

316 1098 382 1141 cere
407 1098 426 1140 a
449 1079 511 1140 suis
536 1079 758 1153 obstetricibus,
779 1101 811 1143 se
831 1090 948 1142 uterum
967 1097 1025 1141 non
1041 1098 1156 1159 gerere,
1180 1079 1286 1141 Haben
1302 1079 1385 1160 Drey
1401 1079 1462 1140 iehl
1477 1077 1677 1150 (Nullitates)

315 1167 456 1249 geboren.
501 1169 592 1231 Faxit
615 1169 698 1231 Dens
728 1176 826 1230 ratum
857 1188 941 1230 omen
975 1176 1006 1229 et
1029 1168 1158 1246 dissipet
1185 1167 1312 1229 consilia
1336 1166 1581 1228 adversariomm
1605 1183 1679 1227 suo-

315 1276 389 1318 rum.
437 1253 565 1318 Oremus
589 1265 690 1320 autem
713 1257 819 1338 ipsum,
843 1266 878 1320 nt
900 1256 1178 1319 innocentissimum
1202 1257 1355 1335 juvenculi
1378 1255 1521 1336 principis
1546 1253 1678 1316 animum

316 1352 421 1407 contra
452 1345 600 1423 pessimos
633 1346 820 1408 consultores
852 1346 976 1408 muniat.
1025 1343 1106 1416 Quid
1138 1343 1164 1404 si
1199 1344 1291 1407 donet
1323 1345 1421 1424 ipsum
1449 1343 1534 1404 Deus
1562 1343 1678 1405 uostris

315 1433 464 1512 precibus.

404 1519 563 1584 cometam
588 1521 689 1583 dixere
713 1528 867 1584 nostrates
890 1521 1010 1582 stellam
1032 1519 1161 1582 Veneris
1184 1520 1314 1582 interdiu
1337 1521 1451 1593 visam3
1475 1519 1512 1580 de
1538 1537 1598 1598 quo
1622 1538 1679 1598 ego

316 1609 480 1679 consultus,
504 1617 537 1670 ut
559 1610 665 1690 aspexi
688 1609 838 1690 respondi,
863 1610 1012 1672 mitiorem
1040 1609 1070 1670 in
1090 1610 1175 1670 coelo
1199 1608 1321 1670 stellam
1344 1627 1402 1669 nou
1418 1627 1496 1670 esse.
1536 1608 1572 1669 ld
1592 1626 1678 1668 omen

315 1699 421 1760 eodem
444 1716 500 1776 ego
523 1698 637 1759 ratem:
666 1707 701 1760 ut
723 1697 872 1776 siguificat
894 1697 942 1759 hic
965 1703 1083 1760 cometa
1100 1705 1212 1759 metum
1236 1696 1449 1758 frustraneum.
1489 1692 1558 1766 Quo
1584 1695 1677 1758 etiam

314 1785 446 1865 pertinet
468 1785 617 1868 eclipseos
640 1785 768 1866 ι’κλιιψις
791 1787 838 1848 vel
852 1785 1033 1846 emanentia.
1079 1783 1253 1846 Moscovita
1276 1784 1384 1846 dicitur
1403 1793 1549 1847 mortuus.
1594 1784 1676 1846 ane

315 1874 467 1936 borealem
490 1873 624 1955 eclipsin.
671 1875 718 1936 De
735 1876 842 1936 -anca
864 1874 964 1952 exigui
994 1881 1065 1935 sunt
1088 1891 1233 1935 rumores.
1279 1873 1445 1934 Perhibent
1474 1882 1577 1934 temen
1603 1891 1678 1934 ven-

315 1969 414 2025 turum
437 1963 558 2043 propria
588 1963 619 2024 iu
651 1982 789 2044 persona.
836 1962 882 2024 De
910 1962 1037 2024 Jaurino
1065 1971 1241 2040 recuperato
1271 1979 1399 2041 magnae
1433 1967 1504 2022 sunt
1536 1962 1678 2040 gratula-

316 2049 424 2114 tiones.
471 2051 539 2114 Non
563 2052 608 2114 ita
629 2053 744 2132 pridem
769 2050 1033 2130 Constantinopoli
1062 2047 1149 2113 4000
1174 2051 1329 2112 domorum
1359 2051 1597 2128 conflagrarunt.
1646 2051 1678 2112 In

315 2138 459 2222 Bithynia
480 2158 573 2219 prope
597 2141 816 2221 Trapezuntem
846 2141 922 2202 duae
946 2139 1034 2201 urbes
1068 2158 1126 2200 non
1151 2137 1299 2218 ignobiles
1322 2145 1423 2200 terrae
1446 2147 1529 2199 motu
1553 2154 1678 2200 corrne-

316 2235 403 2290 runt:
441 2235 472 2288 et
499 2228 626 2306 periisse
654 2229 849 2309 perhibentur
882 2229 919 2290 ad
944 2225 1053 2291 70000
1077 2226 1237 2288 hominum.
1285 2228 1318 2288 In
1343 2227 1497 2288 limitanea
1520 2227 1679 2306 Huugaria

315 2314 390 2376 duos
414 2316 530 2377 Bassas
553 2317 632 2378 inter
654 2318 721 2379 rixa
743 2326 775 2378 et
798 2317 897 2378 minae
922 2314 1104 2378 delationum
1130 2315 1168 2376 ad
1192 2333 1277 2376 suurn
1302 2313 1467 2377 Gaesarem
1491 2315 1676 2377 intercesse-

315 2410 395 2465 rant.
441 2403 504 2464 Res
529 2404 566 2466 ad
582 2423 666 2466 arura
690 2406 781 2467 venit.
828 2404 1087 2468 Delatorfuturus
1111 2403 1148 2464 ab
1169 2402 1265 2465 altero
1289 2403 1318 2464 in
1343 2421 1507 2482 congressu
1531 2403 1677 2483 singulari

316 2491 508 2553 interfectus:
537 2494 616 2573 quod
640 2513 706 2556 cum
729 2494 852 2556 alterius
876 2493 955 2555 servi
978 2493 1128 2566 viderent,
1155 2491 1305 2553 dominum
1328 2492 1383 2554 ulti
1407 2493 1535 2554 alterurn
1560 2511 1678 2572 quoque

316 2577 549 2642 iuterfecerunt:
582 2582 698 2661 periere
722 2584 762 2645 ad
784 2579 829 2646 40
852 2583 999 2662 utrinque.
1047 2582 1131 2642 Haec
1156 2581 1257 2664 omnia
1278 2582 1357 2643 male
1381 2579 1426 2641 illi
1450 2581 1574 2660 imperio
1600 2581 1675 2642 orni-

316 2675 436 2730 nantur.
482 2669 561 2732 Narn
584 2671 610 2731 si
634 2679 749 2733 tantum
774 2671 938 2733 animorum
952 2668 1058 2732 Bessis
1082 2669 1221 2743 accrevit,
1248 2669 1319 2730 olim
1338 2668 1462 2730 audebit·
1480 2668 1606 2748 aliquid,
1627 2669 1677 2749 qui

316 2757 410 2818 vitam
425 2777 510 2819 suam
526 2759 553 2820 iu
569 2759 701 2840 periculo
720 2759 842 2822 videbit.
881 2759 925 2822 Ut
947 2768 1016 2820 sunt
1039 2759 1138 2819 omnia
1152 2758 1292 2831 humana,
1312 2758 1377 2835 jam
1401 2757 1560 2828 salutaria,
1584 2758 1676 2837 paulo

316 2853 386 2925 post
410 2846 554 2918 exitiosa,
578 2849 623 2909 ita
645 2849 738 2910 etiarn
760 2848 875 2928 rigidae
899 2848 1062 2909 ‘furcarum
1086 2847 1184 2924 leges,
1219 2853 1251 2906 et
1274 2845 1470 2908 inexorabilis
1493 2845 1523 2906 in
1546 2845 1676 2922 Bassus,

315 2932 344 2995 in
370 2933 468 3014 regios
492 2935 604 2999 liberos
627 2937 789 3011 sententia,
814 2936 921 3017 quibus
943 2936 1033 2998 rebus
1056 2936 1203 2996 hactenus
1228 2934 1316 2996 stetit
1330 2934 1405 2995 haec
1421 2935 1524 3009 moles,
1551 2937 1677 2996 eaedem

315 3021 398 3086 illam
429 3041 551 3102 pessum
579 3025 703 3088 dabunt.
751 3024 929 3104 Exemplum
960 3043 1038 3085 anno
1072 3020 1155 3086 1562
1183 3023 1212 3084 in
1237 3023 1402 3102 Mustapha
1425 3023 1564 3084 vidimus.
1614 3023 1678 3086 Sed

316 3109 491 3194 Solymanni
514 3132 631 3176 summa
657 3115 824 3178 auctoritas
846 3111 1048 3192 periculosum
1072 3111 1240 3174 incendium
1264 3112 1450 3191 restinguere
1479 3121 1543 3174 tum
1564 3113 1677 3191 potuit,

316 3199 393 3260 alius
408 3218 466 3261 non
480 3202 601 3280 poterit,
626 3203 711 3282 cnjus
731 3221 788 3264 non
810 3210 858 3264 est
876 3208 964 3262 tanta
978 3201 1057 3263 bello
1073 3199 1206 3262 felicitas
1222 3209 1433 3280 gestorumque
1457 3199 1565 3280 gloria.
1615 3201 1678 3263 Sed
1700 3251 1710 3280 ,

318 3287 421 3348 futura
443 3287 488 3350 sic
511 3290 663 3352 habento:
700 3291 730 3353 in
754 3289 929 3371 praesentia
952 3291 1029 3351 citra
1052 3307 1169 3364 ornnem
1195 3287 1431 3349 controversiam
1454 3288 1563 3368 gliscit
1578 3289 1678 3350 nostri

319 3371 463 3436 Caesaris
488 3379 670 3452 auctoritas,
695 3389 844 3460 utcunque
868 3378 1036 3457 Hispanico
1059 3377 1188 3456 expiret.
1234 3375 1397 3438 Enimvero
1421 3377 1607 3456 vigilandum
1632 3385 1680 3438 est

316 3463 518 3526 normalibus:
552 3466 670 3528 videtur
692 3467 721 3528 iu
752 3475 854 3530 nostro
880 3464 1013 3530 Caesare
1037 3465 1136 3528 inesse
1162 3462 1382 3526 Archimedaea
1414 3466 1563 3544 quaedam
1596 3466 1677 3528 ratio

316 3559 435 3626 motus,
469 3553 519 3632 qui
543 3555 618 3617 adeo
643 3554 760 3630 lentus,
794 3555 901 3618 utrix
929 3554 1031 3618 oculos
1055 3553 1203 3624 incurrat,
1236 3571 1377 3614 strccessu
1401 3562 1502 3615 tamen
1527 3555 1676 3634 temporis

316 3639 469 3718 ingentem
492 3643 600 3705 molem
623 3652 820 3707 commoveat.
865 3643 946 3706 Ecce
971 3645 1088 3723 Pragae
1112 3641 1237 3715 sedens,
1275 3641 1340 3702 siue
1361 3643 1423 3703 ulla
1445 3642 1575 3706 bellicae
1600 3645 1677 3706 artis

315 3728 445 3808 peritia,
479 3730 551 3793 'sine
584 3732 765 3795 auctoritate
799 3735 848 3807 (ut
871 3733 1000 3794 antehac
1029 3730 1222 3802 credebatur)
1255 3739 1356 3792 tamen
1390 3731 1537 3793 miracula
1558 3741 1677 3811 patrat,

314 3815 466 3895 principes
489 3817 519 3880 iu
544 3818 642 3881 officio
666 3822 817 3890 continet,
851 3821 1068 3905 obsequentes,
1102 3827 1251 3898 protutor,
1286 3818 1427 3880 liberales
1451 3819 1559 3895 hahet,
1594 3821 1678 3883 orbis

316 3905 509 3967 monarcham
542 3913 589 3969 tot
618 3909 728 3970 seculis
756 3909 975 3972 formidabilem
1000 3907 1145 3982 sustinet,
1181 3915 1281 3968 tractu
1305 3907 1376 3968 belli
1400 3908 1565 3987 defatigat,
1600 3912 1679 3973 citra

316 4000 418 4054 tamen
441 4013 581 4075 magnum
606 3997 725 4079 aliquod
750 3997 982 4072 incommodum,
1014 3996 1092 4075 quod
1116 3994 1276 4058 hostilibus
1300 3995 1497 4058 incommodis
1520 4017 1676 4078 praepon-

316 4080 411 4142 deret.
460 4080 576 4154 Quibus
600 4086 689 4147 rebns
713 4086 859 4165 ejusmodi
892 4105 991 4148 merae
1014 4083 1179 4165 potestatis
1212 4083 1407 4146 lrrndamenta
1425 4085 1516 4164 jacit,
1551 4095 1586 4148 ιιι
1610 4088 1678 4148 sola

315 4168 399 4248 regni
423 4170 540 4233 Turcici
573 4174 727 4235 inclinatio
761 4176 867 4236 deesse
900 4175 1048 4236 videatur.
1096 4170 1201 4243 Quid?
1248 4171 1364 4242 Quibus
1398 4192 1511 4253 quaeso
1546 4175 1674 4248 artibus,

316 4275 376 4338 qua
407 4257 552 4322 felicitate
577 4262 841 4344 Transsylvaniam
873 4262 1008 4326 restituit
1030 4261 1226 4324 Austriacis?
1273 4259 1360 4332 Quod
1392 4281 1497 4324 omues
1521 4263 1675 4326 miramur.

316 4343 396 4417 Quin
420 4355 452 4408 et
474 4347 529 4409 hoc
553 4350 666 4428 passim
691 4351 872 4424 affirmatur,
897 4352 1019 4413 tertium
1044 4349 1282 4412 exhaeredibus
1306 4350 1490 4414 nominatum
1506 4369 1574 4413 esso
1591 4351 1675 4415 Cae-

316 4454 414 4497 sarem
438 4445 572 4500 nostrum
596 4457 615 4498 a
638 4437 818 4500 Moscovita.
865 4438 903 4500 Ei
927 4439 969 4500 rei
994 4439 1105 4519 legatio
1129 4437 1375 4518 splendidissima
1399 4440 1616 4516 adornabatur,
1642 4449 1677 4504 ut

315 4543 364 4674 sed
384 4523 466 4586 solus
489 4534 594 4588 noster
616 4525 722 4588 haeres
747 4525 959 4589 nominaretur.
1006 4527 1070 4589 Sed
1093 4535 1189 4589 morte
1212 4527 1402 4589 Moscovitae
1433 4529 1546 4608 legatio
1576 4531 1674 4594 inter-

315 4611 342 4674 ci
365 4611 400 4674 it.

403 4702 482 4764 Utut
504 4700 555 4776 sit,
580 4701 735 4764 latendum
758 4700 878 4763 omnino
903 4709 967 4774 est,
992 4721 1011 4762 a
1034 4703 1099 4766 Deo
1124 4701 1260 4766 benedici
1283 4703 1378 4766 nostri
1404 4703 1548 4769 Caesaris
1571 4709 1673 4772 rebus.
1786 4767 1790 4778 ,
