3674 5528
704 313 736 363 de
751 311 826 364 abus
844 309 1007 376 utrologlola·
1467 303 1532 372 290

165 467 337 548 Utrumque
377 469 437 531 hoc
473 469 562 532 valde
599 469 773 532 iracundum
805 468 942 530 denotat.
998 471 1022 541 )
1049 467 1081 530 in
1109 459 1181 545 [lb
1214 465 1412 541 laboriosum,
1451 466 1532 528 invi·

171 557 253 630 dnm,
285 575 426 620 ararum.
479 559 522 619 Et
548 568 672 640 propter
704 559 782 619 hunc
810 566 965 636 aspectum
999 558 1159 618 contemtis
1192 556 1249 618 erit
1277 555 1418 618 moribus.
1464 553 1532 618 Nisi

171 645 247 726 quod
270 645 321 707 hic
345 646 515 728 quadratus
540 647 639 709 brevis
663 653 720 719 est,
749 643 852 707 sextili
876 645 1092 725 aequipollens.
1139 646 1242 724 Atque
1271 643 1363 706 etiam
1385 643 1429 704 illi
1453 663 1531 706 anno

176 731 253 796 root
279 735 418 814 pessima
441 734 587 796 revolutio
611 734 779 806 illucescet,
806 750 882 813 quae
899 743 951 795 ant
967 752 1012 796 me
1029 741 1083 794 ant
1096 733 1193 814 ipsum
1208 732 1297 794 tollet
1320 731 1532 810 (significando

173 823 379 894 naturaliter).
426 822 476 883 Ex
499 822 604 902 quibus
628 822 722 896 vides,
747 839 795 883 me
818 821 892 884 nihil
915 821 1041 901 rejicere
1066 841 1104 884 ex
1127 821 1311 900 astrologia,
1339 828 1462 900 praeter
1485 819 1532 881 in·

173 911 259 974 utilia
282 911 424 973 domuum
447 910 640 974 numeralium
662 911 874 984 instrumenta,
900 918 933 972 et
954 910 1038 972 illam
1062 917 1254 990 arrogantem
1276 908 1532 990 praesumtionem

173 1001 210 1062 de
234 1000 361 1079 speciali
384 999 605 1080 praedictione,
639 999 724 1080 quasi
748 1017 837 1078 quem
861 1017 1039 1080 suspensum
1061 999 1097 1061 iri
1122 999 1270 1072 dicamus,
1303 997 1331 1059 ei
1355 1015 1533 1077 nonaeque

175 1089 293 1151 coelum
317 1089 453 1168 generali
477 1089 531 1150 sub
550 1089 705 1168 complexu
729 1105 874 1166 aquarum
897 1089 1030 1168 pericula
1054 1089 1198 1150 denotare
1220 1087 1337 1170 possit:
1371 1085 1534 1166 autquasi

173 1177 384 1253 erraverimus,
406 1183 534 1240 mortem
549 1176 638 1239 alicui
661 1174 883 1256 praedicentes,
909 1177 958 1257 qui
982 1195 1017 1238 eo
1031 1185 1166 1256 tempore
1184 1175 1354 1256 periculoso
1378 1193 1417 1236 ex
1430 1175 1533 1238 morbo

173 1267 226 1327 rix
250 1266 357 1328 evasit
406 1267 504 1328 Vides
534 1265 611 1328 haec
642 1284 699 1326 non
732 1264 770 1326 ad
798 1271 998 1340 contemtum,
1033 1267 1086 1328 sed
1117 1267 1258 1354 honorem
1289 1264 1385 1328 nostri
1418 1262 1532 1326 ordinis

171 1355 333 1434 pertinere.

260 1443 361 1504 Meam
387 1440 606 1504 dedicationem
630 1441 819 1514 (Prodromi)
843 1441 923 1520 qnod
946 1441 1066 1516 attinet,
1092 1441 1193 1504 nescio
1217 1459 1274 1522 qno
1298 1447 1389 1521 pacto
1412 1439 1475 1513 fiat,
1500 1446 1534 1504 ut

174 1543 241 1592 cnm
264 1532 495 1611 praecipuorum
517 1548 673 1609 procerum
701 1528 821 1608 optimis
854 1537 924 1591 utar
946 1530 1167 1606 voluntatibus,
1196 1537 1298 1592 tamen
1328 1529 1376 1590 his
1404 1527 1534 1589 comitiis

74 1687 77 1692 ,
175 1638 233 1680 non
255 1621 407 1697 potuerim
432 1617 563 1680 libellum
587 1618 704 1679 offerre.
751 1616 841 1680 Multi
872 1635 919 1678 me
943 1618 1146 1698 negligentiae
1170 1625 1325 1681 accusant.
1371 1616 1438 1696 Ego
1461 1633 1534 1678 vero

175 1725 370 1788 quaecunque
394 1707 567 1768 necessaria
590 1706 718 1780 fuerunt,
742 1705 773 1766 in
796 1714 905 1786 parato
933 1705 1105 1781 habueram,
1130 1727 1194 1770 rem
1218 1715 1315 1769 totam
1333 1704 1532 1779 Maresoalco,

174 1795 308 1859 Honorio
331 1817 352 1858 a
374 1793 494 1858 Saurau
516 1795 734 1869 commiseram,
759 1795 810 1874 qui
832 1813 917 1874 suam
939 1796 1019 1856 ultro
1043 1795 1114 1857 milri
1138 1795 1247 1859 detulit
1262 1814 1383 1876 operam
1410 1793 1445 1876 in
1457 1811 1530 1873 pro-

174 1885 313 1966 ponendo
336 1881 466 1967 negotio'
493 1883 556 1946 eine
581 1883 683 1946 libello
706 1881 852 1962 supplice.
899 1883 1106 1946 Intermissum
1131 1889 1189 1957 est.
1235 1883 1303 1966 Ego
1328 1883 1469 1946 dimissus
1493 1882 1531 1944 ab

174 1974 234 2050 illo,
259 1991 326 2036 cum
350 1974 408 2035 bao
432 1991 522 2034 voce:
547 1970 636 2043 Quod
653 1970 806 2046 differtur,
830 1989 890 2032 non
915 1972 1060 2035 aufertur.
1106 1973 1234 2036 Scilicet
1256 1993 1315 2034 non
1331 1981 1398 2034 erat
1412 1972 1532 2034 faustus

175 2062 323 2125 transitus
347 2061 391 2136 (si
404 2061 555 2124 naturalia
569 2061 764 2140 spectemus),
792 2066 824 2120 et
846 2062 1064 2140 expectandum
1089 2062 1169 2124 forte
1191 2060 1265 2124 mibi
1287 2079 1380 2140 usqne
1403 2061 1433 2123 in
1449 2059 1532 2122 intu-

174 2169 237 2214 mm
261 2150 380 2228 Majum
402 2150 452 2211 vel
474 2148 604 2222 Juuium,
629 2167 695 2210 oum
717 2147 749 2223 ll
770 2148 883 2210 transit
904 2169 959 2229 per
976 2149 1050 2213 Asc.
1082 2149 1208 2212 Interim
1231 2158 1331 2213 tamen
1355 2157 1533 2228 urgentius

174 2239 356 2302 creditores!
402 2237 470 2300 Huc
500 2237 619 2300 accedit
647 2236 797 2316 privatum
826 2255 922 2298 meum
951 2258 1018 2300 cum
1046 2240 1165 2318 publico
1189 2240 1382 2318 conjunctum
1403 2237 1534 2299 intemn-

175 2327 272 2404 nium,
302 2327 381 2408 quod
414 2328 498 2389 Deus
527 2325 600 2407 Opt.
625 2325 710 2387 Max.
739 2325 869 2388 omnium
898 2345 1029 2389 meomm
1059 2329 1207 2390 lautomm
1231 2327 1438 2391 charissimum
1461 2323 1534 2388 milri

173 2437 211 2478 ex
234 2417 293 2478 bae
316 2416 382 2477 vita
406 2415 524 2495 eripuit,
549 2413 586 2476 D.
612 2415 651 2475 D.
675 2413 869 2476 Wilhelmnm
885 2415 1165 2490 Zimmermannum,
1190 2417 1275 2498 quns
1298 2413 1535 2477 moderationem

174 2513 206 2567 et
227 2505 392 2566 candorem
406 2512 505 2584 ,atque
529 2502 745 2564 dexteritatem
769 2503 899 2564 ecclesia
912 2511 1017 2566 nostra
1031 2505 1198 2567 diutissime
1214 2503 1408 2566 desiderabit
1441 2501 1530 2564 Mer·
1640 2533 1649 2544 ·

174 2602 244 2656 tuns
271 2601 320 2654 est
343 2611 431 2654 mane
457 2591 485 2653 l.
510 2591 614 2654 Martii
638 2587 686 2652 St.
711 2591 784 2653 Vct.
810 2611 875 2654 cum
899 2611 954 2672 per
976 2589 1199 2674 iiseptimanas
1222 2611 1260 2654 ex
1281 2590 1454 2671 haemoptoi
1477 2591 1533 2652 de·

174 2681 340 2744 cubuisset
388 2679 521 2762 Cumque
545 2679 626 2742 circa
648 2697 701 2740 ens
725 2679 791 2742 dies
814 2680 907 2744 validi
931 2684 1096 2762 perflarent
1117 2683 1211 2757 venti,
1236 2688 1267 2742 et
1289 2689 1361 2760 post
1383 2679 1449 2759 eius
1473 2679 1534 2742 diei

174 2770 331 2832 meridiem
354 2769 546 2832 vehementer
568 2768 841 2830 tumultuarentur:
867 2770 1007 2832 dixerunt
1031 2771 1209 2845 adversarii,
1233 2769 1364 2831 animam
1388 2768 1534 2830 haeretici

173 2878 227 2938 par
251 2865 355 2922 aerem
379 2857 571 2920 cnonmlerri.
618 2856 672 2918 llle
696 2875 767 2918 rero
791 2857 966 2921 beatissime
991 2867 1024 2921 et
1045 2859 1250 2938 placidissime
1274 2856 1422 2921 occubuit.
1618 2860 1625 2868 ”

248 3057 409 3124 ΔιιιιΙοςίοι
425 3057 490 3110 haec
507 3059 611 3123 Keplarl
632 3059 741 3122 judicia,
770 3062 840 3124 quael
864 3059 896 3110 ad
919 3059 1083 3111 exercendum
1107 3075 1133 3110 re
1157 3061 1184 3110 in
1206 3075 1232 3111 re
1255 3059 1384 3125 incognita
1401 3055 1535 3107 Maestllno

174 3132 309 3196 proposita.
329 3131 394 3180 tristi
410 3132 571 3195 comprobata
589 3137 648 3180 runt
665 3137 763 3181 ersutu.
800 3129 848 3182 Die
864 3133 918 3194 lam
936 3127 970 3182 00
987 3136 1044 3196 post
1062 3131 1127 3182 diem
1145 3132 1256 3182 nativum
1274 3131 1334 3182 obiit
1352 3127 1454 3192 Kepleel
1470 3127 1535 3180 flurs

174 3201 310 3260 Esuriens,
329 3201 393 3266 quod
412 3199 450 3264 (d.
470 3199 511 3252 ll.
530 3201 590 3252 lun.
611 3196 691 3262 tuoe)
710 3201 747 3252 lats
765 3200 898 3254 Maestllno
916 3203 1031 3254 unumst.

246 3299 313 3381 ,De
329 3307 425 3360 morte
444 3297 527 3358 filioli
550 3299 594 3360 tui
609 3306 696 3359 tanto
720 3299 776 3360 tibi
790 3299 997 3361 vehementius
1015 3298 1169 3374 condoleo,
1194 3259 1281 3378 quod,
1306 3303 1437 3378 quantus
1450 3295 1536 3358 dolor

177 3397 246 3450 tuus
271 3387 379 3460 luerit,
404 3405 443 3447 ex
465 3404 532 3448 meo
556 3386 651 3465 ipsius
675 3387 879 3466 conjecturam
903 3387 996 3463 facio,
1021 3387 1067 3449 cui
1091 3385 1195 3448 itidem
1217 3385 1362 3450 DeusO.
1387 3385 1431 3446 ll.
1454 3385 1535 3447 filio·

177 3477 237 3538 lum
260 3473 426 3536 Henricum
449 3494 484 3535 eo
509 3475 574 3553 ipso
599 3485 732 3554 tempore
757 3495 795 3536 ex
818 3475 876 3537 hac
899 3477 964 3538 vita
987 3476 1144 3550 evocarit,
1169 3495 1227 3556 quo
1250 3474 1309 3554 ipsi
1332 3492 1380 3536 rns
1402 3481 1535 3536 metuere
1648 3517 1650 3520 -

176 3564 232 3627 tibi
256 3563 376 3642 scripsi.
421 3562 501 3624 Nam
525 3563 573 3624 die
601 3565 629 3624 l.
653 3563 769 3642 Aprilis
792 3573 950 3643 aegrotare
975 3565 1083 3644 eoepit,
1109 3564 1157 3625 die
1182 3561 1212 3626 3.
1237 3563 1370 3645 ejusdem
1393 3563 1468 3630 hora
1495 3559 1534 3624 12

178 3651 347 3714 meridiana
373 3658 506 3712 mortuus
537 3658 598 3726 est,
633 3651 697 3712 dies
726 3661 815 3715 natus
845 3655 1006 3732 sexaginta
1034 3653 1158 3715 dimidio
1185 3653 1292 3716 minna.
1337 3651 1387 3712 Ex
1418 3650 1534 3730 pallore

178 3739 336 3804 cadaveris
360 3737 390 3800 in
413 3739 559 3801 lateribus
583 3740 782 3818 collegerunt,
818 3750 1006 3820 apostemate
1030 3741 1140 3821 capitis
1166 3741 1331 3804 extinctum
1355 3759 1433 3801 esse.
1471 3739 1537 3800 De·

177 3829 322 3890 siderium
352 3827 417 3907 ejus
447 3829 531 3889 uxori
559 3847 645 3890 meae
673 3829 755 3890 nulla
785 3829 849 3890 dies
874 3830 980 3904 leniet;
1014 3829 1087 3892 milri
1111 3829 1183 3890 illud
1208 3829 1289 3892 cordi
1314 3836 1378 3890 est:
1404 3827 1538 3890 Vanitas

178 3917 378 3984 Vanitatum‚
412 3924 444 3978 et
472 3917 572 3979 omnia
600 3916 742 3979 Vanitas.
789 3919 881 3980 Faait
903 3919 1000 3994 Dens,
1033 3925 1068 3980 nt
1090 3918 1209 3980 faustae
1243 3926 1312 3980 tuae
1344 3915 1537 3996 precationes

178 4006 246 4068 aliis
270 4005 300 4066 in
325 4004 416 4066 rebus
439 4006 516 4067 meis
538 4013 623 4067 ratae
647 4006 719 4067 siut.

267 4093 503 4156 Zimmermanni
518 4103 646 4155 mortem
668 4104 832 4175 sequnntur
854 4095 955 4156 tristia
972 4103 1119 4175 ternpore.
1167 4091 1428 4155 Ferdinandus
1451 4093 1536 4172 prin-

177 4201 249 4262 ceps
273 4183 302 4244 in
318 4181 442 4244 Italiam
466 4182 554 4255 abiit;
578 4183 736 4246 Ferrariae
760 4183 858 4264 ipsum
872 4183 993 4262 Jupiter
1006 4183 1161 4245 Romanus
1185 4199 1290 4244 mensa
1313 4181 1536 4262 dignatusest

178 4271 211 4333 ln
234 4269 370 4334 mansitu
393 4269 536 4332 torrentis
561 4270 688 4350 alicujus
705 4289 818 4351 parum
841 4272 946 4348 abfuit,
973 4272 1042 4353 quin
1066 4271 1205 4352 princeps
1229 4271 1434 4333 suffocaretur.
1469 4269 1536 4329 Vo-

178 4369 239 4422 tum
253 4358 375 4422 Mariae
391 4359 584 4420 Lauretanae
608 4361 784 4440 concepisse
808 4361 924 4435 dicitnr,
950 4361 1114 4440 statimqne
1138 4359 1168 4422 in
1192 4360 1271 4422 vado
1294 4358 1429 4420 stetisse.
1471 4357 1537 4418 Nec

179 4449 273 4512 miuus
296 4447 328 4510 in
353 4465 431 4509 marr
422 4447 565 4509 'Veneto
588 4447 776 4527 periclitatus
801 4456 858 4511 est
906 4448 1061 4510 Ferrarius
1086 4447 1263 4510 adventanti
1277 4445 1347 4509 Jori
1370 4453 1403 4505 et
1421 4443 1537 4504 nomine

178 4539 240 4618 ejus
273 4535 381 4600 clienti
416 4537 592 4614 spectacula
623 4536 757 4599 exhibita
785 4537 881 4617 ignita
909 4537 965 4599 sub
993 4555 1168 4615 vesperam:
1202 4535 1252 4597 nbi
1281 4535 1387 4595 domus
1417 4531 1538 4592 flamma

176 4625 296 4708 exigui
320 4623 450 4686 volante
474 4633 632 4704 concepta,
664 4645 730 4686 cnm
754 4645 807 4704 pro
831 4625 944 4687 ludicro
969 4633 1156 4705 spectaretur
1185 4623 1351 4685 incendium
1383 4625 1415 4679 et
1438 4617 1536 4695 negli-

174 4725 307 4797 geretur,
333 4711 539 4792 conflagravit
560 4719 637 4788 tota,
661 4721 693 4775 et
717 4714 812 4795 (quod
834 4713 928 4774 semel
951 4721 1067 4775 tantum
1081 4712 1225 4784 auditum,
1240 4707 1287 4770 ab
1301 4706 1419 4768 homine
1435 4711 1535 4765 tantm
1644 4792 1652 4804 Ι
