3628 5518
727 298 815 346 senus
833 292 930 346 Ursum·
1442 293 1508 362 269

140 463 246 518 centra
268 451 386 517 orbium
414 460 534 516 tautum
557 469 624 514 cnm
646 451 718 516 Sole
742 459 859 526 movet,
892 453 990 514 altera
1018 451 1048 514 in
1072 451 1169 532 ipsum
1202 452 1322 533 insuper
1345 453 1447 516 Solem
1472 467 1510 518 aa

140 545 282 606 collocat.
329 543 396 605 Nec
420 542 512 604 debet
533 559 653 603 movere
677 559 871 622 quemquam,
904 541 983 624 qnod
1013 541 1204 621 supradixi,
1234 543 1424 623 planetarum
1447 545 1509 608 eir-

139 633 236 696 cuitus
260 632 293 694 in
318 629 483 712 Apollonio
506 638 538 692 et
560 649 631 692 vero
655 636 687 692 et
710 631 781 692 licto
805 631 844 692 ad
868 629 950 692 Solis
973 628 1193 710 praescriptum
1218 639 1250 694 et
1272 649 1338 694 cum
1359 649 1394 694 eo
1417 631 1509 696 situm

139 729 277 785 matare:
304 730 339 783 ut
362 727 524 800 propterea
539 719 618 783 Urso
641 718 729 780 fidem
753 718 897 781 adhibeat
917 718 1077 788 asserenti,
1102 719 1296 798 Apollonium
1311 739 1349 783 ex
1367 721 1508 784 Aristar-

138 811 193 872 cho
216 809 313 890 loqui.
361 809 442 872 Nam
465 808 491 870 si
514 815 671 888 utramque
696 806 822 870 formam
844 806 1043 886 problematis
1057 807 1252 887 Apolloniaui
1276 809 1354 871 inter
1376 829 1409 872 se
1433 829 1508 872 con-

140 901 231 974 seras,
258 896 380 961 videbis
405 896 593 960 occasionem
617 895 744 958 alterius
768 897 881 960 formae
905 895 1126 976 excogitandae
1149 916 1208 962 non
1227 915 1265 960 ex
1279 897 1352 960 visis
1366 898 1508 962 Aristar·

139 989 269 1060 sirianis,
294 987 351 1049 sed
375 1005 413 1050 ex
443 985 552 1066 prioris
567 986 691 1060 formae,
718 1003 795 1064 quae
809 983 998 1048 Ptolemaiea
1017 991 1074 1059 est,
1099 987 1336 1064 transpositione
1359 988 1462 1050 fluere.

228 1075 308 1140 Cum
331 1075 410 1138 enim
429 1075 496 1154 jam
519 1082 583 1136 turn
607 1074 685 1140 inter
708 1081 898 1136 astronomos
916 1093 970 1136 seu
984 1083 1157 1154 geometras
1180 1075 1382 1149 convenisset,
1407 1077 1510 1140 omnia

137 1185 212 1248 quae
240 1183 299 1246 per
326 1164 512 1226 ecceutricus
535 1165 780 1226 demonstrantur
811 1180 903 1243 posse
926 1161 1033 1226 itidem
1057 1171 1089 1224 et
1120 1180 1175 1243 per
1197 1164 1419 1227 concentrienm
1441 1184 1508 1228 cum

137 1255 290 1338 epicyclo:
324 1253 505 1333 Apollonius
534 1253 600 1333 jam
633 1252 661 1314 in
694 1250 786 1331 priori
809 1251 1017 1333 problematis
1049 1250 1095 1313 sui
1130 1253 1227 1314 forma
1259 1253 1508 1334 inaequalitatem

137 1344 374 1425 sphaerarum
397 1361 451 1424 per
473 1341 639 1423 epicyclum
663 1340 693 1402 in
716 1340 907 1402 concentrica
931 1339 1053 1402 confieri
1078 1341 1116 1402 ab
1140 1342 1323 1404 astronomis
1347 1353 1509 1424 acceperat

138 1442 170 1495 et
189 1440 392 1495 assumserat.
426 1429 587 1493 'Statuuut
610 1429 688 1490 enim
712 1429 889 1490 Ptolemaici
914 1429 943 1490 in
967 1428 1089 1491 orbibus
1114 1425 1335 1510 3superiorum
1359 1439 1425 1494 tres
1439 1451 1508 1496 essa

136 1523 304 1604 epimelas,
340 1521 390 1603 qui
414 1519 560 1600 superiori
584 1527 671 1600 parte
694 1517 724 1579 iu
748 1517 875 1580 eandem
898 1518 1021 1599 plagam
1046 1527 1225 1585 moveantur
1247 1539 1314 1582 cnm
1338 1521 1507 1584 ecceutrieo

134 1631 173 1674 ea
197 1613 275 1690 lege,
301 1618 346 1685 ut,
371 1628 438 1672 cum
462 1617 602 1672 centrum
628 1605 756 1690 epieycli
779 1613 829 1670 est
852 1625 919 1668 curn
943 1605 1025 1680 Sole,
1048 1607 1174 1687 planeta
1196 1607 1238 1672 sit
1252 1627 1370 1690 semper
1384 1609 1413 1672 in
1429 1629 1507 1690 apo-

133 1719 211 1780 gaeo
237 1699 379 1782 epicyeli.
425 1698 513 1761 Hauc
536 1716 609 1778 ergo
634 1696 760 1758 formam
784 1695 973 1774 transposuit
997 1695 1175 1777 Apollonius
1198 1697 1228 1759 in
1252 1697 1396 1775 alteram,
1430 1718 1508 1780 quas
1627 1769 1637 1778 ,

133 1789 166 1850 in
190 1788 364 1851 ecceutrico
388 1785 544 1849 consistit:
569 1793 659 1866 utque
685 1784 714 1846 id
737 1791 819 1846 recte
844 1784 943 1860 lieret,
975 1783 1110 1864 oportuit
1133 1786 1251 1849 omnino
1275 1796 1390 1858 motum
1412 1788 1508 1851 centri

133 1877 300 1940 ecceutrici
324 1875 390 1960 (qui
414 1882 462 1939 est
483 1894 537 1956 pro
561 1883 644 1938 motu
668 1872 809 1955 epicycli)
832 1873 873 1934 ad
898 1871 1001 1935 Solem
1025 1872 1161 1954 alligare,
1187 1875 1256 1956 quia
1278 1875 1362 1957 prius
1384 1869 1425 1939 ct¹
1440 1878 1506 1958 epi·-

132 1967 214 2050 cycli
248 1965 332 2028 circa
364 1983 449 2027 suum
478 1972 613 2027 centrum
648 1961 805 2024 conversio
838 1961 876 2024 ad
901 1960 1005 2025 Solem
1037 1962 1231 2043 alligabatur.
1278 1965 1363 2028 Haec
1386 1967 1508 2030 occasio

133 2057 226 2136 hujus
250 2055 466 2137 hypotheseos,
492 2072 549 2116 uon
574 2061 655 2115 certe
680 2051 752 2116 alia.

222 2143 503 2206 Demonstrationis
526 2161 621 2205 causa
644 2139 801 2204 describa-

129 2244 183 2296 tur
213 2239 318 2296 ceutro
348 2233 382 2293 M
414 2239 446 2292 et
478 2231 703 2294 ecceutricitute
741 2227 807 2290 AM

129 2321 320 2384 ecceutricus
339 2321 432 2384 nffl.
478 2318 554 2384 Cum
577 2337 648 2399 ergo
672 2325 806 2382 centrum

128 2413 165 2473 M
188 2410 256 2473 loco
279 2429 337 2474 uon
352 2415 489 2472 movetur
515 2426 570 2489 per
592 2407 805 2472 circumferen-

128 2502 208 2562 tiam
236 2499 313 2574 MN,
348 2499 476 2562 circulus
502 2497 655 2579 perlectus
688 2493 804 2558 descri-
910 2512 967 2655 Ι
1027 2542 1034 2573 ,

130 2591 221 2651 betur
259 2605 314 2668 per
350 2587 444 2650 ΕΓΗ.
500 2587 661 2650 videbitur
703 2592 803 2647 motus
893 2596 904 2639 ιγ

129 2677 244 2740 stellae
258 2695 296 2740 ex
311 2677 344 2738 A
364 2675 471 2740 tardus
490 2675 570 2739 eirea
584 2674 611 2736 E
626 2691 802 2756 apogaeum,
913 2748 931 2769 -.

130 2767 223 2830 velox
254 2766 384 2829 cbcaP
410 2764 593 2846 perigaeum.
639 2764 723 2826 Idem
749 2781 803 2823 ac·
850 2834 854 2841 y
912 2762 928 2789 ¹·

129 2857 230 2927 cidet,
261 2855 289 2918 si
321 2854 510 2918 describatur
540 2861 644 2916 centro
671 2852 702 2915 A
728 2869 804 2936 con·
850 2862 853 2869 “

129 2943 285 3008 cantrices
311 2939 413 3018 BGD,
447 2951 480 3006 et
509 2943 540 3006 in
572 2961 608 3004 eo
640 2941 803 3024 epicyclus,

129 3034 219 3113 eujus
250 3033 354 3096 radius
388 3031 454 3108 ΒΕ,
501 3030 553 3096 OF
587 3033 637 3094 vel
668 3031 727 3092 ΒΗ
763 3028 806 3090 sit

130 3123 271 3204 aequalis
285 3123 352 3184 AM
368 3121 586 3184 ecceutricitati
602 3120 711 3202 priori:
736 3137 803 3181 mo·

130 3221 182 3274 tus
211 3229 283 3273 vero
315 3211 360 3273 sic
391 3218 464 3274 sunt
494 3211 676 3291 comparati,
707 3216 742 3272 ut
772 3214 805 3269 et

130 3301 215 3363 orbis
238 3299 300 3362 ME
322 3299 405 3382 prior
432 3318 522 3380 super
544 3299 578 3361 M
609 3308 642 3363 et
664 3298 721 3360 AB
744 3315 802 3378 pc-

130 3389 242 3453 sterior
265 3407 356 3470 super
379 3391 409 3452 A
432 3388 599 3472 aequaliter
622 3397 654 3452 et
676 3389 706 3451 iu
728 3405 803 3471 par-

130 3489 179 3542 tes
203 3479 331 3557 eudem
354 3478 513 3554 incedant,
544 3479 642 3540 lineae
666 3497 737 3540 vero
766 3493 804 3536 ex

130 3568 168 3643 Ε,
191 3570 229 3641 F,
250 3568 283 3630 H
290 3559 429 3648 'planeta
442 3585 497 3648 per
509 3568 545 3642 B,
571 3565 608 3644 O,
621 3566 651 3628 D
670 3575 805 3630 centrum

131 3657 259 3740 epicycli
283 3658 394 3720 duetae'
418 3657 516 3720 lineae
539 3656 602 3720 MA
626 3654 806 3719 ecceutrici-

131 3747 190 3808 tati
203 3755 352 3828 perpetuo
367 3747 572 3828 aequidistsnt
586 3745 655 3808 dum
678 3746 889 3818 circumfertur
906 3753 936 3816 in
951 3751 1036 3818 1301)
1055 3743 1256 3820 susceptrices
1304 3753 1373 3830 Qua
1387 3759 1508 3824 ratione

132 3837 272 3912 efficitur,
297 3846 332 3898 ut
355 3835 506 3918 epicyelue
530 3833 559 3896 in
584 3853 651 3897 sese
681 3841 713 3898 et
736 3849 876 3918 respectu
898 3843 992 3906 totius
1016 3844 1148 3907 universi
1171 3863 1229 3909 nou
1251 3847 1349 3911 minus
1369 3849 1509 3929 quiescat

132 3944 223 4008 qnam
245 3927 282 3987 M
304 3933 446 4006 punctum
471 3923 610 4008 quiescit
658 3922 722 3987 Sed
747 3939 923 4004 geometrae
948 3933 986 3994 ad
1010 3931 1053 4004 Ε,
1078 3931 1123 4011 G,
1147 3933 1164 3995 I
1186 3953 1354 4016 apogaeum
1378 3939 1507 4021 epicycli
1591 4009 1595 4016 Ι

133 4017 334 4095 respicientes
358 4015 463 4077 dieunt
489 4013 642 4093 planetam
670 4013 700 4075 in
726 4015 861 4099 epicyclo
886 4039 945 4082 non
971 4021 1139 4103 quiescere,
1175 4023 1230 4087 ssd
1258 4025 1371 4088 moveri
1393 4026 1424 4088 iu
1448 4045 1506 4108 up.

132 4105 266 4185 positum
290 4103 460 4166 ecceutrico
489 4121 532 4165 sc.
558 4119 597 4163 ex
620 4099 651 4164 G
673 4102 704 4164 in
727 4103 755 4165 F
776 4112 862 4170 tanto
888 4121 991 4186 arcu,'
1009 4119 1137 4192 quantus
1162 4119 1211 4174 est
1233 4111 1303 4186 Bc,
1335 4115 1387 4178 via
1409 4117 1506 4180 centri

136 4194 275 4276 epicyeli.
321 4193 400 4256 Esto
420 4191 488 4272 jam
513 4199 547 4253 nt
561 4191 594 4252 M
609 4199 744 4254 centrum
767 4198 929 4261 ecceutrici
943 4207 1099 4263 moveatur
1122 4207 1154 4263 et
1173 4201 1263 4264 aliter
1277 4203 1397 4284 quidem
1416 4222 1506 4286 quam

137 4284 342 4347 scaenicus:
367 4288 529 4344 moveatur
552 4280 640 4344 modo
664 4280 693 4342 iu
717 4283 841 4362 plagam
863 4287 989 4350 eandem
1012 4287 1042 4350 iu
1063 4307 1151 4370 qnam
1174 4297 1206 4353 et
1230 4293 1424 4369 ecceutricus,
1450 4292 1504 4355 sed

137 4374 269 4436 velocius
293 4371 364 4448 illo,
389 4376 425 4433 ut
448 4371 634 4434 ecceutricus
654 4369 774 4450 quidem
798 4376 939 4455 angulum
959 4374 1062 4452 QLK,
1088 4385 1224 4442 centrum
1246 4399 1320 4444 vero
1343 4381 1504 4444 ecceutrici

135 4465 276 4544 auguhm
300 4461 395 4524 MAL
424 4460 594 4522 coutieiaut.
641 4457 712 4521 Fiet
743 4460 800 4524 hoc
829 4473 920 4542 pacto
955 4472 990 4528 ut
1013 4465 1105 4528 stella
1137 4467 1175 4530 ab
1197 4467 1225 4530 Ε
1248 4468 1278 4530 in
1301 4467 1332 4530 K
1358 4469 1504 4530 velociter
1550 4495 1558 4506 =

136 4553 274 4616 rideatur
297 4549 485 4613 descendere
518 4567 573 4612 nec
601 4545 744 4612 circulum
772 4551 941 4631 perlectam
970 4553 1132 4616 describat.
1178 4555 1263 4618 Idern
1291 4557 1326 4618 fit
1352 4573 1406 4636 per
1429 4573 1502 4617 con-

137 4641 299 4704 ceutricum
327 4657 397 4702 cum
421 4637 570 4719 epicyclo‚
604 4636 656 4699 ubi
685 4639 894 4704 conceutricus
922 4641 971 4705 bic
1001 4641 1080 4705 illius
1104 4643 1264 4707 ecceutrici
1294 4650 1407 4705 motum
1431 4661 1502 4705 sns-

138 4729 216 4809 cipit,
241 4728 400 4812 epicyclus
419 4745 496 4789 uero
520 4725 584 4789 sive
607 4727 637 4789 in
661 4743 702 4788 eo*
721 4729 813 4791 stella
835 4729 865 4792 K
888 4737 1004 4793 motum
1026 4729 1089 4794 illic
1112 4731 1208 4794 centri
1236 4728 1409 4804 ecceutrici,
1443 4749 1501 4794 nu·

138 4819 308 4883 muudum
332 4839 353 4880 a
378 4817 462 4882 linea
483 4815 542 4880 ΒΗ
565 4815 790 4899 aequidistauts
813 4817 893 4898 AM,
923 4827 958 4883 ut
979 4819 1069 4883 ΗΒΚ
1092 4826 1125 4881 et
1145 4819 1239 4882 MAL
1261 4815 1324 4880 sint
1346 4818 1501 4902 aequales.
