3674 5528
304 247 370 320 m
730 249 831 301 Literee
848 250 952 316 Μαι
970 249 1242 334 dirmetum·

302 411 510 482 Ptolemaeus:
533 406 667 470 invenies
691 407 836 470 distincta
858 429 1075 488 sseapcrptoqaoe
1098 409 1327 489 (quadrantes),
1359 409 1389 470 in
1413 407 1522 488 quibus
1545 427 1671 480 aerem

308 499 497 571 (versantur)
520 497 680 574 planetae;
705 496 888 576 quadrantes
907 497 1000 576 igitur
1017 497 1143 560 zodiaci.
1191 496 1307 568 Quales
1331 498 1422 560 vero?
1465 495 1670 572 Ἀειηλιωτιεα,

303 589 420 662 Moza,
444 583 523 657 iore,
546 583 773 658 dzozaolrzerc,
796 583 1002 660 ἀποκληματα.
1025 586 1081 648 hoc
1106 594 1170 660 est,
1195 585 1233 647 ab
1257 585 1412 648 horizonte
1435 585 1533 646 ortivo
1558 592 1592 644 et
1615 602 1669 645 oc-

304 674 391 736 ciduo
414 675 552 752 incepta,
586 673 615 732 in
640 673 864 754 nonagesimum
889 673 980 752 igitur
1003 681 1091 736 extra
1113 674 1309 737 meridianum
1333 673 1539 738 terminantia.
1587 672 1669 733 Nam

303 783 361 826 non
387 760 497 824 dicitur
518 781 761 838 τεταριημοριοε,
784 761 842 822 nisi
864 763 1017 842 periectas
1042 763 1207 842 quadrans,
1236 781 1291 822 nec
1314 780 1387 840 pure
1411 761 1583 833 ἀπεελυειε,
1609 759 1669 820 uisi

303 874 323 912 a
345 849 538 929 nonagesimo
562 849 710 928 inceptus.
758 848 935 912 Decimo:
969 858 1018 912 est
1045 851 1148 931 aliqua
1171 852 1289 925 domus,
1320 868 1396 929 quae
1427 849 1536 912 dicitnr
1559 845 1670 912 ium·

306 961 402 1018 φορας
434 936 645 1016 ἀεαφερεσθαι
676 956 746 998 vero
772 938 912 1002 tribuitur
938 938 1034 1017 signis
1055 940 1183 1002 zodiaci.
1231 940 1345 1000 Domus
1369 938 1462 1017 igitur
1484 936 1669 1014 intelligitur

303 1029 340 1088 de
368 1046 440 1096 arcu
466 1026 601 1099 zodiaci,
634 1025 684 1087 ille
712 1044 782 1086 vero
811 1027 921 1089 dicitnr
950 1031 1205 1106 dodenueqpaqror.
1253 1027 1479 1088 Undecimo:
1513 1027 1559 1088 sic
1594 1023 1669 1086 alibi

303 1116 440 1195 appellat
470 1135 507 1176 eo
537 1119 757 1187 amrodcqweor
789 1111 901 1186 Codice.
947 1119 1049 1178 Zodrc
1081 1125 1153 1178 sunt
1179 1114 1294 1178 zodiaci
1318 1123 1422 1194 partes
1446 1113 1665 1179 duodecimae:

256 1204 262 1210 “
303 1223 379 1282 ergo
404 1203 519 1276 domus,
543 1221 620 1282 quae
645 1207 865 1278 zenodorpmor
880 1203 998 1277 dicitnr,
1024 1213 1071 1266 est
1093 1204 1208 1266 zodiaci
1223 1223 1295 1282 pare
1309 1203 1381 1266 Xll.
1433 1201 1667 1270 Duodecimn

303 1291 382 1355 ratio
412 1291 552 1364 accedat,
591 1308 658 1351 cnm
681 1291 718 1352 de
743 1292 803 1353 situ
833 1292 963 1371 partium
987 1292 1101 1356 zodiaci
1136 1293 1321 1370 disputatur,
1355 1293 1433 1352 unde
1466 1292 1528 1352 illic
1561 1289 1666 1369 potius

302 1379 445 1458 incipiat,
480 1397 570 1458 quam
592 1399 612 1438 a
633 1386 744 1457 puncto
776 1380 936 1454 altissimo.
983 1381 1062 1442 Hinc
1085 1381 1280 1442 Ptolemaeus
1304 1379 1386 1449 alibi,
1415 1399 1482 1442 cum
1507 1379 1602 1442 etiam
1628 1379 1665 1440 de

302 1489 402 1538 coacte
426 1463 725 1548 σεσχηματιζομεεοις
748 1466 828 1548 agit,
863 1469 998 1548 appellat
1021 1491 1072 1530 zoe
1102 1491 1177 1532 neec
1207 1471 1346 1550 κόρυφηε,
1359 1489 1450 1531 zoroe
1482 1469 1665 1548 quadratum

301 1559 340 1620 ab
373 1557 549 1634 horoscopo.
595 1555 829 1618 Tredecimo:
864 1578 883 1617 a
913 1577 986 1620 voce
1016 1558 1109 1620 Medii
1129 1556 1225 1620 Coeli.
1273 1555 1307 1618 Si
1331 1557 1409 1618 enim
1441 1557 1586 1618 zodiacus
1614 1563 1666 1618 est

298 1647 328 1708 in
352 1646 457 1707 domos
481 1643 703 1706 distribuendus
726 1655 850 1732 propter
873 1646 1062 1724 planetarum
1092 1647 1121 1708 iu
1147 1665 1182 1708 eo
1206 1645 1392 1708 versantium
1417 1653 1520 1708 status
1543 1663 1664 1723 expeu-

299 1734 423 1807 dendoe,
448 1740 569 1812 oportet
591 1731 695 1812 utique
713 1731 785 1811 'ejus
804 1735 934 1798 medinm
954 1753 1012 1798 non
1027 1736 1149 1797 verbale
1169 1753 1238 1796 esee
1261 1733 1291 1795 in
1307 1734 1481 1809 meridiano,
1507 1733 1563 1794 sed
1580 1732 1664 1796 reale

299 1831 387 1884 extra
410 1820 607 1884 meridianum
630 1820 660 1884 in
684 1821 888 1901 nonagesimo.
1274 1847 1280 1860 ·

389 1909 491 1984 Satis,
526 1910 648 1991 opinor,
686 1910 801 1972 obtinui
834 1911 1040 1990 propositum:
1080 1929 1159 1972 nunc
1192 1910 1350 1972 audiamus
1381 1927 1470 1986 porro
1500 1907 1662 1970 Stadium:

298 1998 533 2071 „Ptolemaens,
570 1997 621 2060 ubi
654 1997 690 2059 de
722 1999 902 2062 deductione
934 2008 1162 2080 prorogatorem
1186 1998 1268 2077 agit,
1307 1999 1351 2062 M.
1377 1996 1413 2061 Ο.
1438 1998 1468 2058 in
1493 1996 1663 2060 meridiano

298 2086 492 2148 coustituit.“
537 2086 597 2148 Est
619 2104 690 2165 ergo
715 2086 826 2166 duplex
850 2088 892 2150 M.
919 2087 954 2151 (l.
981 2107 1034 2166 pro
1059 2087 1169 2166 duplici
1192 2086 1344 2160 instituto,
1375 2085 1490 2148 duobus
1514 2085 1661 2158 motibus,

298 2175 414 2236 duobus
437 2174 589 2252 primariis
613 2173 732 2236 circulis
755 2194 914 2256 eorumque
937 2177 1025 2256 polis,
1049 2183 1081 2238 et
1105 2173 1296 2239 latitudinum
1321 2173 1578 2254 verticalibnsque
1598 2173 1661 2234 cir-

298 2263 383 2324 culis.
429 2262 511 2324 Nam
538 2262 565 2324 ai
594 2263 631 2324 de
664 2262 724 2324 situ
753 2263 870 2342 agimus
898 2265 1032 2338 zodiaci,
1066 2265 1109 2326 M.
1136 2261 1172 2325 Ο.
1201 2270 1250 2324 εει
1278 2261 1307 2322 iu
1332 2263 1428 2341 gradu
1451 2262 1662 2342 nonagesimi:

258 2375 260 2378 ·
298 2349 346 2411 siu
371 2357 471 2413 autem
496 2350 533 2412 de
556 2357 639 2414 motu
662 2351 767 2430 primo,
793 2362 826 2414 ut
848 2351 878 2412 in
902 2353 1041 2415 doctrina
1065 2351 1270 2424 directionum,
1297 2359 1350 2412 aut
1374 2350 1400 2412 si
1419 2350 1661 2424 consideramus,

299 2447 443 2516 quantum
468 2437 562 2501 distet
584 2438 657 2514 Sol,
681 2439 786 2514 Luna,
811 2441 858 2502 vel
881 2442 1034 2520 planetae,
1057 2441 1175 2502 ratione
1199 2446 1299 2500 motus
1323 2439 1411 2517 primi
1434 2459 1454 2500 a
1480 2438 1658 2511 meridiano,

297 2527 336 2588 ab
360 2545 395 2588 eo
420 2544 463 2590 sc.
487 2533 609 2606 puncto,
634 2528 663 2590 in
688 2546 746 2607 quo
770 2529 813 2590 illi
837 2548 872 2590 eo
896 2529 944 2592 die
968 2530 1031 2592 lieri
1055 2537 1184 2608 possunt
1206 2527 1357 2601 altissimi,
1383 2536 1418 2589 ut
1440 2528 1476 2588 lit
1498 2527 1530 2590 iu
1555 2527 1659 2605 capite

297 2617 334 2676 de
358 2613 558 2692 dignitatibus
582 2623 614 2677 et
636 2617 726 2678 alibi:
753 2626 823 2678 tunc
846 2619 890 2678 M.
916 2617 951 2687 ,0.
978 2626 1027 2679 εει
1049 2618 1080 2680 iu
1104 2615 1284 2687 meridiano,
1308 2615 1379 2695 quia
1402 2635 1437 2677 eo
1462 2615 1511 2679 die
1535 2615 1662 2694 planeta

297 2723 355 2764 non
380 2703 513 2766 obsolvit
535 2705 709 2779 zodiacum,
744 2706 798 2768 sed
826 2707 1023 2784 parallelum,
1057 2707 1140 2784 cujus
1171 2713 1315 2784 punctum
1347 2705 1531 2771 altissimum
1556 2713 1606 2766 εει
1630 2703 1660 2765 in

210 2818 214 2827 ·
296 2791 470 2854 meridiano.
519 2790 649 2856 Secutus
672 2802 722 2855 εει
743 2794 800 2856 hoe
824 2783 983 2858 Cardanris
1009 2795 1036 2856 in
1061 2794 1197 2856 centuria
1218 2792 1390 2872 genesium,
1417 2791 1559 2854 etmulti
1585 2801 1659 2853 ante

295 2899 372 2944 euru.
419 2879 597 2959 Exemplum
620 2900 658 2943 ex
681 2901 748 2944 mea
762 2883 888 2962 genesi:
912 2903 969 2946 non
994 2893 1043 2945 est
1065 2883 1155 2945 altior
1178 2882 1290 2961 gradus
1304 2881 1421 2944 zodiaci
1438 2900 1527 2960 quam
1543 2878 1654 2954 25034,

295 2968 366 3048 quia
388 2969 481 3030 oritur
505 2964 617 3042 25011.
665 2972 710 3032 Aa
733 2969 845 3048 gradus
868 2972 911 3033 M.
937 2969 973 3034 Ο.
1008 2970 1165 3038 (Cardena
1190 2970 1300 3032 dicitur
1323 2988 1383 3032 cor·
1406 2970 1501 3040 coeli)
1531 2964 1596 3031 22⁰
1610 2985 1657 3030 a:

295 3057 373 3119 satie
395 3075 504 3137 magno
530 3078 600 3120 arcu
626 3068 673 3120 est
696 3059 849 3128 humilior,
883 3078 970 3140 quarn
994 3057 1103 3132 25034.
1151 3058 1205 3122 Sol
1230 3077 1301 3119 vero
1326 3057 1353 3120 in
1383 3055 1484 3133 15⁰5
1508 3057 1536 3117 iu
1562 3057 1656 3118 meri-

295 3145 384 3207 diano
409 3145 530 3224 quidem
553 3148 587 3207 fit
611 3147 794 3221 altissimus,
821 3159 854 3210 at
877 3167 914 3210 ne
938 3147 1015 3210 hanc
1040 3147 1158 3228 quidem
1183 3167 1218 3208 eo
1242 3147 1290 3209 die
1314 3146 1488 3226 assequitur
1511 3145 1656 3207 altitudi-

295 3251 373 3306 nem,
399 3251 486 3311 quam
511 3235 604 3296 hahet
628 3232 757 3309 22⁰&
782 3237 835 3297 sed
860 3237 954 3299 multo
977 3236 1133 3300 minorem.
1182 3237 1288 3315 Itaque
1311 3230 1429 3296 ratione
1445 3235 1523 3296 situs
1538 3228 1659 3296 22⁰ae

296 3321 409 3382 nullam
431 3321 526 3384 habet
549 3324 724 3398 efficaciam,
750 3334 784 3386 ut
807 3323 899 3386 habet
919 3344 1063 3404 magnam
1087 3325 1205 3388 ratione
1229 3333 1338 3385 motus.
1385 3322 1428 3385 Et
1449 3331 1541 3396 nota,
1566 3329 1602 3384 ut
1624 3342 1658 3384 se

294 3407 486 3472 nabecsieus
511 3411 549 3472 ad
573 3430 699 3490 corpus,
735 3412 779 3474 sic
807 3432 841 3475 se
869 3414 962 3475 habet
986 3422 1098 3486 motus,
1134 3413 1171 3476 ad
1201 3413 1303 3474 vitain.
1350 3411 1657 3474 inconsideratione

293 3495 385 3576 igitur
410 3497 543 3576 corporis
568 3508 698 3579 atquae
723 3501 888 3564 adhaerent
911 3521 964 3580 pro
989 3502 1031 3564 M.
1058 3500 1094 3562 O.
1121 3501 1331 3579 nonagesimus
1348 3507 1397 3560 est
1414 3500 1655 3562 considerandus

293 3584 404 3664 magis:
430 3596 462 3647 at
485 3587 515 3648 in
539 3588 779 3652 consideratione
804 3591 899 3663 vitae,
925 3591 954 3652 h.
980 3611 1006 3652 e.
1032 3590 1185 3652 actionum
1207 3581 1355 3661 hominis,
1377 3596 1408 3649 et
1432 3608 1509 3667 qnae
1534 3587 1654 3653 adhae-

292 3681 374 3746 rent,
399 3682 433 3734 nt
456 3683 488 3736 et
511 3675 539 3736 in
564 3675 796 3751 directionibus,
827 3679 946 3740 omnino
969 3678 1139 3759 praepollet
1162 3679 1204 3738 M.
1231 3676 1267 3738 0.
1293 3677 1322 3750 in
1347 3675 1523 3739 meridiano.
1572 3676 1655 3738 Dili-

293 3769 401 3841 genter
424 3763 515 3841 igitur
538 3764 789 3828 considerandum
813 3767 902 3846 quale
924 3769 967 3830 M.
995 3766 1030 3831 G.
1056 3766 1163 3846 quovis
1177 3765 1346 3830 Ptolemaei
1370 3766 1435 3828 loco
1459 3765 1670 3838 adhiheatur,

293 3857 326 3910 et
348 3848 481 3914 sublata'
495 3851 552 3913 erit
576 3853 671 3916 omnis
695 3855 867 3916 difficultas.
998 3904 1002 3912 .

384 3939 490 4018 Pergit
513 3938 654 4004 Stadios:
689 3943 872 4005 meridianus
897 3945 935 4006 ab
959 3941 1114 4005 horizonte
1143 3959 1261 4018 semper
1291 3961 1345 4004 ser
1368 3941 1450 4002 horis
1475 3940 1656 4020 aequalibus

293 4025 399 4097 distat,
422 4038 456 4090 ut
480 4028 570 4090 docet
591 4030 818 4092 Ptolemaeus.“
865 4036 911 4094 At
934 4033 1019 4100 haec,
1044 4052 1061 4092 o
1082 4031 1180 4104 Stadi,
1206 4028 1384 4107 dzopoloym
1407 4038 1465 4100 est,
1489 4048 1548 4090 non
1566 4049 1655 4092 usur·

294 4125 370 4192 pata
393 4135 412 4178 a
435 4117 611 4180 Ptolemaeo
637 4119 692 4180 hoc
716 4119 792 4182 loco.
830 4120 930 4182 Nullis
954 4121 1036 4182 horis
1059 4121 1177 4182 distant
1200 4119 1229 4180 hi
1244 4119 1358 4188 circuli,
1382 4119 1437 4180 sed
1460 4117 1550 4178 simul
1575 4125 1654 4180 sunt.

292 4203 424 4266 Planeta
458 4223 527 4268 rem
560 4225 627 4270 cnm
661 4215 710 4268 est
741 4207 771 4268 in
803 4208 975 4277 horizonte,
1009 4208 1098 4270 abest
1131 4230 1150 4270 a
1180 4207 1345 4273 meridiano
1375 4223 1494 4285 semper
1528 4202 1655 4270 liheris

292 4311 349 4354 nnn
366 4294 544 4373 aequalibus
560 4315 680 4375 semper
699 4303 730 4356 et
745 4295 881 4358 omnibus
906 4297 1022 4370 diebus,
1047 4299 1101 4358 sed
1125 4295 1342 4375 temporalibus
1367 4293 1578 4374 inaequalibus
1601 4311 1657 4374 per

292 4381 357 4442 dies
381 4383 527 4455 diversos,
554 4405 630 4464 quae
655 4392 757 4446 tamen
781 4393 851 4446 sunt
875 4387 1017 4465 aequales
1042 4385 1070 4446 iu
1096 4386 1144 4448 die
1171 4403 1227 4445 uno
1252 4383 1331 4444 iuter
1354 4382 1508 4463 seipsae.

381 4470 467 4542 Quae
492 4473 521 4534 in
545 4472 654 4535 Stadio
678 4481 859 4552 sequuntur,
899 4493 955 4536 non
983 4467 1120 4553 indigent
1144 4472 1406 4536 commentatione.
1454 4471 1522 4532 Non
1548 4489 1653 4550 repre-

292 4557 388 4619 hendo
415 4560 657 4623 distributionem
681 4561 819 4622 domarim
843 4561 1092 4639 Regiomontani,
1124 4563 1150 4624 si
1174 4579 1233 4624 uon
1257 4579 1310 4639 pro
1335 4558 1522 4624 Ptolemaios
1545 4559 1653 4620 vendi-

292 4653 382 4708 tetur.
430 4648 542 4710 Posset
570 4649 697 4728 aliquis,
732 4659 765 4709 ut
793 4667 934 4728 superum
965 4650 1217 4732 hemisphaerium
1246 4648 1275 4709 in
1300 4644 1320 4710 6
1345 4656 1502 4728 segmenta
1526 4648 1651 4720 dividat,

293 4733 331 4794 ad
356 4733 584 4800 similitudinem
607 4737 841 4814 Regiomontani
865 4758 920 4819 per
943 4739 1237 4806 sectiones-mutuas
1261 4737 1423 4802 horizontis
1448 4744 1481 4798 et
1501 4735 1653 4812 verticalis
