3674 5528
634 1151 1184 1320 succumbet

288 1577 454 1656 Keplerus·
478 1578 660 1658 conscripsit
697 1575 734 1638 66
767 1595 846 1638 6666
882 1573 964 1642 1595
999 1597 1092 1658 nsque
1126 1579 1166 1640 ad
1198 1598 1308 1642 annum
1335 1577 1419 1644 1600
1443 1579 1564 1646 Grastii

208 1683 302 1726 annun
316 1663 553 1728 calendaria
576 1683 633 1750 sen
646 1664 915 1744 Prognostica,
936 1666 1024 1746 jussu
1050 1666 1229 1742 „ordinum“
1245 1667 1377 1750 Styriae,
1401 1670 1470 1732 inde
1486 1672 1564 1732 Pra-

207 1771 262 1832 gae
292 1753 491 1834 imperatoris
515 1754 666 1834 Rudolphi
694 1753 847 1816 mandatis
877 1754 1048 1816 obsecutus.
1095 1756 1145 1818 Ah
1174 1773 1252 1818 anno
1284 1752 1367 1820 1606
1399 1767 1481 1820 certe
1509 1775 1586 1838 per,

208 1841 321 1921 aliquot
349 1861 447 1906 annos
477 1863 516 1905 66
543 1843 731 1906 conscribere
759 1841 864 1904 omisit
895 1851 927 1904 et
953 1843 1056 1924 Praga
1078 1863 1157 1906 anno
1192 1840 1275 1908 1612
1310 1845 1419 1908 6611616
1448 1847 1563 1909 Linciis

209 1929 325 1992 demum
356 1931 563 1994 intermissum
593 1931 669 1994 illud
699 1929 854 2010 negotium
882 1949 919 1992 ex
948 1932 1066 2010 integro
1098 1933 1250 1996 resumsit
1301 1931 1369 2004 Quo
1402 1953 1479 1996 6666
1508 1935 1565 1998 hoc

188 2056 195 2063 -
211 2019 321 2080 iactum
336 2019 451 2083 sitnon
469 2021 559 2100 plene
570 2021 700 2094 constat,
716 2019 847 2082 fortasse
862 2038 920 2080 non
935 2028 1006 2082 ante
1021 2039 1131 2084 annum
1147 2017 1238 2096 1617,
1255 2029 1398 2102 quantum
1412 2023 1566 2102 eKeplcri

210 2105 317 2180 serbis,
343 2127 419 2188 quae
443 2109 525 2170 inira
547 2116 718 2188 sequentur,
743 2107 884 2186 colligere
908 2109 995 2182 licet3
1025 2116 1098 2189 quot
1120 2109 1189 2172 1666
1219 2110 1258 2172 ab
1282 2129 1317 2171 eo
1341 2117 1475 2190 tempore
1500 2109 1565 2174 06-

211 2194 347 2256 16666616
374 2197 505 2258 ediderit
535 2197 711 2278 quendcqns
739 2195 848 2258 iterum
876 2215 938 2258 rem
965 2195 1116 2276 ingratam
1143 2197 1302 2276 abjecerit,
1342 2199 1379 2260 de
1402 2200 1460 2260 hoc
1493 2199 1566 2262 item

211 2282 281 2344 nihil
294 2283 373 2346 corti
389 2285 539 2349 affirmare
553 2303 723 2364 possumus,
739 2284 797 2345 nisi
808 2284 887 2364 quod
902 2285 1038 2348 ultimam
1053 2283 1368 2348 66606166666166666
1384 2286 1567 2354 mentionem

211 2389 287 2432 anno
317 2368 403 2434 1624
426 2373 686 2453 deprehendimus.
734 2372 864 2444 (Linciie
887 2374 917 2436 in
940 2373 1092 2436 tabulario
1109 2382 1326 2438 conservantur
1339 2375 1476 2438 ordinum
1498 2378 1564 2440 Au-

211 2459 389 2522 striacorunr
413 2461 550 2536 6666616,
582 2461 689 2541 quihus
712 2460 843 2540 Keplero
872 2479 926 2540 pro
950 2461 1048 2523 dedic.
1074 2461 1200 2524 061666.
1225 2463 1266 2524 66
1289 2481 1399 2524 anuum
1427 2462 1509 2526 1617
1534 2474 1567 2526 61

210 2546 447 2610 Stereometriae
461 2549 688 2630 perscribuntur
705 2545 767 2620 150
781 2549 828 2622 fl.;
852 2547 988 2628 666061.
1007 2546 1092 2614 1618
1115 2549 1220 2624 5011.;
1245 2547 1313 2612 061.
1336 2548 1420 2614 1619
1441 2548 1565 2626 10011.;

214 2633 296 2698 1620
320 2667 363 2678 -
387 2633 430 2700 50
445 2640 490 2713 6.,
519 2633 604 2701 1623
628 2667 670 2682 -·
694 2633 738 2700 40
752 2637 799 2710 fl.)
846 2637 973 2711 Turbae,
1000 2639 1160 2718 quasillis
1184 2638 1369 2718 temporibus
1392 2640 1421 2700 in
1437 2641 1567 2702 Austris

210 2725 363 2803 superiore
387 2735 511 2790 exortae
535 2733 613 2800 suot,
636 2725 747 2788 itinera
771 2724 921 2786 Viennam
944 2733 977 2788 et
998 2725 1029 2788 in
1052 2725 1342 2805 Wtirttembergiam
1365 2727 1452 2788 annis
1480 2723 1566 2790 1624

211 2811 293 2875 6125
309 2823 464 2893 suscepta,
488 2814 623 2878 obsessio
637 2812 809 2876 Linciorunr
823 2832 902 2876 anno
920 2810 1015 2889 1626,
1033 2815 1243 2878 statioUlmae
1256 2815 1362 2879 hahita
1377 2816 1416 2877 ad
1431 2816 1564 2879 edendas

209 2901 344 2963 Tabulas
367 2902 578 2983 Redolphinas
600 2897 800 2974 66661627,
825 2902 899 2964 haec
923 2903 1023 2966 onmia
1046 2905 1127 2966 haud
1151 2903 1261 2966 scimus
1279 2923 1318 2966 66
1337 2903 1426 2966 fldem
1449 2903 1564 2966 iaciant

209 2991 403 3068 conjecturae
427 2993 465 3055 ah
489 3010 568 3056 enno
594 2986 679 3055 1624
706 2990 820 3052 nullum
847 3010 970 3072 prorsus
1000 2989 1216 3055 Calendarium
1242 3014 1263 3054 6
1290 2992 1422 3072 Keplero
1450 2992 1565 3054 editum

209 3098 289 3141 ssss.
885 3113 887 3118 ·

299 3165 388 3237 Quae
410 3166 522 3246 publici
544 3167 621 3248 juris
645 3167 719 3229 lecit
740 3167 890 3247 Keplerus
915 3166 1099 3232 Celenderis
1128 3168 1208 3232 inter
1235 3167 1352 3236 6661666
1379 3170 1563 3231 numeranda

211 3263 281 3318 sunt
303 3255 552 3318 bibliothecarum
575 3273 677 3336 opera.
725 3254 864 3336 Contigit
886 3256 972 3319 nohis
995 3257 1207 3320 celeberrimas
1225 3255 1416 3326 Germaniae,
1443 3257 1564 3320 Galliae

213 3353 243 3407 et
273 3344 425 3406 Bataviae
461 3344 660 3408 bibliothecas
693 3345 911 3424 inquirentibus
948 3354 979 3408 61
1011 3345 1117 3409 amicis
1149 3363 1273 3425 operam
1304 3345 1417 3425 passim
1451 3348 1565 3408 frustra

212 3432 470 3512 impendentibus,
506 3441 635 3514 quatuor
666 3440 784 3496 tanturn
817 3432 1105 3509 Celenderis,
1147 3453 1291 3498 annornm
1327 3431 1426 3509 1596,
1468 3431 1562 3508 1599,

214 3519 297 3586 1605
321 3515 465 3596 611619,
490 3522 634 3601 accipere,
659 3522 717 3584 duo
741 3524 841 3601 priora
865 3542 880 3584 6
900 3523 1083 3586 61611616666
1098 3523 1281 3598 (1666116661,
1307 3523 1474 3586 liberaliter
1488 3541 1562 3584 con-

213 3609 394 3672 66666161).
409 3609 600 3684 Kransler,
625 3609 852 3674 bibliothecario
869 3609 1056 3686 Grastiensi,
1079 3612 1195 3692 relique
1218 3631 1234 3674 e
1259 3611 1450 3674 bibliothecis
1471 3611 1563 3691 regiis

212 3697 379 3760 Dresdensi
402 3703 436 3759 et
458 3697 644 3760 Monacensi.
690 3699 748 3760 His
773 3697 1186 3780 acceditPrognosticum
1209 3701 1248 3762 ad
1267 3719 1377 3762 annum
1396 3697 1488 3774 1602,
1514 3701 1563 3762 in-

212 3787 359 3868 scriptum
372 3786 590 3866 „Astrologiae
604 3787 833 3862 tundamenta,“
857 3788 936 3868 quod
951 3787 1135 3868 descriptum
1149 3788 1318 3868 accepimns
1342 3807 1358 3850 e
1380 3789 1566 3851 bibliotheca

211 3875 411 3948 Berolinensi,
436 3887 558 3938 curante
581 3876 775 3938 celeberrimo
798 3877 1014 3940 mathematico
1038 3877 1078 3940 1).
1101 3877 1241 3940 Μ66116
1265 3875 1368 3938 Ohm.

295 3964 347 4026 Ex
374 3963 435 4038 his,
465 3983 541 4044 quae
574 3964 708 4026 scierunt
736 3965 810 4028 haec
834 3963 1017 4028 Celenderis
1037 3973 1072 4028 et
1094 3966 1311 4045 Prognostica,
1341 3983 1400 4028 666
1433 3972 1501 4028 1616
1533 3973 1566 4026 61

212 4047 328 4116 sincera
349 4052 475 4132 Keplcri
506 4053 659 4116 sententia
674 4071 677 4082 ·
690 4054 727 4116 de
750 4055 928 4133 Astrologia
958 4055 1069 4134 prodit
1115 4053 1293 4134 Expurgate
1328 4054 1448 4134 quidem
1481 4055 1565 4116 illam

215 4145 378 4206 666666166
401 4161 420 4204 6
443 4141 537 4204 nimia
559 4140 783 4222 superstitione,
808 4161 867 4222 qua
885 4143 1048 4206 scatebant
1071 4142 1138 4206 libri
1162 4141 1338 4221 astrologici
1357 4161 1461 4204 omnes
1485 4143 1566 4204 illius

213 4232 362 4314 temporis,
390 4249 542 4312 quamque
565 4231 684 4292 ardenti
707 4231 809 4292 studio
833 4231 1038 4294 defendebant
1061 4232 1131 4300 viri,
1167 4233 1274 4313 quibus
1303 4231 1381 4294 alias
1403 4231 1564 4310 plurimum

213 4321 361 4384 tribuebat
391 4322 426 4384 in
457 4319 670 4382 astronomicis
699 4319 872 4400 (Maglone,
907 4321 1084 4391 Fabricius,
1117 4317 1270 4402 Origenes
1294 4320 1382 4394 166),
1413 4320 1567 4380 renuebat

211 4415 302 4476 tamen
326 4431 366 4475 ex
388 4410 463 4485 illa,
494 4425 571 4488 quae
601 4409 698 4474 minus
727 4408 787 4488 ipsi
809 4409 942 4472 absurda
968 4408 1159 4485 videbantur,
1194 4429 1230 4472 ue
1253 4409 1376 4472 nimium
1405 4406 1565 4468 disceden-

139 4537 147 4552 ·
205 4501 268 4568 dum
297 4503 359 4586 ipsi
389 4503 483 4562 esset
510 4517 530 4559 e
557 4496 688 4577 receptis
726 4499 815 4577 uulgo
851 4497 1038 4578 opinionibus
1070 4505 1104 4558 et
1129 4516 1285 4577 procerum
1316 4493 1565 4576 imperatorisque

197 4597 313 4661 studiis.
365 4588 531 4669 Keplerue
562 4585 765 4650 astronomiae
790 4596 931 4666 suscepto
960 4586 1060 4650 616616
1093 4599 1125 4647 61
1157 4586 1322 4648 astronomi
1351 4586 1470 4646 functus
1497 4597 1567 4645 mu-

190 4708 259 4758 6666
297 4705 337 4752 66
370 4684 448 4765 1666
490 4675 533 4738 66
569 4675 766 4756 astrologiam
794 4676 940 4738 deductus
977 4683 1040 4746 est,
1078 4675 1187 4756 quippe
1220 4693 1297 4754 quae
1312 4673 1382 4826 ⁹illa
1413 4674 1515 4730 aetate
1547 4687 1569 4730 a

222 4807 224 4817 ,
1296 4775 1307 4824 1
1338 4776 1355 4810 6
