3674 5528
718 272 749 324 rs
768 272 839 325 assu
858 273 1020 342 amiens.
1484 273 1551 342 303

172 425 253 492 inter
283 445 342 490 nos
373 431 494 494 existat
517 431 565 493 vel
592 430 749 495 levissima
773 431 915 504 offensio,
941 451 979 497 ne
1008 431 1126 512 quidem
1149 451 1255 497 sexum
1279 433 1421 499 variavit.
1468 434 1552 498 Nata

175 515 247 578 mibi
273 525 326 578 eat
348 519 417 580 filia
441 518 610 585 Susanna
638 519 769 581 decimo=
784 519 832 580 die
861 520 1036 600 priusquam
1065 521 1127 583 tibi¹
1145 521 1270 596 Sabina,
1296 523 1411 584 oriente
1434 520 1549 600 20⁰5,

178 604 267 666 Lnna
289 605 323 666 in
349 603 470 682 30⁰5.
508 607 668 688 Reliquum
687 608 796 670 thema
814 607 880 686 jam
904 607 993 670 facile
1018 617 1186 672 construes.
1225 607 1313 680 Quod
1334 610 1412 672 diem
1428 610 1549 681 attinet,

181 693 275 755 iacies
301 695 381 756 coeli
405 695 512 776 ἄλογος
535 705 602 756 erat
626 703 657 756 et
679 694 864 776 ἀναρμοςος,
889 715 957 758 cum
979 707 1103 776 praeter
1117 699 1297 760 Mercurium
1312 699 1410 760 nullus
1425 699 1551 778 planeta

183 783 313 844 alterurn
337 783 528 863 adspiceret:
554 783 632 864 quod
646 783 752 846 horam
770 803 852 859 vero,
877 784 951 846 nibil
975 786 1074 863 potuit
1095 806 1162 850 esse
1188 785 1313 848 felicius.
1361 786 1423 848 Sed
1443 795 1548 850 osten-

183 871 228 932 dit
249 871 331 934 bunc
363 891 479 952 quoque
514 873 628 934 loetum
650 872 734 934 Dens
766 879 797 934 et
823 871 942 952 eripuit.
989 873 1112 936 Mortua
1134 882 1183 935 est
1207 883 1397 954 apostemate
1422 875 1548 956 capitis:

185 961 289 1038 (plane
314 967 349 1022 nt
373 962 468 1022 irater
496 961 559 1040 ejus
583 970 655 1022 ante
679 964 806 1035 annum)
839 979 907 1024 cum
930 961 1058 1022 vixisset
1086 963 1150 1025 dies
1176 959 1228 1025 35.
1275 962 1386 1024 Mortis
1409 964 1439 1025 in
1465 964 1549 1026 coelo

184 1048 297 1108 nullum
323 1057 391 1110 erat
415 1047 547 1128 signnm:
581 1069 675 1112 cansa
697 1049 824 1128 pertigit
846 1068 884 1111 err
907 1057 1007 1124 utero,
1038 1070 1091 1112 seu
1115 1051 1211 1132 magis
1241 1070 1279 1114 ex
1300 1060 1401 1132 partu.
1450 1050 1570 1123 Quam

185 1137 212 1198 si
234 1135 320 1198 brevi
343 1145 433 1216 pater
456 1145 614 1218 sequatur,
648 1137 721 1200 nihil
746 1138 789 1200 illi
812 1137 982 1217 inopinanti
1006 1140 1133 1202 accidet.
1180 1139 1256 1202 Cum
1279 1140 1358 1202 enim
1381 1141 1495 1220 passim
1519 1140 1548 1203 in

185 1224 323 1302 Ungaris
350 1243 455 1286 cruces
484 1224 666 1306 sanguineae
699 1226 729 1287 iu
754 1227 906 1288 bominum
935 1226 1109 1306 corporibus
1141 1228 1259 1308 aliaque
1283 1228 1454 1306 hujusmodi
1478 1247 1548 1291 cru-

184 1321 257 1373 enta
280 1313 369 1390 signa
392 1313 423 1374 in
448 1313 560 1374 foribus
585 1315 737 1388 domuum,
774 1315 804 1375 in
829 1315 975 1388 scamnis,
1001 1315 1031 1377 iu
1055 1317 1220 1395 parietibus
1245 1325 1428 1398 appareant,
1454 1318 1549 1398 (qnod

185 1395 367 1463 uniriersalis
390 1402 583 1482 pestilentiae
609 1402 727 1482 signnm
751 1411 882 1482 arguunt
905 1401 1077 1476 historiae),
1105 1406 1219 1484 primus
1244 1425 1300 1486 ego
1324 1405 1353 1466 iu
1378 1405 1435 1467 bac
1464 1405 1547 1484 urbe,

185 1489 402 1570 quodecim,
437 1489 617 1554 cruciculam
644 1491 675 1554 in
706 1489 830 1555 sinistro
859 1491 936 1570 pede
964 1493 1157 1572 conspicatus
1183 1511 1263 1570 sum,
1297 1492 1381 1572 cujus
1406 1495 1488 1558 color
1511 1512 1548 1558 es

183 1623 350 1704 sanguineo
374 1623 486 1686 dilutus
510 1624 540 1685 in
564 1624 691 1692 luteum.
728 1625 823 1686 forma
850 1634 883 1688 et
907 1624 1060 1704 quantitas
1084 1626 1171 1688 haec.
1224 1593 1315 1736 ψ
1383 1625 1484 1690 Locus
1517 1627 1547 1689 in

182 1757 271 1836 pede,
297 1774 356 1836 qua
380 1755 501 1817 dorsum
524 1756 612 1836 pedis
637 1757 675 1818 ad
699 1758 798 1819 volam
823 1777 946 1838 vergere
972 1757 1089 1839 incipit,
1116 1756 1214 1819 medio
1238 1753 1337 1836 spatio
1360 1757 1441 1819 inter
1462 1757 1546 1819 radi-

182 1863 234 1906 ces
258 1844 353 1906 tibiae
378 1851 409 1906 et
432 1845 601 1924 digitorum.
648 1843 849 1921 Crediderim,
884 1864 942 1907 nou
973 1847 1032 1908 alio
1061 1845 1126 1907 loco
1155 1845 1244 1908 mum
1274 1863 1341 1906 esse
1371 1845 1489 1907 clavum
1517 1845 1547 1908 iu

182 1934 259 2012 pede
284 1931 410 1995 Christi.
457 1931 587 2003 Quidam
619 1922 773 2011 guttarum
806 1935 1039 2014 sanguinearum
1071 1933 1189 2012 species
1223 1933 1388 1994 ostendunt
1414 1935 1444 1996 in
1477 1935 1547 1994 vola

182 2039 304 2096 manus,
336 2029 372 2083 nt
400 2021 498 2084 audio.
544 2021 623 2083 Nam
650 2020 699 2082 hic
728 2022 825 2084 adhuc
849 2021 923 2084 nihil
946 2023 1058 2100 simile,
1089 2029 1301 2103 praeterquam
1323 2021 1353 2082 in
1378 2041 1436 2084 me.
1484 2021 1547 2084 Sed

182 2110 252 2171 vola
277 2107 400 2172 Christo
424 2117 456 2170 et
479 2110 545 2189 ipsa
568 2109 714 2172 transfixa
744 2120 801 2171 est.
848 2111 962 2173 Verum
992 2120 1026 2173 ut
1053 2111 1174 2173 redeam
1204 2131 1223 2172 a
1250 2117 1347 2171 morta
1379 2111 1417 2171 ad
1442 2110 1546 2173 vitam.
1572 2183 1575 2190 Ι

183 2195 237 2260 Sol
262 2205 295 2259 et
317 2197 408 2260 Luna
430 2197 595 2260 Sabinulae
619 2205 689 2259 tuae
714 2198 905 2261 stabulantes
924 2200 953 2262 in
970 2198 1157 2269 duodecima,
1182 2197 1267 2261 Luna
1290 2197 1456 2272 combusta,
1482 2199 1546 2262 dis·

182 2288 285 2348 solnta
316 2285 394 2348 coeli
427 2286 536 2361 facies,
572 2285 655 2348 solue
680 2289 701 2362 t}
723 2287 752 2348 in
775 2279 856 2364 ΠΒ,
890 2296 1034 2350 ctortus
1057 2289 1086 2350 in
1110 2279 1290 2366 Ulongob,
1326 2286 1466 2348 videntur
1489 2287 1545 2350 tibi

182 2393 300 2456 quoque
325 2374 404 2436 idem
428 2375 536 2448 dicere,
571 2376 649 2454 quod
673 2375 744 2436 rnihi
769 2377 888 2438 accidit.
932 2374 971 2437 Si
995 2384 1020 2446 d
1042 2393 1098 2456 per
1120 2373 1171 2450 24,
1185 2371 1279 2450 3011,
1303 2372 1544 2439 terrassiam

182 2461 417 2536 nihil‘uocebit,
443 2461 591 2524 Saturnus
617 2471 717 2534 tamen
741 2483 819 2526 anno
848 2460 1057 2542 1604,1695,
1087 2483 1154 2526 cum
1178 2469 1210 2524 et
1232 2463 1413 2524 directiones
1436 2483 1542 2526 acces·

182 2552 288 2625 serint,
313 2551 396 2615 vitae
419 2551 583 2630 periculum
606 2553 723 2614 afferet.

268 2639 329 2701 Hic
354 2640 434 2720 apud
457 2658 512 2700 noa
535 2640 710 2720 dysenteria
732 2639 877 2719 plurimos
900 2639 1030 2702 omnium
1054 2649 1198 2714 aetatum,
1223 2640 1275 2701 sed
1295 2639 1388 2702 multo
1412 2640 1542 2702 maxime

181 2729 315 2790 infantes
344 2727 484 2790 absumit.
530 2727 645 2806 Aprilis
675 2727 752 2790 eninr
782 2727 966 2790 siccissimns
991 2737 1111 2789 etcum
1136 2735 1222 2789 aestu
1246 2728 1442 2788 fundamenta
1465 2728 1543 2807 jecit

182 2817 295 2880 aestati
319 2816 466 2889 torridae,
491 2835 565 2896 quae
590 2815 725 2896 frugibus
749 2817 873 2878 multum
898 2817 1011 2878 nocuit.
1061 2815 1155 2879 Stant
1178 2816 1225 2876 hic
1250 2816 1388 2891 arbores,
1418 2818 1542 2900 summis

181 2906 284 2966 aridae
310 2905 476 2976 frondibus,
499 2904 623 2985 perinde
649 2924 684 2967 ac
707 2911 874 2984 presterem
897 2925 1024 2985 passae:
1055 2905 1110 2967 aed
1133 2924 1191 2966 non
1217 2912 1321 2966 aestus
1344 2903 1414 2967 illas
1438 2905 1540 2966 defor-

181 2995 277 3056 mavit
300 2993 488 3062 immediate,
521 2993 575 3055 sed
601 2993 689 3074 copia
712 2992 867 3056 vermium.
914 2993 949 3057 Si
977 2993 1082 3056 eadem
1115 3002 1185 3056 aunt
1213 3011 1306 3074 penes
1331 3011 1403 3064 vos,
1441 3003 1541 3056 metuo

180 3093 250 3144 tuae
273 3082 386 3144 filiolae
409 3082 467 3143 bac
491 3089 610 3143 aestate
634 3081 740 3156 adbuc,
765 3101 802 3142 ne
827 3082 937 3145 similia
958 3083 1103 3162 patiatur.

252 3223 428 3280 Calcmitataa,
448 3236 510 3288 quaa
529 3223 642 3282 elisimus,
662 3223 788 3286 publicar,
813 3223 900 3288 quibus
919 3223 964 3272 riri
986 3223 1114 3287 ingenium
1131 3221 1233 3272 liberum
1257 3221 1373 3272 adhunc
1391 3222 1541 3286 superstitio-

181 3309 238 3346 nem
254 3301 410 3358 pertractum
428 3300 480 3350 est,
499 3308 573 3358 quam
591 3295 742 3357 praemissae
760 3300 885 3346 testantur
903 3295 1004 3350 literae,
1029 3299 1155 3343 axomurar
1173 3292 1298 3356 significat
1317 3292 1421 3356 epistola
1438 3292 1542 3356 Kepleri

181 3368 289 3429 rupedor
316 3363 388 3429 (pag.
408 3361 489 3424 299),
518 3379 610 3428 easque
625 3366 679 3427 lam
698 3371 796 3416 exortas
823 3365 933 3416 referunt
955 3365 1043 3415 litorea
1069 3363 1103 3414 sd
1122 3363 1281 3414 Maestlinurn
1300 3370 1326 3414 at
1343 3363 1499 3416 Herusrtunr
1518 3378 1541 3415 c.

181 3435 254 3488 hem
273 3438 334 3488 anni
355 3433 424 3486 1598
443 3435 519 3486 datae
545 3433 643 3498 (Gomp.
662 3451 686 3499 p.
707 3434 740 3486 39
760 3443 786 3486 et
804 3433 858 3496 99).
896 3435 969 3496 Quae
993 3436 1019 3485 in
1043 3435 1081 3484 bia
1100 3435 1158 3498 ipsis
1177 3434 1254 3484 literis
1282 3431 1336 3497 (29.
1356 3435 1422 3500 Aug.
1443 3432 1489 3497 99)
1516 3443 1542 3486 et

180 3508 209 3558 iis
227 3523 293 3572 quse
316 3507 363 3556 lras
382 3507 530 3558 subsecutae
555 3514 621 3564 sunt
645 3507 753 3570 pluribus
782 3508 813 3557 de
840 3508 946 3557 turbatis
973 3507 1045 3556 rebus
1064 3505 1185 3568 Styriacis
1212 3521 1288 3571 aeger
1313 3506 1390 3557 animi
1407 3505 1541 3572 Maesulino

181 3580 301 3635 nunciat,
334 3569 509 3641 Maesuliniqne
544 3593 688 3641 responsum
720 3591 807 3641 parum
834 3578 916 3628 solatii
944 3577 1079 3640 praebens,
1114 3575 1231 3641 leguntrrr
1263 3591 1339 3642 supra
1370 3591 1395 3640 p.
1424 3574 1455 3624 51
1489 3591 1541 3641 sqq.

183 3647 278 3708 Quibus
296 3649 417 3711 inspectis
437 3662 510 3697 nemo
528 3649 592 3698 forte
613 3649 750 3708 mirabitur,
770 3656 907 3712 temporum
925 3650 1015 3711 injuria
1032 3653 1149 3698 vexatum
1162 3649 1346 3712 cmciatumque
1364 3649 1441 3698 rirum
1459 3649 1541 3698 animo

180 3719 255 3770 inisse
275 3719 424 3772 conturbato
443 3725 469 3768 ot
487 3721 590 3776 incerto,
612 3726 638 3770 et
657 3720 688 3769 ad
708 3719 895 3782 superstitiones
914 3721 1041 3769 transiisse
1059 3733 1141 3782 paene
1160 3720 1246 3769 aniles.
1283 3702 1320 3768 So
1339 3719 1392 3782 ipso
1404 3733 1461 3768 roro
1480 3726 1543 3770 tem-

179 3805 249 3854 poro,
278 3797 430 3853 recuperata
447 3792 544 3854 propria
562 3797 667 3846 natura,
694 3791 869 3854 circumspexit
886 3791 1011 3847 subsidia,
1036 3791 1123 3854 quibus
1142 3791 1188 3840 sibi
1207 3791 1305 3854 suisque
1324 3791 1414 3838 rictum
1433 3796 1542 3854 pararet,

180 3876 257 3928 esque
277 3863 390 3926 arripuit,
409 3875 474 3925 quae
492 3861 538 3923 ipsi
556 3867 654 3926 proruta
672 3869 759 3918 erant;
780 3875 836 3910 curn
849 3861 967 3924 Tyclrone
986 3862 1039 3928 egit
1058 3862 1088 3910 de
1102 3861 1209 3910 transitu
1221 3861 1246 3910 in
1258 3859 1412 3920 Bobcnriam,
1432 3861 1541 3912 interim-

179 3947 232 3998 que,
252 3933 312 3984 dum
330 3933 377 3982 hoc
395 3933 523 3996 negotium
542 3932 567 3980 in
585 3947 702 3995 suspenso
721 3931 859 3994 haerebat,
886 3933 1066 3982 concinnandis
1085 3932 1257 3981 nativitatibus
1275 3933 1423 3981 mediocrem
1442 3933 1542 3998 conqui-

179 4006 248 4054 rebat
267 4003 408 4068 pecuniam.
445 4001 514 4052 luter
532 4001 631 4066 Styriae
658 4003 753 4052 nobiles
778 4005 910 4068 praecipue
936 4003 1036 4054 iurabat
1053 4001 1162 4066 Keplero
1181 4002 1243 4052 libor
1267 4004 1326 4052 baro
1352 4003 1382 4052 da
1401 4001 1540 4052 Harbor-

177 4078 285 4135 ttein,
304 4089 407 4139 praeses
426 4081 537 4122 statuum
556 4073 669 4135 Scyriae,
689 4075 730 4138 qui
749 4089 805 4124 cnm
824 4075 869 4124 sibi
888 4075 933 4138 ipsi
952 4081 1005 4123 tum
1024 4074 1079 4124 aliis
1097 4072 1217 4122 nobilibus
1235 4075 1334 4137 saepius
1352 4075 1454 4136 expetiit
1472 4073 1541 4138 Kep·
1562 4079 1563 4082 ’

177 4145 222 4196 leri
240 4145 421 4211 astrologicam
437 4145 572 4208 judicium,
602 4143 650 4194 hac
668 4147 731 4194 torte
751 4147 826 4194 etiarn
845 4152 937 4208 menta,
957 4152 993 4200 ut,
1012 4144 1155 4194 labantibus
1173 4145 1244 4194 robur
1263 4143 1383 4208 Styriacls
1401 4151 1428 4194 et
1445 4147 1542 4195 sarano

177 4219 274 4280 publico
294 4218 418 4282 augustiis
437 4229 537 4278 presso,
566 4215 701 4280 Keplerum
721 4215 874 4269 sublevaret.
904 4229 1010 4280 parcens
1029 4215 1144 4280 dignitati
1162 4215 1205 4263 riri
1231 4229 1303 4279 quem
1321 4216 1405 4282 magni
1423 4215 1542 4266 iaciebat.

177 4287 234 4354 Egit
253 4305 309 4342 eum
331 4286 443 4351 Keplero
462 4287 594 4350 interprete
613 4301 672 4336 usus
698 4285 850 4336 Colonranno
869 4285 1060 4350 Zebentmajero
1079 4288 1225 4342 secretario,
1253 4288 1323 4349 cujus
1341 4286 1426 4336 literas
1444 4285 1543 4336 exbibet

177 4357 318 4412 Eanscbins
336 4375 360 4424 p.
383 4354 436 4405 126
457 4371 490 4406 ss.
511 4359 582 4406 annis
606 4353 781 4406 rste-itud
800 4358 883 4406 datas.
919 4357 957 4406 Ex
974 4357 1012 4406 his
1030 4356 1093 4406 haec
1117 4363 1214 4405 tantum
1234 4359 1410 4419 excerpsimus:
1443 4358 1541 4416 „Gena-

177 4445 214 4482 sea
232 4442 289 4484 tuas
309 4442 469 4494 summopere
489 4429 649 4479 commendat
669 4429 809 4479 Generosus
837 4425 913 4490 (idern
932 4429 972 4478 ille
991 4423 1179 4489 Herberstein),
1203 4433 1229 4478 et
1251 4427 1382 4492 aliquoties
1402 4427 1541 4484 affirmarit,

177 4510 200 4554 ts
217 4519 268 4554 rem
288 4519 338 4556 acu
358 4501 475 4565 tetigisse
494 4499 519 4548 in
539 4499 587 4548 illis
602 4501 718 4563 judiciis,
745 4513 808 4563 quae
827 4497 956 4550 Nobilibus
978 4501 1004 4548 iu
1023 4499 1123 4548 dustria
1142 4499 1282 4562 conscripta
1299 4505 1365 4547 sunt.
1401 4497 1480 4556 Jussit
1497 4496 1542 4546 tibl

175 4575 320 4642 significari,
351 4580 383 4624 ut
402 4569 551 4622 dilationem
570 4572 774 4621 remunerationis
793 4571 919 4635 patienter
937 4571 1000 4620 terro
1018 4570 1091 4626 velis,
1118 4585 1195 4634 usqne
1215 4571 1272 4620 dum
1295 4567 1336 4617 ille
1354 4569 1485 4618 Graecinus
1503 4581 1541 4617 ra·

169 4661 265 4716 gressus
292 4647 382 4700 fuerit.
423 4641 489 4690 Turn
516 4641 649 4691 honorifice
675 4641 719 4692 tibi
747 4641 866 4702 satisfiet,
897 4645 923 4692 et
947 4641 1048 4691 ulterius
1074 4647 1157 4691 tecum
1181 4647 1269 4706 agetur
1296 4639 1327 4688 de
1345 4638 1467 4687 nonnullis
1486 4637 1541 4689 aliis

168 4725 218 4786 ejus
233 4721 341 4791 generis
362 4713 505 4765 laboribus.
543 4712 651 4782 Alterius
667 4713 754 4776 judicii
775 4727 853 4764 causa
870 4713 956 4778 scripsi
975 4712 1008 4763 ad
1027 4711 1176 4770 Gurnldum,
1195 4708 1380 4777 provincialium
1400 4707 1506 4758 carniae
1526 4722 1543 4760 a

164 4797 280 4855 uenus,
312 4797 345 4842 ut
365 4787 452 4837 instet
477 4781 507 4834 de
525 4783 671 4840 honorario,
695 4799 728 4835 ne
746 4783 856 4835 laborem
881 4791 907 4836 st
930 4797 1030 4849 operam
1048 4785 1139 4835 trustra
1162 4778 1334 4847 impenderis-¹⁸
1353 4799 1388 4812 -
1406 4777 1437 4830 ln
1453 4777 1540 4830 iisdem
