3674 5528
349 257 415 328 320
770 264 870 316 Literae
888 261 990 328 Keplesi
1014 263 1165 329 moransque
1182 271 1285 318 mutuae

348 425 428 474 dones
446 423 550 479 lactant,
570 429 597 474 et
615 411 756 488 mornado!
793 420 869 472 Ran'o
882 421 1021 474 Ptolemaei
1038 422 1098 472 mihl
1117 436 1168 473 nou
1185 422 1318 485 ssa'siaeit,
1337 421 1585 488 quodammado
1604 435 1709 480 unm.

347 495 373 544 ia
392 493 466 544 Luua
482 508 594 544 namnam
611 493 756 544 comtituat.
792 492 844 544 Res
863 508 924 544 sane
943 495 1101 558 inquisitione
1119 493 1272 559 dignissim

387 611 389 616 .
437 565 641 645 Keplerns:
666 564 713 625 De
746 564 854 626 ellectu
886 563 1041 644 eclipsium
1076 563 1212 626 invenies
1236 565 1265 626 in
1290 564 1365 626 meis
1388 564 1524 626 thesibus
1548 565 1707 626 Meteone·

350 652 463 732 logicis.
510 652 590 715 Sane
615 659 647 714 et
669 653 700 714 in
722 652 898 716 Ptolemaeo
923 662 955 714 et
978 672 1034 734 ego
1059 672 1181 714 causam
1205 654 1375 716 naturalem
1399 654 1552 726 desidero,
1582 673 1638 714 cur
1663 653 1709 714 ei-

349 741 445 802 iectns
469 749 518 803 tot
540 742 692 804 mensibus
716 741 746 802 in
770 735 843 804 Sole¹
868 749 899 804 et
921 742 1009 804 Luna
1033 741 1197 816 differatur,
1223 750 1296 822 quot
1312 741 1392 804 horis
1407 741 1531 820 eclipsis
1547 763 1567 804 a
1585 742 1709 804 cardine

348 830 445 904 abest,
458 838 503 904 ‚et
525 839 628 892 tamen
646 829 712 910 jam
735 829 930 910 singularium
955 829 1073 892 duratio
1096 848 1150 908 per
1165 830 1255 914 horas
1280 831 1310 892 in
1325 829 1412 892 Luna
1433 849 1564 903 menses,
1590 829 1621 890 in
1637 828 1710 892 Sole

348 936 443 980 annos
467 919 625 997 significet.
674 916 776 988 Quare
804 919 875 980 olim
907 937 963 996 ego
988 919 1094 980 eadem
1117 937 1184 980 cnm
1209 918 1560 989 Ptolemaeolicentia,
1589 919 1711 980 scilicet

251 1086 255 1096 ι
348 1025 406 1068 non
429 1024 533 1085 parva,
557 1008 653 1068 talem
677 1007 717 1067 fui
742 1015 863 1068 secutus
889 1007 1024 1068 modum:
1050 1014 1123 1088 quot
1146 1006 1227 1067 horis
1252 1006 1396 1068 luminare
1415 1025 1507 1087 supra
1522 1007 1711 1068 horizontem

348 1096 473 1168 mansit,
505 1103 555 1157 tot
576 1095 606 1156 in
631 1095 718 1156 Luna
740 1113 877 1170 menses,
914 1095 943 1156 in
967 1095 1039 1158 Sole
1064 1094 1133 1156 anui
1157 1094 1239 1156 fuere
1262 1095 1503 1175 praesuppositi,
1538 1113 1576 1156 ex
1601 1094 1710 1174 quibus

265 1249 271 1254 ,
349 1183 395 1245 illi
419 1185 559 1246 ellectum
583 1183 764 1256 sentiebant,
791 1182 841 1264 qui
864 1184 1090 1262 respondebant
1113 1183 1194 1244 horis
1218 1183 1342 1246 abortu
1367 1183 1502 1245 deiectus
1520 1184 1709 1245 determina·

347 1273 399 1333 tis.
445 1271 577 1347 Verum,
607 1271 662 1333 hoc
685 1271 830 1333 modoad
854 1271 1072 1334 Ptolemaicnm
1096 1272 1285 1346 confirmato,
1319 1271 1497 1351 principium
1520 1272 1711 1352 operationis

350 1360 470 1440 eclipsis
495 1359 612 1422 Solaria
644 1359 776 1421 cadebat
808 1369 878 1421 ante
911 1360 1029 1422 initium
1053 1359 1212 1439 eclipseos.
1259 1361 1355 1432 Puto,
1390 1361 1526 1422 delectus
1556 1379 1615 1421 uon
1640 1361 1708 1440 pati

348 1457 411 1510 tam
435 1449 617 1528 exquisitum
641 1449 798 1524 calculum,
824 1467 878 1509 nec
903 1467 976 1528 opus
1001 1467 1078 1524 esse,
1105 1467 1172 1510 cum
1191 1449 1297 1529 cuique
1321 1448 1382 1510 diei
1396 1449 1437 1510 sit
1453 1469 1509 1510 sua
1522 1448 1707 1528 significatio

349 1537 379 1598 in
404 1537 494 1598 astris
519 1556 556 1598 ex
580 1536 752 1618 aspectibus
777 1543 808 1598 et
831 1537 1019 1598 transitibus.
1068 1535 1144 1599 Oum
1159 1538 1256 1598 adhuc
1280 1537 1410 1598 nondum
1431 1543 1590 1598 exstarent
1614 1537 1711 1616 ephe-

349 1624 488 1700 merides,
513 1623 711 1687 aChaldaeis
735 1632 806 1687 sunt
829 1625 1246 1705 introductae'profectionos
1272 1627 1311 1688 ad
1332 1625 1551 1688 sublevandum
1575 1625 1712 1688 laborem

349 1713 518 1775 calculandi
542 1723 636 1776 astra.

419 1801 600 1852 Fabricius:
625 1803 666 1850 An
691 1801 796 1852 thema
821 1802 1045 1865 conceptionis
1064 1802 1192 1866 praevalet
1210 1803 1314 1868 genesi,
1344 1799 1510 1851 relcontra?
1546 1801 1601 1868 Ego
1620 1803 1710 1866 genesi

348 1873 670 1995 Ὲὲπιεπέἰὶιεᾙιὲὶιυεε
689 1887 745 1924 cum
764 1877 822 1923 atre
839 1873 936 1922 imbibit
953 1875 1016 1924 vires
1036 1873 1110 1958 coeli,
1129 1887 1180 1923 non
1197 1873 1224 1922 in
1242 1874 1414 1936 conceptione,
1433 1873 1476 1922 uhi
1494 1887 1545 1922 non
1564 1880 1604 1923 est
1626 1872 1712 1929 homo.

351 2103 519 2184 magni-
544 2113 592 2165 est
620 2110 720 2165 antem
745 2121 793 2164 res
817 2121 928 2182 magna
956 2103 1029 2164 felix
1052 2103 1209 2182 conceptio
1234 2133 1276 2144 -
1300 2104 1336 2164 fit
1363 2103 1428 2166 sine
1458 2121 1609 2165 consensu
1633 2105 1711 2165 coeli

349 2191 489 2266 natalitii,
514 2199 546 2253 ει
568 2209 667 2272 „quae
690 2191 720 2253 in
745 2210 802 2253 nno
826 2193 916 2254 tertio
940 2191 1019 2252 inter
1043 2211 1075 2253 se
1100 2192 1324 2253 consentiunt“
1371 2190 1538 2272 Conceptio
1566 2210 1634 2252 cnm
1650 2211 1712 2272 pa-

350 2281 485 2344 rentibus
505 2278 674 2350 consentit,
698 2279 844 2342 nativitas
867 2299 935 2344 cum
957 2280 1079 2363 iisdem,
1113 2299 1184 2360 ergo
1209 2287 1240 2341 et
1263 2281 1421 2361 conceptio
1446 2299 1512 2342 cum
1536 2279 1712 2342 nativitate.

352 2369 386 2430 In
411 2371 516 2447 genesi
539 2387 610 2430 vero
635 2369 834 2430 discernenda
859 2369 948 2448 plane
972 2368 1044 2430 mihi
1073 2370 1177 2431 thema
1205 2369 1376 2438 natalitium
1400 2369 1521 2431 sufficit.
1570 2368 1632 2430 Sed
1657 2377 1713 2432 tua

352 2475 445 2519 causa
468 2464 516 2517 est
538 2457 626 2530 bona,
652 2476 706 2519 nec
729 2457 956 2537 philosophica:
982 2477 1071 2532 „cum
1086 2464 1156 2520 aere
1180 2460 1260 2520 vires
1283 2458 1360 2519 coeli
1378 2457 1514 2520 haurit.“
1562 2458 1611 2518 lta
1634 2457 1712 2520 bene

351 2545 465 2615 dixisti,
490 2554 524 2606 ut
545 2546 656 2620 rhetor,
682 2555 795 2607 utnon
819 2555 854 2608 ut
875 2547 1110 2625 philosophicus.
1159 2547 1249 2608 Vires
1272 2565 1378 2625 nempe
1402 2547 1478 2608 coeli
1502 2556 1628 2626 propter
1653 2565 1710 2606 ve-

351 2635 481 2696 hiculum
506 2634 585 2696 airis
610 2653 668 2695 non
692 2635 888 2706 imbibuntur,
923 2634 1092 2698 consistunt
1116 2636 1193 2697 enim
1218 2635 1248 2696 in
1272 2635 1489 2714 imaginatione
1512 2653 1612 2696 rerum
1636 2635 1712 2696 suh·

352 2723 508 2786 lunarium.

419 2811 599 2860 Fabricius:
620 2809 686 2870 Quia
702 2815 729 2860 te
747 2812 772 2860 in
791 2811 937 2874 physicis
955 2811 1239 2874 speculationibus
1258 2810 1379 2861 excellere
1398 2811 1485 2868 rideo,
1512 2811 1570 2862 ideo
1589 2818 1616 2862 et
1633 2811 1712 2862 hasce

348 2883 594 2950 quaestiones
611 2881 788 2946 physicas
807 2881 878 2932 aimrd
896 2883 941 2931 tibi
959 2896 1096 2945 proponere
1114 2883 1179 2932 rolni
1198 2881 1376 2932 discutiendas.

423 2953 568 3014 Quaeritur,
590 2967 623 3002 aa
641 2953 785 3004 iuimina
802 2955 853 3002 sint
870 2955 1012 3013 materiata,
1032 2953 1071 3003 sel
1089 2954 1188 3016 spiritus
1202 2951 1317 3004 tantum?
1354 2951 1380 3001 Si
1399 2955 1542 3010 materiata,
1562 2968 1607 3002 cur
1624 2953 1712 3008 homo,

348 3026 387 3076 sel
406 3025 457 3076 alia
474 3032 590 3076 creatura
608 3025 733 3082 animata,
759 3039 809 3074 non
827 3023 941 3073 laedatur
959 3024 1007 3074 illis
1026 3025 1113 3074 eodem
1136 3024 1208 3073 modo
1236 3038 1280 3087 per
1298 3023 1481 3085 disieciionem,
1513 3025 1712 3074 vulnerationem

348 3104 394 3146 sut
412 3097 624 3156 deformationem,
644 3102 673 3144 ut
690 3096 752 3144 muri
771 3102 798 3144 et
815 3093 914 3144 turres?
950 3093 1089 3144 Materiata
1106 3109 1195 3158 nempe
1213 3093 1294 3144 locum
1312 3095 1449 3158 requirunt,
1469 3102 1495 3144 et
1508 3103 1642 3160 propterea
1661 3095 1713 3145 alia

349 3181 452 3232 corpora
468 3169 582 3232 ingressa
600 3167 700 3216 violenti
718 3171 795 3222 motu,
815 3179 847 3215 aa
864 3165 973 3216 sensibili
991 3164 1102 3216 laesione
1121 3165 1242 3217 afficiunt.
1280 3163 1329 3226 Qui
1346 3165 1387 3228 lit,
1414 3167 1479 3231 quad
1503 3169 1713 3216 tonitruum

348 3237 459 3303 fragores
477 3239 544 3288 ultsa
561 3235 587 3294 3,
606 3237 645 3287 sel
664 3237 696 3287 ad
714 3251 836 3287 summum
855 3234 871 3286 4
889 3238 1005 3288 milliaria
1022 3253 1072 3288 non
1091 3238 1232 3298 audiantur,
1252 3245 1339 3288 eontra
1357 3244 1534 3312 tormentqrum
1553 3239 1712 3302 expletiones

351 3306 699 3370 maluttanensem?

439 3381 643 3459 Keplerus:
679 3380 725 3442 De
760 3379 931 3442 fulminibus
965 3380 1039 3441 haec
1064 3388 1113 3441 est
1142 3400 1210 3442 mea
1234 3380 1388 3441 sententia
1411 3381 1480 3454 (nec
1505 3379 1586 3442 enim
1611 3381 1711 3442 minus

349 3489 413 3546 me,
437 3488 493 3548 par
516 3476 578 3544 est,
604 3478 782 3549 arroganter
805 3469 1002 3548 respondere,
1027 3488 1115 3549 quam
1139 3478 1171 3530 tu
1195 3469 1379 3530 confidenter
1403 3469 1553 3548 qnaeris):
1584 3477 1616 3530 et
1640 3489 1710 3530 ma-

350 3559 470 3622 terialia
494 3577 572 3632 esse,
597 3566 628 3620 et
651 3559 783 3640 spiritus.
830 3557 910 3622 Nam
935 3566 967 3619 et
990 3558 1113 3636 spiritus
1138 3565 1186 3620 εει
1209 3557 1347 3621 materia.
1395 3556 1526 3635 Lapides
1554 3577 1628 3619 vero
1653 3578 1711 3618 ne-

351 3648 461 3710 minem
486 3667 614 3728 unquam
630 3647 785 3728 excepisse
800 3655 882 3726 puto,
909 3655 942 3708 ut
957 3647 1171 3726 specularetur.
1218 3645 1313 3708 Fallit
1333 3645 1470 3708 homines
1486 3645 1537 3708 via
1551 3665 1605 3708 seu
1621 3646 1711 3708 limes

352 3737 478 3800 adustus
501 3755 555 3816 per
579 3737 712 3799 arbores.
759 3736 805 3797 At
827 3755 886 3797 nou
910 3735 1054 3814 seqnitur,
1080 3735 1212 3814 lapidem
1227 3735 1310 3798 illam
1330 3744 1476 3797 metatum
1490 3735 1582 3797 uiam.
1629 3735 1711 3797 Pro-

351 3833 466 3905 ponant
490 3825 561 3886 mihi
586 3825 726 3905 lapidem,
751 3824 964 3886 demonstrabo
984 3824 1059 3900 illis,
1085 3823 1112 3885 si
1135 3823 1236 3886 durior
1260 3843 1319 3886 non
1343 3823 1446 3898 luerit,
1478 3824 1589 3886 millies
1614 3825 1710 3886 dissi-

352 3914 446 3976 luisse
470 3914 649 3994 oportuisse.
694 3915 741 3976 At
763 3931 801 3974 ex
816 3912 974 3976 arboribus
998 3911 1204 3974 exscinditur?
1234 3912 1424 3975 Oimbecille
1446 3913 1576 3974 fulmen!
1610 3913 1663 3974 An
1678 3921 1710 3974 tu
1815 3945 1816 3954 =

352 4001 461 4077 credis,
482 4001 558 4064 huno
582 4003 758 4066 violentiam
781 4003 810 4064 in
834 4002 913 4065 nodo
938 3997 1084 4064 haerere?
1130 3999 1218 4072 Quod
1238 4011 1340 4064 antem
1355 4021 1481 4082 corpora
1503 3996 1656 4064 non'eum
1679 4001 1710 4062 in

352 4089 473 4152 modum
496 4091 702 4162 fulminentur,
727 4110 785 4170 quo
810 4092 905 4172 ligna,
930 4109 1024 4152 causa
1047 4097 1095 4152 εει
1117 4090 1276 4165 mollities,
1302 4109 1378 4170 quae
1402 4091 1516 4153 nnllam
1540 4090 1634 4152 habet
1658 4110 1711 4154 re-

351 4177 539 4330 pquqqqpqam,
564 4187 596 4242 et
619 4181 698 4262 quod
721 4179 826 4242 ustilia
848 4199 906 4242 non
931 4186 1014 4254 sunt,
1040 4186 1074 4240 ut
1098 4179 1190 4258 ligna.
1236 4179 1353 4242 Eadem
1377 4199 1482 4254 cansa,
1517 4198 1570 4240 cnr
1593 4177 1714 4260 liquent

441 4354 581 4417 Jucunda
604 4356 741 4436 quaestio
766 4355 804 4418 de
826 4355 952 4417 terribili
977 4356 1107 4436 fragore.
1155 4355 1222 4431 „De
1248 4356 1318 4418 forti
1341 4355 1501 4418 dulcedo.“
1536 4355 1637 4418 Jndic.
1660 4353 1711 4420 ld.
1814 4349 1815 4367 ³

352 4445 434 4526 Ergo
457 4463 609 4525 nunquam
632 4445 696 4506 sine
720 4445 797 4506 nube
822 4451 919 4506 tonat.
971 4444 1016 4506 At
1038 4445 1132 4507 imber
1156 4465 1192 4506 ex
1216 4453 1430 4508 concamerata
1452 4443 1580 4519 decidit,
1616 4465 1713 4526 eaque

354 4554 413 4597 non
438 4535 520 4606 alta,
552 4551 596 4594 ex
612 4551 724 4612 vapore
749 4532 866 4595 scilicet
888 4531 1095 4613 copiosissime
1124 4533 1213 4596 simul
1241 4553 1279 4595 ex
1310 4541 1393 4596 terra
1425 4534 1589 4596 exhalante
1623 4535 1713 4597 simul

353 4644 373 4684 a
395 4641 523 4703 superno
548 4623 628 4684 aeris
652 4621 764 4700 irigore
788 4620 816 4681 in
841 4640 949 4702 aquam
973 4631 1115 4696 coouoto;
1139 4623 1260 4685 clausus
1276 4621 1377 4703 itaque
1397 4623 1500 4702 fragor
1514 4629 1572 4686 est.
1623 4623 1712 4686 Adde
1813 4663 1814 4680 ι

353 4719 386 4772 ει
409 4711 489 4792 qnod
512 4710 654 4772 celeritas
678 4727 754 4790 pene
778 4709 844 4770 sola
867 4709 997 4789 fragoris
1021 4729 1124 4774 causa.
1170 4711 1266 4786 Puto,
1297 4711 1455 4773 materiam
1477 4709 1613 4774 fulminis
1638 4733 1713 4775 ean-
1813 4693 1814 4744 ἶ

353 4799 422 4862 dem
445 4818 523 4874 esse,
548 4817 624 4882 qnae
647 4807 696 4862 est
719 4799 749 4862 in
773 4816 845 4862 auro
869 4797 1007 4876 feriente,
1031 4799 1116 4881 cujm
1139 4799 1254 4865 incensi
1275 4800 1355 4864 idem
1378 4807 1427 4864 est
1449 4798 1564 4881 fragor.
