3698 5516
304 277 370 344 224
715 345 719 348 ,
903 275 1067 328 mnium.

305 439 338 490 D.
354 438 453 492 curum
467 453 523 488 eum
537 439 628 490 diserte
641 437 786 503 appetisset
807 442 833 487 et
843 437 993 502 plagiarium
1006 451 1088 488 meum
1100 436 1201 500 insuper
1216 434 1363 486 intitularet
1387 432 1438 486 ass
1450 434 1552 490 accidit.
1570 439 1600 484 ut
1612 432 1673 482 dum

305 512 420 561 studiosis
439 511 585 574 quibusdam
604 523 634 559 ex
652 510 714 559 meis
733 507 800 558 hunc
814 507 924 558 laborem
940 508 1079 573 corrigendi
1093 521 1180 571 operas
1193 503 1385 572 typographicae
1403 508 1428 557 in
1441 507 1489 556 isto
1504 505 1672 571 Epistularum

305 582 365 632 libro
379 581 592 640 concredidissem,
615 586 690 644 atque
709 579 756 629 illis
770 579 910 644 originalia,
927 585 1000 642 prout
1017 579 1185 642 manuscripta
1203 584 1286 638 erant,
1306 577 1471 632 tradidissem,
1491 577 1526 626 illi
1544 576 1607 626 nihil
1625 577 1671 625 im·

306 652 453 702 mutandum
472 652 599 712 duxerint,
624 665 704 715 neque
722 665 762 700 me
780 651 861 714 magis
879 651 948 700 seriis
967 649 1100 700 distentum
1118 649 1275 712 interpellare
1294 649 1349 698 ausi
1366 651 1432 704 sint,
1453 648 1559 714 ideoque
1578 647 1672 702 omnis.

306 731 380 786 prout
398 723 555 787 autographa
572 723 715 780 habebant,
741 721 846 784 imprimi
863 722 1035 784 permiserint,
1061 721 1145 784 sicque
1163 720 1260 770 incuria
1276 719 1385 784 quadam
1408 719 1503 769 iactum
1526 726 1580 778 est,
1606 717 1674 782 qnod

305 796 382 858 ipsius
405 809 495 843 nomen
519 807 575 843 cum
599 791 715 857 epithetis
739 792 857 857 appositis
880 791 953 842 isthic
976 797 1101 842 retentum
1124 792 1163 840 sit.
1199 793 1240 842 An
1258 805 1315 840 rero
1332 791 1398 842 haec
1415 790 1540 841 sufficiens
1560 797 1586 840 et
1601 792 1675 852 justa

306 865 367 914 satis
385 865 418 914 'sit
437 878 528 925 causa,
552 871 606 914 tam
624 879 699 928 supra
717 878 815 913 omnem
832 863 932 912 modum
952 876 1047 912 vesana
1064 862 1162 912 malitia
1178 863 1203 912 in
1221 875 1262 911 me
1281 867 1307 912 et
1324 876 1406 921 meos,
1433 861 1545 926 adeoque
1562 861 1673 926 patriam

306 937 385 1000 ipsam
405 935 584 992 debacchandi,
602 935 669 986 brevi
689 935 856 999 dispiciemus.
893 933 1018 982 Potuisset
1037 933 1150 998 equidem
1169 933 1199 982 de
1218 934 1316 995 injuria
1336 933 1357 981 ai
1375 947 1426 997 qua
1443 933 1507 982 ioret
1524 933 1570 982 sibi
1588 931 1672 986 illata,

307 1008 423 1070 conqueri
442 1012 516 1070 atque
534 1005 601 1056 hanc
619 1007 692 1056 licitis
716 1005 803 1055 mediis
828 1005 939 1062 amoliri,
965 1019 1014 1053 non
1040 1009 1124 1054 autem
1143 1019 1173 1053 ex
1197 1003 1300 1054 effraeni
1318 1004 1444 1054 vindictae
1462 1003 1599 1067 cupiditate
1618 1009 1673 1050 tam

306 1079 435 1141 impotenti
454 1079 536 1127 animo
554 1077 643 1135 furere,
663 1077 794 1140 omniaque
811 1075 885 1140 longe
905 1076 1028 1126 deteriora
1045 1075 1156 1125 reddere.
1193 1075 1281 1139 Neque
1299 1081 1384 1124 tamen
1403 1081 1449 1131 est,
1472 1089 1517 1124 cur
1534 1075 1671 1133 οιίιιίωοι,

306 1149 370 1213 quod
388 1149 414 1198 in
433 1150 507 1198 istum
525 1154 672 1213 nugatorem
690 1149 736 1197 sim
755 1149 914 1205 commotior,
933 1160 1008 1211 quam
1025 1160 1098 1196 meae
1116 1146 1269 1196 conditiones
1287 1145 1422 1196 admittam
1428 1179 1436 1206 ,
1455 1153 1485 1196 ut
1502 1151 1531 1196 tu
1549 1133 1671 1206 (candido

307 1227 393 1269 tamen
411 1215 507 1280 auimo)
532 1219 623 1278 iniere,
650 1235 701 1268 non
724 1219 791 1268 enim
810 1217 924 1268 Caesaris
943 1219 981 1268 isa
1006 1214 1055 1279 (nti
1073 1217 1173 1281 quidam
1192 1219 1268 1266 etism
1287 1217 1320 1268 ad
1337 1232 1377 1266 me
1395 1213 1548 1281 perscripsit)
1567 1217 1672 1282 dignum

231 1319 242 1341 ι
307 1290 418 1340 arbitror.
455 1292 491 1339 At
508 1292 624 1355 quoniam
643 1293 786 1351 contraius
805 1295 831 1338 et
853 1289 907 1347 ias,
934 1295 1069 1353 contraque
1093 1287 1279 1338 laudatissimae
1302 1289 1397 1352 imperii
1423 1288 1611 1338 constitutiones
1630 1301 1674 1336 me

307 1363 397 1424 scripto
415 1361 470 1425 plus
488 1375 563 1426 quam
587 1361 681 1411 famoso
706 1367 807 1426 praeter
829 1373 928 1408 omnem
945 1361 1076 1410 veritatem
1095 1364 1121 1409 et
1138 1361 1252 1408 meritum
1270 1373 1353 1410 meum
1371 1359 1534 1409 dehonestare
1552 1358 1674 1423 perir-icta

306 1434 386 1482 tronte
405 1439 509 1482 conatus
528 1439 578 1490 est,
601 1436 657 1495 jure
681 1433 808 1495 cumipse
827 1431 869 1495 agi
888 1431 993 1488 curabo,
1019 1436 1094 1494 atque
1117 1431 1254 1480 secuudum
1276 1431 1346 1495 leger
1371 1431 1469 1494 septimi
1494 1435 1520 1478 et
1543 1429 1673 1494 outigari.

254 1533 258 1541 ·
307 1503 428 1554 Subduxit
446 1503 467 1552 is
487 1518 513 1554 se
531 1503 615 1568 Pragu
632 1505 658 1552 iu
677 1501 791 1552 Silesiam
810 1501 884 1566 paulo
902 1507 958 1564 post
975 1516 1058 1552 meum
1076 1499 1158 1551 isthuc
1177 1515 1321 1558 accessum,
1345 1501 1389 1552 sed
1406 1515 1499 1564 nuper,
1517 1501 1673 1557 curmusi,

307 1576 384 1624 tacite
397 1574 477 1624 rediit.
496 1574 569 1624 Forte
582 1574 646 1638 quod
658 1575 691 1624 ibi
703 1589 743 1622 me
756 1587 805 1622 non
819 1573 924 1636 amplius
939 1587 993 1622 esse
1004 1572 1175 1630 intellexeram
1194 1579 1307 1637 utquam
1323 1572 1413 1639 longae
1425 1571 1485 1620 mihi
1503 1573 1553 1621 siut
1570 1585 1672 1629 manus,

307 1645 405 1694 etiamsi
422 1651 521 1709 praesto
539 1660 589 1694 uon
608 1647 671 1703 sim,
700 1645 767 1694 brevi
785 1646 811 1693 in
830 1649 923 1693 arresto
943 1643 1058 1694 detentus
1078 1650 1104 1693 et
1123 1647 1211 1706 postea
1229 1644 1255 1692 in
1273 1643 1394 1706 judicium
1410 1648 1551 1707 protractus
1569 1643 1675 1692 sentiet.

379 1715 503 1776 Quoniam
520 1731 577 1766 vero
595 1717 707 1782 intelligo
726 1731 757 1765 ex
774 1717 839 1770 tuis,
861 1720 888 1764 te
906 1728 1007 1778 spurcas
1026 1721 1053 1764 et
1070 1713 1185 1764 scurriles
1203 1715 1265 1764 istas
1286 1714 1387 1764 chartas
1405 1729 1455 1764 nou
1473 1713 1575 1770 vidisse,
1599 1715 1674 1762 mitto

305 1787 443 1852 exemplar,
469 1792 498 1836 ut
516 1794 542 1837 at
560 1786 591 1836 de
609 1793 655 1836 tua
677 1787 782 1850 epistola
804 1785 877 1835 isthic
898 1787 1017 1849 promtius
1040 1785 1171 1850 dispicias,
1198 1799 1229 1836 ac
1253 1791 1338 1835 cetera
1362 1785 1448 1850 qualia
1471 1788 1522 1835 siut
1545 1787 1675 1835 mamea.

304 1857 407 1907 Videbis
425 1860 524 1923 utique,
543 1872 618 1922 quum
635 1860 740 1915 insana,
758 1857 897 1914 maledica,
917 1857 1057 1908 conviciosa
1075 1863 1102 1906 et
1119 1855 1214 1906 ioetida
1231 1857 1264 1905 sit
1282 1857 1438 1921 compilatio,
1458 1870 1581 1921 quamque
1599 1870 1676 1905 suum

309 1935 422 1979 autorem
440 1931 550 1996 apprime
567 1929 687 1980 redoleat.
718 1927 912 1993 impudentiores
931 1928 1069 1978 calumnias
1087 1941 1213 1991 uunquam
1231 1927 1295 1978 iorte
1311 1927 1403 1994 legisti.
1432 1928 1572 1978 abhorrent
1591 1927 1624 1978 ab
1642 1927 1675 1976 iis

311 2014 383 2051 aures
403 2002 510 2050 omnium
529 2000 683 2050 cordatorum
702 2004 729 2049 et
746 2000 884 2063 proborum.
1434 2051 1439 2061 ,

382 2071 475 2121 Verum
493 2071 524 2120 de
543 2073 590 2120 isto
609 2071 684 2120 effero
702 2069 765 2119 Urso
784 2069 950 2119 Dithmarsico
968 2068 1023 2131 plus
1042 2068 1117 2132 satis,
1137 2083 1217 2134 neque
1236 2068 1302 2118 enim
1319 2073 1358 2117 tot
1376 2081 1393 2118 a
1410 2074 1436 2118 te
1454 2069 1494 2120 vel
1511 2083 1552 2118 me
1569 2067 1674 2132 prolatis

309 2142 389 2193 verbis
407 2142 495 2207 dignus
514 2148 565 2196 est,
590 2147 617 2190 et
634 2143 655 2190 ai
672 2142 753 2204 ipsum
770 2142 836 2190 intus
856 2145 881 2190 et
898 2141 924 2189 in
943 2146 1001 2190 cute
1019 2137 1059 2201 (ut
1078 2136 1160 2202 aiunt)
1180 2154 1264 2189 nmscs
1284 2135 1347 2200 (non
1364 2142 1424 2202 jam·
1435 2141 1521 2205 loquor
1538 2140 1568 2189 de
1587 2141 1676 2190 scabie

312 2213 422 2270 Gallius,
442 2225 492 2276 qua
509 2213 541 2261 ob
559 2213 625 2261 ritae
644 2212 810 2276 impuritatem
829 2208 936 2272 scatet),
955 2211 1021 2260 idem
1039 2223 1138 2260 meeum
1156 2211 1296 2271 testatoris,
1316 2212 1365 2260 imo
1382 2213 1436 2273 jam
1455 2211 1546 2263 dudum
1564 2213 1676 2261 mutatus

309 2285 406 2334 fuisses
444 2282 551 2332 Unicum
568 2283 657 2333 saltem
675 2282 779 2344 addan,
799 2281 947 2345 hypotheses
965 2287 1063 2331 nostras
1082 2279 1208 2332 asserendi
1227 2295 1317 2339 causa,
1342 2281 1402 2332 licet
1418 2283 1466 2332 hoc
1484 2283 1613 2332 minimum
1631 2283 1675 2338 sit,

310 2362 337 2404 et
354 2353 427 2418 longe
444 2353 517 2417 plura
533 2353 701 2418 validioraque
719 2355 744 2402 in
761 2360 859 2416 promtu
870 2352 977 2403 habeam
991 2359 1146 2416 argumenta.
1173 2351 1330 2416 Hypothesea
1349 2352 1403 2403 illas
1422 2369 1488 2405 auno
1509 2351 1579 2403 1584
1597 2367 1615 2402 a
1632 2367 1676 2402 me

310 2427 414 2490 primum
433 2426 601 2490 excogitatas,
619 2426 746 2489 quasiste
764 2425 810 2474 sibi
829 2437 944 2489 arrogare
962 2437 1011 2473 nou
1029 2429 1140 2481 veretur,
1163 2423 1240 2486 ipsius
1260 2429 1286 2472 re
1305 2436 1364 2472 vera
1387 2426 1514 2474 inventum
1538 2439 1593 2475 esse
1618 2425 1676 2488 qnia

311 2495 450 2554 crediderit,
469 2497 510 2559 qni
529 2511 585 2546 eum
603 2495 659 2544 ullis
677 2496 888 2546 observationibus
906 2495 1062 2551 coelestibus,
1080 2494 1147 2544 uude
1165 2508 1245 2544 novae
1258 2493 1407 2558 hypotheses
1427 2496 1588 2553 musenim,
1606 2509 1676 2544 nun·

310 2580 384 2632 quam
403 2565 570 2618 assuefactum
589 2581 643 2616 esse
662 2565 746 2616 noviti
773 2565 825 2616 lmo
844 2565 865 2616 si
883 2567 956 2616 unius
973 2566 1100 2628 planetae,
1117 2566 1264 2629 praesertim
1282 2580 1296 2615 e
1314 2567 1392 2617 tribus
1410 2567 1573 2630 superioribus
1592 2580 1675 2630 appa·

310 2644 406 2688 rentem
423 2637 504 2688 locum
522 2653 565 2701 per
582 2635 648 2688 hsnc
663 2637 816 2687 neutericum
828 2637 1022 2701 suppositionem
1033 2636 1168 2686 secundum
1183 2651 1268 2686 omues
1281 2637 1491 2700 particularitates
1503 2638 1678 2688 demonstrare

310 2709 433 2830 „sugg
450 2705 500 2829 li
517 2709 559 2830 ii
575 2705 1122 2842 totistststttstss
1135 2707 1668 2843 trististristis„

673 2815 680 2838 Ι
895 2812 902 2836 i
1668 2816 1677 2840 9

310 2852 376 2900 huuc
395 2850 603 2916 excogitationem
622 2851 667 2900 sibi
686 2851 821 2900 attribuere
839 2851 893 2899 ausi
911 2857 980 2899 sunt.
1017 2849 1084 2898 luter
1107 2864 1167 2914 quos
1191 2855 1230 2898 eat
1247 2849 1336 2900 Scotus
1359 2853 1475 2916 quidam,
1500 2851 1678 2902 Duncanua

310 2923 418 2979 nomine,
437 2921 587 2972 Helmstadii
605 2921 673 2971 Med.
692 2927 719 2971 et
736 2919 817 2971 liath.
835 2921 974 2984 professor,
1000 2921 1041 2983 qui
1061 2934 1116 2970 cum
1133 2920 1200 2969 hanc
1218 2922 1339 2972 rationem
1358 2937 1375 2971 a
1392 2938 1433 2973 me
1451 2925 1477 2972 in
1494 2922 1581 2973 Dauia
1599 2936 1676 2984 acce-

310 2996 394 3058 pisset,
414 2995 592 3058 cumprimum
611 2992 739 3042 Rostochli
756 2993 871 3056 privatim
889 2993 940 3041 suis
959 2991 1084 3054 discipulis
1102 2990 1221 3050 dictavit,
1241 3007 1288 3042 nec
1306 3007 1388 3042 meam
1407 3009 1460 3044 esse
1478 2994 1606 3044 induistus
1626 3000 1676 3052 est,

310 3065 355 3115 sed
372 3064 540 3127 'lyobonicam
558 3065 622 3114 ultro
641 3063 782 3128 appellavit,
800 3063 866 3127 quod
883 3064 909 3112 iu
926 3063 1060 3126 propinquo
1080 3077 1168 3120 essem,
1189 3068 1215 3111 et
1232 3077 1280 3120 me,
1302 3065 1323 3113 si
1342 3064 1414 3116 aliter
1431 3065 1534 3127 iaceret,
1554 3065 1580 3114 id
1597 3063 1678 3115 iaoiie

309 3137 441 3186 resciscere
459 3151 531 3200 posse
549 3141 681 3186 vereretur.
719 3133 790 3184 (llam
807 3141 893 3184 umen
911 3135 955 3190 iis,
974 3134 1061 3196 quibus
1079 3135 1186 3183 maxime
1204 3134 1311 3194 fidebat,
1338 3135 1463 3200 discipulis
1482 3138 1508 3186 iu
1526 3150 1613 3186 aurem
1630 3149 1676 3185 su·

310 3206 437 3263 surrabat,
457 3221 484 3256 se
502 3207 602 3270 quidem
619 3205 718 3256 honoris
737 3219 815 3254 causa
833 3219 890 3254 eam
907 3203 1055 3267 hypothesin
1072 3205 1132 3254 mihi
1150 3204 1303 3264 adscribere,
1322 3206 1422 3271 utplus
1440 3209 1538 3273 gratiae
1557 3213 1583 3257 et
1601 3215 1677 3256 auto·

309 3277 389 3326 ritatis
407 3277 499 3330 habere
516 3279 594 3340 possit
612 3277 679 3340 apud
697 3276 822 3326 auditores
845 3291 917 3334 suos,
945 3289 1032 3326 revera
1053 3280 1138 3325 tamen
1161 3291 1233 3326 suam
1255 3277 1331 3340 ipsius
1359 3292 1428 3337 esse,
1453 3279 1520 3343 quod
1542 3285 1568 3328 at
1585 3287 1678 3342 postea

309 3347 459 3397 Helmstsdii
477 3349 626 3397 remotiora
643 3361 683 3397 me
701 3347 783 3397 iactus
802 3347 932 3397 audentius
952 3353 978 3396 et
995 3346 1182 3396 inverecundius
1200 3347 1328 3398 commisit.
1360 3347 1411 3400 Sed
1428 3351 1478 3400 istu
1497 3349 1565 3400 iram
1584 3356 1611 3399 et
1628 3351 1675 3397 ins·

310 3424 412 3483 postura
431 3432 487 3468 oum
506 3419 538 3467 ab
556 3419 620 3479 aliis,
639 3424 692 3468 tum
704 3419 851 3483 praesertim
863 3417 895 3466 D.
907 3417 940 3467 D.
953 3417 1021 3466 Dan.
1036 3416 1195 3475 Gramero,
1216 3418 1282 3482 apud
1295 3418 1450 3470 stetinenses
1463 3420 1539 3470 Verbi
1551 3421 1677 3476 ministro,

310 3491 360 3538 riro
379 3489 537 3554 singulariter
555 3489 666 3546 erudito,
684 3491 726 3554 qui
745 3488 813 3539 Scoti
830 3490 901 3538 istius
919 3487 1048 3538 Rostochii
1066 3489 1124 3538 olim
1142 3489 1240 3538 auditor
1258 3497 1328 3548 erat,
1347 3491 1449 3542 detecte
1467 3498 1514 3542 est.
1551 3491 1579 3542 si
1597 3492 1677 3540 otium

310 3560 469 3624 superiuerit,
493 3561 583 3610 curabo
602 3561 740 3624 exemplum
758 3561 884 3614 literarum
909 3563 963 3622 ejus
981 3559 1014 3608 ad
1033 3559 1160 3625 Oligerum
1179 3559 1405 3612 Rosaekrautaium
1422 3578 1505 3614 meum
1524 3563 1676 3628 consangui-

310 3647 384 3681 neum
402 3631 453 3681 hac
471 3631 502 3681 de
520 3647 547 3682 re
565 3633 727 3696 scriptarum,
747 3630 816 3682 hisce
835 3632 933 3696 apponi.

383 3701 425 3753 Sic
443 3717 538 3768 quoque
554 3702 734 3760 Roeslinus,
753 3703 813 3752 licet
829 3704 910 3768 magis
929 3707 1012 3752 astute
1031 3707 1057 3752 ot
1074 3708 1158 3758 caute,
1175 3717 1234 3752 mea
1251 3717 1294 3767 pro
1307 3705 1358 3753 suis
1371 3705 1499 3754 venditare
1511 3705 1674 3769 praesumsit,

311 3775 348 3824 ita
366 3779 459 3830 mmen,
478 3781 507 3822 ut
524 3773 582 3822 mihi
600 3774 667 3824 hanc
685 3773 879 3836 speculationem
897 3788 946 3823 uon
965 3772 1099 3838 derogarit,
1118 3774 1163 3824 sed
1180 3789 1207 3822 se
1226 3788 1296 3832 eam,
1316 3783 1446 3840 postquam
1464 3776 1554 3825 similia
1572 3775 1676 3826 adinve-

311 3846 397 3906 nimi,
415 3845 442 3893 in
459 3844 519 3894 libro
538 3859 594 3893 meo
613 3844 643 3894 de
657 3843 762 3895 comeso
780 3859 804 3896 a.
818 3841 851 3892 77
870 3846 990 3908 reperisse
1008 3844 1109 3894 latetur.
1138 3845 1259 3911 Egregius
1278 3859 1339 3896 sane
1357 3847 1437 3904 tuom,
1456 3849 1478 3897 si
1495 3846 1570 3896 fidem
1587 3847 1678 3896 mereri

312 3922 404 3978 posset,
422 3930 481 3965 nam
499 3915 560 3965 liber
577 3915 618 3965 ille
636 3929 714 3972 meus,
734 3919 803 3978 cuins
822 3917 942 3972 meminit,
960 3929 1005 3978 per
1024 3912 1039 3962 9
1059 3929 1137 3966 annos
1157 3922 1235 3967 antea
1252 3917 1384 3980 impressus
1402 3925 1458 3968 erat
1476 3924 1502 3968 et
1519 3918 1626 3983 plurima
1644 3917 1678 3968 de

312 3986 361 4036 hac
381 4000 397 4034 a
415 4001 454 4035 me
476 3987 616 4036 introducta
635 3987 777 4037 coelestium
796 3986 974 4037 revolutionum
987 3986 1145 4050 dispositione
1160 3989 1215 4049 jam
1232 3988 1399 4039 innotuerant.
1428 3991 1464 4039 st
1481 3991 1502 4040 si
1520 3989 1581 4039 nibil
1599 3989 1677 4046 aliud,

311 4057 337 4106 id
356 4056 444 4106 saltem
463 4063 489 4106 et
505 4072 581 4121 quam
598 4059 705 4108 maxime
724 4058 835 4108 taudem
846 4057 935 4121 prodit,
955 4057 1028 4121 quod,
1047 4057 1105 4107 dum
1116 4057 1183 4108 hanc
1194 4057 1350 4122 hypothesin,
1369 4065 1398 4109 ut
1415 4075 1474 4110 suus
1492 4061 1563 4110 fieret
1579 4066 1676 4126 putus,

312 4129 338 4176 iu
356 4128 479 4177 nonnullis
498 4129 570 4178 aliter
588 4130 692 4179 formare
711 4136 815 4181 conatus
834 4131 866 4178 sit
885 4143 989 4193 eamque
1008 4129 1153 4188 emendare,
1177 4131 1203 4178 in
1221 4145 1333 4181 enormes
1351 4132 1518 4182 absurditates
1537 4131 1677 4196 impegerit

311 4201 391 4262 ipsam
414 4201 582 4260 symmetriam
609 4215 639 4250 ac
666 4201 846 4265 proportionem
874 4200 1053 4250 revolutionum
1079 4201 1266 4251 interturbando
1292 4208 1366 4266 atque
1390 4202 1422 4252 ab
1447 4204 1506 4266 ipsis
1525 4204 1679 4267 apparentiis

312 4270 489 4320 alienissimam
507 4271 657 4330 statuendo;
684 4279 713 4322 ut
730 4272 788 4322 inde
806 4273 868 4322 satis
892 4271 999 4336 liqueat,
1027 4285 1083 4320 enm
1106 4287 1156 4321 uon
1179 4272 1269 4322 saltem
1286 4272 1332 4322 bas
1351 4275 1501 4338 hypotheses
1518 4287 1680 4339 nequaquam

311 4340 459 4406 intelligere,
478 4341 569 4390 nedum
586 4349 616 4391 nt
634 4355 719 4392 earum
737 4350 809 4393 autor
827 4345 867 4403 sit,
887 4344 932 4393 sed
950 4357 982 4393 ne
1000 4342 1101 4409 quidem
1118 4343 1182 4392 ullae
1200 4343 1273 4400 alias,
1290 4345 1339 4394 imo
1352 4347 1521 4398 astronomiae
1537 4345 1680 4410 penetrffia

313 4412 420 4464 necdum
438 4413 622 4476 introspexissc.
1300 4435 1305 4441 ·

383 4499 543 4566 Maginum
561 4501 654 4552 italum
672 4513 797 4567 nunqnam
811 4503 970 4552 existimarim
982 4501 1034 4552 tale
1045 4503 1106 4567 quid
1117 4501 1258 4554 affectasse.
1288 4503 1361 4564 Quod
1378 4505 1400 4554 si
1416 4505 1485 4565 iecit,
1503 4505 1582 4557 literis
1599 4519 1680 4556 manu

312 4573 412 4638 propria
430 4572 463 4622 ad
480 4573 607 4632 medatis,
627 4574 714 4646 quibus
732 4587 759 4622 se
778 4573 846 4623 illam
864 4573 1011 4637 hypothesin
1030 4587 1060 4623 ex
1078 4573 1138 4623 libro
1156 4579 1239 4623 nermo
1258 4575 1366 4626 secundo
1380 4575 1411 4626 de
1424 4575 1547 4628 aethereis
1565 4577 1678 4642 phaeno-

312 4645 390 4694 menis
409 4643 514 4708 primum
531 4646 694 4708 perspexisse,
714 4644 808 4708 sibique
827 4646 937 4708 apprime
954 4643 1062 4707 placere,
1081 4644 1154 4694 modo
1167 4643 1256 4694 Martis
1269 4647 1332 4695 orbis
1345 4645 1456 4696 Solarem
1474 4649 1581 4699 mannire
1594 4655 1681 4714 posset

314 4711 423 4778 (putavit
441 4717 508 4766 euim
526 4730 557 4765 ex
570 4715 674 4781 vulgata
687 4715 821 4773 sententia,
840 4714 921 4765 reales
940 4729 995 4766 etse
1013 4718 1039 4766 iu
1058 4715 1126 4766 coelo
1145 4713 1237 4778 orbes),
1258 4717 1338 4768 lassus
1358 4723 1404 4775 eat,
1424 4721 1551 4771 mumaria
1569 4721 1679 4771 admim't.

312 4787 337 4836 Δ
354 4784 459 4852 Magino
476 4799 548 4852 veru,
571 4787 651 4852 siqui
670 4785 712 4835 aiii
729 4785 803 4848 huius
820 4786 995 4850 speculationis
1015 4789 1107 4838 conscii
1124 4793 1197 4847 sunt,
1219 4786 1268 4841 bao
1288 4789 1419 4841 occmlone
1437 4787 1595 4852 habueruut,
1614 4794 1681 4844 iuter
