3628 5518
725 257 808 308 uass
826 257 941 310 numm¹
1104 271 1114 279 ·
1447 257 1507 322 201

138 415 291 488 pinnarum
311 418 342 472 in
364 419 473 490 angelo
493 419 580 474 solido
600 435 661 474 osan
682 419 701 474 4
719 419 812 474 rectis.
842 421 1001 475 Debehitur
1016 423 1157 476 tetrefflro
1175 415 1217 484 ¹t.
1240 427 1294 475 cct.
1314 413 1353 484 ’0,
1376 421 1446 474 cubo
1470 415 1511 483 ³l2,

139 499 208 551 iens.
234 489 284 561 2.,
307 499 483 552 dodecaddro
507 491 566 562 'lm
594 501 665 569 quod
686 501 773 569 paulo
794 501 912 554 alieuius
933 507 978 555 est
998 517 1016 554 a
1035 499 1187 570 proposito.
1229 501 1363 570 Imprimis
1384 508 1415 554 et
1434 500 1513 569 cajus

141 593 233 630 causa
251 578 326 632 haec
347 579 457 632 omnia:
484 580 621 649 duplex
648 587 707 633 est
732 580 926 635 harmonia
952 581 988 634 in
1008 583 1246 636 astronomia
1290 583 1362 636 Una
1389 597 1513 650 aspec-

141 664 250 711 tuum.
290 657 366 712 Sunt
386 663 616 728 aspecmsocte:
639 651 683 724 ὅ,
706 651 748 724 0⁰.
771 652 820 723 Δ,
841 651 889 722 U,
912 656 955 725 *ι
976 667 1018 723 ²⁸,
1050 659 1096 731 ii,
1125 661 1171 738 1*
1212 660 1513 730 Prolixeabexperi·

141 739 243 792 menes
264 745 297 791 et
316 753 450 812 τηρησισι
469 741 638 808 probandum
659 747 742 802 esset,
766 746 822 795 tres
842 741 953 796 ultimos
972 742 1080 811 operari
1104 744 1131 798 in
1150 741 1279 796 meteoris
1300 740 1410 794 ciendis.
1443 740 1513 810 Sup-

139 823 247 886 petunt
266 818 334 872 nihi
356 819 393 872 ab
415 819 494 873 annis
517 820 533 874 5
554 820 667 874 ιιιιιΙιιε1
682 837 742 874 cum
763 821 890 876 vacuitas
911 821 965 876 fuit
984 823 1021 875 ah
1049 824 1208 892 aspectibus
1235 821 1334 875 ceteris
1360 828 1391 874 et
1417 821 1514 874 honum

142 915 279 953 mororum
300 898 403 968 aliquis
424 900 500 953 solus
520 900 622 954 incidit
658 901 728 954 Nam
742 901 858 970 ascripsi
874 901 1094 970 ephemeridibus
1116 903 1182 956 meis
1204 917 1297 956 omues
1319 902 1355 954 ab
1377 917 1451 954 anno
1474 901 1512 954 94

142 985 180 1032 et
197 978 303 1034 metali
328 995 391 1033 cum
418 980 558 1035 annotatis
587 980 809 1050 tempestatibus.
851 981 880 1035 Si
906 997 961 1052 qna
985 983 1121 1037 certitudo
1147 989 1192 1036 est
1220 982 1247 1034 iu
1274 981 1388 1044 ceteris,
1418 981 1445 1034 ie
1470 979 1513 1034 his

143 1073 258 1130 quoque
278 1059 359 1112 noris
379 1059 461 1114 inest.
491 1061 530 1114 Et
544 1059 605 1126 ‚iam
626 1067 736 1130 tempus
750 1068 802 1123 est,
823 1061 989 1130 ipsissimam
1003 1062 1222 1132 Pythagoricae
1236 1061 1328 1116 mundi
1342 1061 1514 1114 harmoniam

144 1138 320 1208 patefacere.
363 1139 521 1194 Memineris
543 1140 637 1211 itaque
658 1157 720 1208 cap.
743 1141 780 1195 20
807 1140 859 1195 mei
886 1141 975 1194 libelli
1000 1159 1062 1194 esse
1091 1159 1163 1204 rem,
1192 1139 1234 1196 uti
1254 1139 1345 1194 monui
1367 1141 1512 1194 lectorem:

145 1219 176 1273 in
197 1219 374 1272 theoremate
395 1219 445 1272 illo
467 1221 555 1274 limari
576 1221 640 1290 quid
661 1227 764 1290 potest.
807 1221 869 1274 Nou
895 1227 939 1274 est
964 1221 1076 1276 virtutis
1103 1222 1225 1276 exhalo
1252 1220 1423 1292 egredientis
1450 1221 1514 1273 sim·

146 1298 261 1367 pliciter
280 1315 317 1352 ea
340 1299 431 1362 ratio,
453 1317 532 1380 'quae
555 1301 625 1355 radii
646 1299 766 1365 Soletis,
794 1307 827 1354 ut
853 1317 913 1355 cum
938 1301 1073 1355 distantia
1101 1300 1326 1370 proportionetur
1346 1299 1512 1354 debilitatio.

144 1378 221 1432 Nam
240 1378 295 1431 hoc
314 1377 339 1431 si
360 1387 444 1444 esset,
466 1381 581 1434 deberet
594 1398 648 1434 non
663 1387 771 1435 tautum
790 1381 862 1434 inter
880 1381 947 1434 duos
969 1380 1110 1450 proximos
1133 1380 1266 1434 verificari
1288 1379 1433 1450 proposita
1453 1394 1515 1433 mea

145 1458 291 1528 operatio,
313 1460 363 1512 sed
383 1461 469 1515 etiam
490 1460 562 1514 inter
582 1466 711 1515 remotos.
754 1461 838 1514 Verbi
859 1461 956 1532 gratia
974 1460 990 1516 b
1011 1461 1099 1515 habet
1124 1477 1211 1516 annos
1233 1459 1285 1523 30,
1313 1465 1336 1525 lt
1359 1477 1445 1514 anuos
1469 1459 1514 1513 12.

144 1538 225 1592 Jmci
247 1539 357 1592 auferre
382 1539 417 1593 12
439 1543 472 1593 de
495 1539 541 1602 30,
561 1547 673 1596 restant
694 1539 739 1604 18,
761 1541 839 1610 cujus
860 1540 997 1596 dimidium
1019 1541 1037 1594 9
1058 1541 1181 1596 additum
1205 1540 1250 1604 12,
1273 1540 1341 1594 iacit
1355 1539 1403 1593 21.
1437 1539 1515 1610 Ergo

147 1627 184 1673 ιιι
209 1618 244 1672 12
266 1620 301 1674 ad
323 1619 376 1681 21,
406 1619 446 1674 sio
465 1619 542 1674 Joris
568 1621 702 1675 diameter
729 1621 764 1675 ad
784 1620 952 1675 Saturniam.
994 1622 1073 1676 Haeo
1093 1627 1152 1676 tum
1172 1621 1225 1676 mit
1244 1619 1381 1690 operatio.
1423 1623 1464 1673 Δι
1483 1625 1516 1672 ιιι

145 1699 212 1768 ejus
232 1699 346 1753 falsitas
367 1700 608 1768 deprehendatur:
636 1699 724 1769 jubeo
745 1715 906 1770 comparare
927 1698 943 1754 t
964 1716 1024 1756 cum
1045 1699 1147 1762 Terra:
1169 1701 1257 1754 Terra
1270 1701 1358 1754 habet
1371 1716 1471 1754 annum
1491 1701 1514 1760 l.

146 1777 243 1841 tuo.
268 1780 323 1832 nt.
346 1779 398 1842 20,
420 1778 557 1836 discidium
579 1774 665 1843 14¹t.
687 1783 758 1836 adde
781 1781 810 1843 1,
832 1779 992 1849 producitur
1018 1773 1101 1836 15¹1..
1133 1776 1210 1851 Ergo
1231 1788 1264 1834 ut
1287 1781 1298 1834 l
1323 1781 1358 1832 ad
1383 1773 1452 1839 15¹t
1475 1779 1515 1832 sic

147 1860 287 1914 diameter
300 1860 404 1914 Terrae
419 1863 455 1914 ad
474 1859 498 1918 h..
533 1860 653 1914 Minime.
683 1862 755 1916 Nam
774 1861 823 1914 vix
844 1865 941 1914 estut
965 1861 976 1914 1
1001 1863 1036 1914 ad
1060 1862 1105 1915 10.
1138 1861 1217 1923 Quae
1238 1866 1284 1914 est
1303 1875 1372 1930 ergo
1393 1865 1515 1912 motuum
1543 1915 1549 1923 ,

147 1939 314 2010 proportio?
354 1939 469 2006 Eadem,
490 1956 562 2010 quae
582 1940 787 1995 harmoniarum
806 1939 986 1994 musicalium
1028 1941 1074 1994 Da
1093 1941 1301 2003 coalueram,
1323 1938 1515 1993 etvarissimo
1566 2009 1569 2017 Ι

148 2024 301 2074 cosoentus
321 2019 435 2074 existet.
476 2019 546 2076 Nam
567 2037 606 2074 ex
625 2028 687 2075 octo
708 2021 754 2074 rel
774 2025 882 2089 septem
900 2024 996 2091 toycsc
1023 2019 1098 2091 elige
1126 2020 1275 2076 maximam
1296 2037 1345 2089 pre
1367 2019 1516 2074 intervallo

146 2097 228 2152 Joris
244 2109 274 2152 et
286 2099 396 2162 Martis,
418 2117 456 2154 so.
477 2094 518 2160 'ln
548 2100 675 2156 Minimas
694 2103 763 2155 duas
784 2115 871 2169 prope
887 2100 1029 2170 aequales,
1051 2100 1091 2153 sic
1111 2107 1145 2154 ut
1164 2101 1337 2162 concordent,
1360 2116 1410 2169 pro
1431 2099 1515 2152 iuter·

149 2177 237 2232 rallia
258 2170 339 2244 0¹6,
363 2169 443 2243 ὃς),
470 2198 507 2234 sc.
530 2172 577 2242 ⁸l.,
607 2173 649 2241 Ἰ..
690 2179 796 2234 Medias
818 2181 886 2233 duas
908 2179 1039 2249 aequales
1062 2183 1259 2234 concordantes
1288 2195 1340 2248 pro
1359 2178 1515 2234 intervallis

147 2254 216 2320 llil,
240 2248 318 2322 Q,
340 2276 378 2313 so.
401 2259 443 2314 his
467 2252 508 2320 Ἰ..
538 2260 619 2313 Duae
640 2259 711 2314 enim
731 2265 797 2313 sunt
810 2259 959 2312 societates
981 2275 1132 2328 corporum,
1160 2261 1305 2314 cubicum
1326 2261 1465 2322 octaddro,
1487 2264 1518 2310 et

149 2338 213 2392 ded.
237 2356 296 2394 cum
316 2339 391 2404 icoc..
413 2357 482 2394 uuus
497 2339 578 2410 quasi
592 2341 746 2394 coelibatus
762 2338 904 2394 atrocen.
934 2337 979 2392 Sic
993 2339 1077 2393 etiam
1099 2331 1129 2398 'lc
1152 2347 1182 2394 et
1205 2332 1236 2400 'll
1259 2338 1367 2400 similia,
1385 2345 1418 2392 ut
1431 2339 1517 2394 cubus

149 2421 284 2473 octaedro
305 2420 486 2489 aequealtus:
515 2427 545 2472 et
567 2411 598 2480 Ἰ.
626 2419 751 2490 proxime
777 2418 872 2472 similis
897 2411 938 2479 ‘lc
980 2419 1040 2472 Non
1061 2427 1180 2489 possunt
1199 2419 1269 2474 sumi
1291 2411 1322 2478 ‘t
1346 2419 1389 2472 his
1411 2425 1461 2472 aut
1484 2411 1516 2478 ‘lc

149 2498 210 2552 his:
234 2500 300 2570 quia
316 2495 342 2557 d
351 2491 386 2563 ὃ,
408 2489 467 2564 ὃῼ
489 2499 644 2554 immediate
659 2517 688 2555 se
703 2505 864 2570 sequuntur,
886 2503 915 2551 et
929 2515 994 2551 vero
1011 2499 1039 2552 in
1053 2499 1158 2553 musica
1170 2500 1213 2554 his
1228 2492 1259 2559 ‘t
1276 2515 1314 2553 sc.
1331 2501 1401 2552 duae
1416 2496 1517 2552 tertiae

150 2580 239 2632 durae
260 2597 315 2633 non
337 2587 502 2646 consonant,
531 2587 563 2634 nt
584 2597 635 2633 neo
654 2584 726 2635 duae
751 2575 797 2642 a,
820 2577 922 2632 tertias
942 2579 1049 2632 molles.
1090 2579 1144 2633 Sed
1166 2579 1253 2634 tertia
1272 2581 1342 2632 dura
1362 2593 1423 2632 oum
1443 2577 1519 2632 molli

152 2659 221 2712 iacit
251 2659 461 2714 consonantiam
490 2661 623 2717 decusare
650 2660 811 2730 perfectam.
855 2657 928 2720 Quid
949 2658 1042 2713 multis
1068 2659 1155 2712 dicam
1182 2658 1375 2730 proportiones
1397 2663 1518 2712 motuum

151 2755 240 2793 causa
260 2739 414 2794 celeritatis
436 2733 483 2807 (ut
502 2757 563 2794 cum
583 2741 636 2794 duo
657 2740 790 2808 planetae
812 2736 943 2808 aequalia
963 2755 1016 2791 non
1038 2737 1139 2792 similia
1160 2738 1254 2808 spatia
1270 2739 1379 2792 diverso
1392 2743 1517 2807 tempore

152 2815 314 2882 conficiunt)
337 2819 364 2873 in
386 2819 504 2874 numeris
525 2816 541 2880 0
561 2818 591 2884 3,
613 2817 690 2884 214,
713 2815 739 2876 ὀ
759 2818 791 2883 8,
814 2807 839 2882 ὃ
864 2817 912 2880 10,
936 2806 960 2878 Ω
984 2815 1032 2882 12,
1061 2807 1157 2878 tlt:
1188 2817 1285 2872 Dicam
1306 2817 1384 2870 etin
1404 2815 1518 2870 musica.

153 2899 208 2954 Est
228 2899 316 2970 igitur
338 2899 411 2956 iuter

771 3004 920 3060 διαπασων
939 3007 1014 3058 2ε1.

771 3075 789 3130 d
826 3075 854 3144 ἐξ
873 3078 977 3146 σκληρα
995 3073 1042 3128 ἔπι
1060 3073 1209 3129 deuncem
1228 3073 1314 3140 102³,
1333 3093 1376 3142 pro
1394 3073 1462 3126 52³.

771 3147 789 3200 d
827 3146 855 3214 ἐξ
873 3149 983 3218 pulcari
1001 3148 1077 3200 dzd.

771 3217 820 3272 dtu
838 3234 920 3273 πεντε
940 3219 974 3272 3ι
990 3219 1015 3270 2.
1198 3275 1201 3282 ,

744 3285 822 3354 ,Q
840 3288 889 3343 dcc
906 3303 1049 3362 recccpos
1067 3289 1144 3342 4:3.

772 3359 821 3414 δια
838 3377 924 3432 speon
942 3363 1048 3434 σκληρα
1066 3360 1140 3412 5:s.

772 3428 822 3483 δια
839 3447 926 3500 spinis
942 3432 1052 3502 parcen
1072 3431 1087 3483 0
1102 3451 1108 3482 ι
1125 3431 1149 3482 5.

800 3071 807 3091 s

790 3097 800 3127 Ι

800 3141 808 3162 s

790 3167 801 3200 t

236 3569 333 3624 Habes
356 3585 451 3626 omues
472 3575 586 3640 praeter
606 3577 718 3626 sextam
737 3573 849 3637 duram,
878 3588 950 3643 quae
975 3591 1030 3628 uon
1050 3573 1146 3636 adest,
1172 3570 1225 3626 uisi
1250 3571 1389 3625 mediante
1411 3575 1519 3624 octava.

156 3651 227 3704 lllud
248 3657 344 3704 autem
364 3651 543 3721 cogitandum
564 3657 616 3714 est,
638 3651 697 3705 lieri
717 3653 802 3707 aliter
821 3651 992 3723 nequivisse,
1018 3657 1051 3706 ut
1075 3651 1091 3706 7
1115 3650 1277 3704 harmoniae
1299 3650 1372 3702 inter
1393 3648 1410 3702 5
1436 3648 1520 3702 inter-

156 3731 235 3784 ralln
255 3730 489 3785 distribuerentur
509 3736 540 3784 et
558 3729 638 3785 simul
659 3732 836 3786 concinerent
849 3731 940 3785 omnia
953 3731 981 3784 in
994 3748 1086 3795 uuum,
1108 3731 1213 3785 nullum
1233 3729 1315 3784 alteri
1337 3730 1521 3798 obstreperet.

155 3811 218 3864 Jam
246 3809 338 3864 dicere
364 3809 425 3881 quis
453 3817 564 3879 posset,
591 3811 653 3881 quis
678 3812 803 3866 docuerit
824 3811 950 3866 tibicines
972 3827 1049 3864 snam
1069 3810 1238 3864 cantilenam
1259 3811 1301 3873 la,
1324 3809 1381 3870 sol,
1402 3807 1452 3872 mi,
1480 3815 1521 3871 ut,

157 3892 223 3946 iren
250 3905 339 3960 qnare
367 3905 423 3943 vox
449 3889 572 3944 humana
599 3890 642 3944 his
667 3892 797 3946 brevibus
824 3891 957 3945 limitibus
987 3891 1096 3944 inclusa
1121 3889 1178 3944 sit?
1217 3889 1272 3944 Sed
1292 3889 1380 3942 dicam
1401 3889 1521 3949 tandem,

157 3971 221 4042 quid
243 3970 271 4024 in
293 3969 362 4040 ipsis
383 3969 478 4024 mediis
499 3969 638 4024 distantiis
659 3971 812 4026 efficiatur:
834 3969 918 4041 longe
939 3985 1037 4040 nempe
1056 3971 1199 4039 propiores
1215 3968 1419 4039 coperuiennis,
1441 3983 1523 4038 quam

158 4065 218 4121 cap.
241 4051 277 4105 21
301 4049 394 4105 libelli
414 4049 477 4103 mei.
508 4049 560 4104 Sed
581 4067 637 4104 nou
657 4067 726 4120 opus
748 4057 800 4112 est,
823 4056 855 4103 ut
875 4050 950 4104 aliud
971 4049 1021 4105 tibi
1043 4065 1124 4120 quam
1138 4049 1295 4103 methodum
1311 4047 1521 4108 arithmeticam.

158 4145 213 4201 qna
232 4147 294 4185 sum
314 4145 395 4196 usus,
415 4128 560 4186 ascribam.
598 4130 700 4186 Cetera
720 4131 780 4200 ipse
801 4128 904 4184 elicies.
940 4131 1016 4198 Opus
1036 4135 1082 4182 est
1100 4130 1202 4198 regula
1222 4127 1356 4199 quinque:
1377 4133 1411 4180 ut
1426 4127 1522 4188 Terra,

157 4210 260 4264 virtute
285 4212 331 4274 10,
354 4217 480 4278 tempore
501 4205 594 4268 365¹ic
617 4210 704 4264 oumit
719 4208 824 4272 10000,
847 4209 909 4280 quid
931 4209 1017 4264 currit
1035 4209 1052 4272 t
1069 4207 1174 4261 virtute
1190 4207 1216 4272 3,
1238 4213 1362 4277 tempore
1379 4199 1521 4266 lassat.

160 4289 220 4360 qaid
240 4287 265 4350 it
285 4290 394 4344 virtute
416 4289 443 4351 4,
466 4295 589 4358 tempore
611 4283 734 4352 4832't,
756 4288 820 4359 quid
842 4285 867 4346 ο·
889 4288 991 4342 virtute
1007 4287 1033 4351 8,
1056 4294 1179 4356 tempora
1198 4287 1265 4350 687,
1287 4287 1350 4357 quid
1374 4276 1399 4347 Ω
1419 4285 1523 4338 virtute

162 4370 205 4432 12,
225 4361 489 4440 tempore22d'l1n,
511 4359 611 4440 qnid&
630 4369 734 4423 virtute
758 4369 802 4432 10,
825 4374 949 4437 tempore
963 4367 1010 4424 88.
1047 4368 1124 4429 Quod
1146 4367 1169 4420 si
1189 4367 1255 4420 mihi
1276 4367 1354 4420 litem
1374 4363 1523 4418 movebunt

160 4449 263 4514 mici,
291 4464 342 4503 our
362 4448 502 4502 Saturnus
522 4449 598 4502 intra
617 4453 706 4503 totam
725 4447 895 4504 harmoniam
917 4448 1032 4501 claudat
1051 4451 1154 4517 quarta
1172 4463 1226 4500 non
1253 4446 1362 4517 quinta,
1387 4450 1421 4496 nt
1439 4437 1521 4494 moris

161 4535 201 4584 ert
219 4529 247 4584 in
268 4529 387 4589 mumca,
411 4525 462 4580 hos
483 4543 537 4599 ego
558 4527 665 4598 quidem
680 4533 757 4582 tactu
772 4527 875 4582 musico
890 4542 1063 4597 compescere
1077 4541 1196 4595 possem,
1217 4541 1268 4579 nec
1288 4543 1315 4579 e.
1337 4525 1436 4575 desunt
1455 4515 1521 4570 mihi

160 4611 362 4681 responsiones.
395 4605 451 4661 Sed
472 4606 499 4660 in
512 4607 634 4678 gratiam
655 4623 750 4662 eorum
769 4623 894 4677 propono
915 4607 966 4660 tihi
988 4605 1199 4660 examinandam
1219 4604 1303 4658 etiam
1323 4603 1394 4654 hanc
1413 4597 1521 4650 harinc-

159 4689 234 4745 sin.
276 4687 294 4751 a
315 4687 347 4751 2,
373 4683 453 4748 213,
476 4683 501 4744 0⁸
521 4687 555 4749 6,
578 4677 603 4750 ὃ
623 4685 656 4750 8,
679 4677 704 4748 Q
727 4687 775 4748 10,
799 4677 821 4744 d
841 4686 887 4740 12.
929 4685 1012 4740 Ratio
1033 4685 1103 4738 haec
1127 4691 1217 4746 esset,
1247 4689 1280 4736 ut
1299 4679 1412 4748 primum
1432 4674 1521 4725 lotum

158 4769 315 4830 obfiumt
328 4773 392 4834 tres
406 4763 559 4840 perfectas-
565 4765 738 4826 humonias:
752 4771 804 4838 itt
826 4765 965 4840 decusare,
978 4770 1041 4840 1ιᾴ
1057 4763 1213 4836 sanam,
1227 4765 1253 4830 d
1267 4759 1292 4839 ᾧ
1305 4757 1353 4811 dae
1370 4765 1520 4826 reccopsm
