3628 5518
713 234 796 286 Notae
814 237 929 288 Editcris.
1299 309 1302 314 Ι
1441 239 1504 306 199
1550 239 1553 251 ·

124 390 228 460 5111151
242 394 279 446 ad
295 410 397 452 unum.
430 395 518 449 Verbi
530 397 639 466 gratim
660 397 769 467 quaudo
784 413 861 451 sumo
876 413 969 450 arcum
987 399 1082 470 ρηιον,
1101 406 1134 452 ut
1158 381 1206 462 ¹!ss
1221 402 1299 470 cujus
1320 401 1456 456 subtenca
1470 403 1506 456 sit

128 471 364 536 demonstrabilis,
393 476 446 528 sed
468 467 494 532 'ir
510 477 545 528 ad
557 476 694 530 residuum
712 470 740 535 'ia
757 493 811 529 non
830 477 869 530 sit
881 477 953 530 dicto
973 479 1051 532 modo
1071 480 1206 546 probatus
1229 485 1328 550 loyca·
1351 487 1417 535 tunc
1436 482 1506 536 fiunt

128 569 162 604 ex
175 551 229 604 ilde
244 549 263 606 3
277 568 375 616 voces,
402 571 524 624 quarum
539 560 647 610 tantum
666 557 737 610 duee
756 564 918 610 consonant.
947 557 1017 610 Nam
1037 573 1102 626 pars
1125 555 1153 618 Ἰ.
1171 576 1232 613 oum
1246 565 1308 612 tota
1324 553 1355 619 Ἰ.
1373 569 1507 615 consonat

129 627 257 700 (propter
279 633 550 688 demonstrationem
572 636 723 689 subtensae
742 643 773 689 et
790 635 1012 690 enunciationem
1035 653 1116 690 arcus
1140 629 1312 708 possibilem,
1338 656 1410 709 quae
1429 648 1507 697 amat

130 707 242 774 natura)
258 721 403 766 consonat
418 713 528 783 inquam
541 734 599 786 ιρις
612 715 660 769 δια
673 731 780 770 nacor.
808 715 863 770 Sed
877 715 1015 768 residuum
1033 711 1062 774 'le
1084 733 1144 770 cum
1162 709 1191 774 ‘t
1214 735 1269 771 non
1291 726 1433 782 consonat,
1454 738 1506 774 nec

132 785 162 850 Ἰ.
179 807 241 846 curn
259 786 303 852 Ἰ..
333 792 391 846 Hic
405 809 458 862 pro
473 793 573 862 triplici
588 801 722 849 concentu
738 801 782 848 est
802 811 872 849 unus
892 796 992 850 saltem
1008 802 1037 849 et
1050 797 1122 850 dnae
1137 791 1351 867 discrepantiae.
1378 799 1505 854 Vicissim

129 871 339 926 constituuntur
353 872 383 926 in
396 873 450 926 lide
465 879 560 941 partes
577 873 604 937 3,
626 875 653 937 4,
675 883 708 928 nt
727 891 833 928 summa
846 874 1020 944 partiumeit
1035 875 1060 928 7.
1090 875 1143 930 Hic
1163 877 1228 947 quia
1242 885 1337 946 partes
1353 877 1371 932 3
1387 880 1420 930 ad
1436 878 1504 932 resi·

129 952 253 1014 (1551114,
277 960 325 1006 est
343 958 377 1006 ut
397 951 426 1006 in
447 952 578 1007 divisione
594 954 799 1025 quadripartita
812 953 906 1008 circuli
926 971 1006 1008 arcus
1027 955 1045 1009 3
1059 956 1208 1010 subtensus
1223 957 1312 1010 latere
1328 958 1503 1028 tetragonioc

129 1032 351 1096 demonsmabili,
376 1033 413 1086 ad
438 1038 526 1086 toturn
549 1033 678 1087 circulum
698 1034 731 1088 41
754 1033 815 1086 ideo
839 1034 923 1088 etiam
943 1050 1008 1102 pars
1029 1035 1089 1088 fidis
1105 1033 1122 1088 3
1137 1052 1198 1090 oum
1211 1036 1320 1091 residuo
1336 1036 1355 1090 4
1370 1046 1505 1093 consonat
1526 1075 1529 1089 .

130 1112 179 1165 dra
191 1126 348 1184 τεσσαρσν.
378 1112 433 1166 Sed
446 1128 535 1182 neque
550 1111 568 1165 3
582 1130 672 1184 neque
688 1114 781 1168 455111
795 1119 857 1168 tota
869 1113 921 1166 fide
938 1115 953 1167 7
975 1122 1117 1175 consonat.
1138 1115 1204 1186 quia
1222 1115 1318 1169 divisio
1333 1116 1427 1170 circuli
1442 1116 1470 1170 in
1486 1117 1501 1170 7

129 1198 175 1244 est
188 1190 264 1244 inter
277 1191 420 1260 rejectas;
439 1208 501 1246 cum
521 1193 671 1246 subtensae
686 1200 828 1264 nequeant
841 1194 1031 1248 demonstrari.
1061 1195 1129 1248 Cum
1147 1211 1216 1266 ergo
1235 1195 1280 1248 hic
1295 1213 1402 1266 quoque
1417 1196 1503 1250 alter·

130 1272 314 1326 5555511515
328 1271 451 1326 conditio
466 1289 504 1326 ex
517 1287 605 1342 supra
617 1273 757 1343 requisitis
780 1273 861 1337 adsit,
888 1275 949 1327 ideo
968 1279 998 1326 et
1016 1273 1061 1328 hic
1081 1283 1229 1328 concentus
1251 1275 1377 1344 simplex,
1402 1275 1503 1329 discor·

129 1351 230 1404 dantia
243 1351 362 1421 duplex.
388 1355 432 1404 ‘At
446 1351 469 1404 si
483 1352 688 1406 constituantur
711 1353 739 1407 in
761 1353 813 1406 ilde
834 1360 930 1421 partes
950 1353 982 1416 2,
1006 1355 1036 1415 l,
1062 1360 1113 1406 aut
1132 1370 1310 1424 quaecunque
1325 1372 1362 1408 ex
1377 1364 1439 1408 octo
1455 1356 1503 1409 ad·

130 1431 237 1493 missis,
262 1431 314 1484 det
336 1440 487 1484 concentus
511 1432 615 1500 triplex
637 1431 725 1500 partis
748 1435 759 1486 l
783 1449 844 1486 curn
862 1432 971 1486 residuo
994 1433 1010 1486 2
1029 1435 1078 1487 615
1090 1450 1204 1497 ncces,
1229 1439 1259 1487 et
1277 1435 1419 1505 utriusque
1443 1451 1503 1488 oum

129 1517 195 1564 tota
208 1509 235 1574 3,
257 1509 367 1565 scilicet
379 1510 429 1564 δια
441 1528 533 1574 neure,
551 1518 581 1564 et
594 1513 644 1567 δια
657 1531 739 1568 nette
752 1511 799 1567 1111
812 1513 966 1569 dranceos.
994 1513 1046 1566 Hic
1060 1513 1138 1568 nulla
1151 1521 1196 1568 est
1209 1513 1404 1568 discordantia.
1436 1515 1503 1568 Jure

129 1591 227 1660 itaque
252 1590 315 1661 quia
339 1594 444 1660 λογους
466 1590 550 1644 hosce
576 1590 677 1646 solidos
701 1591 812 1647 dixerit.
849 1594 992 1646 Hactenus
1007 1609 1044 1646 ex
1062 1593 1217 1664 geometria
1237 1593 1417 1649 demonstrati
1439 1599 1504 1647 sunt

128 1688 186 1724 nnn
198 1670 290 1724 minus
304 1670 430 1740 perfecte
445 1674 535 1742 loyor,
550 1688 633 1742 quam
646 1671 846 1726 demonstrarit
858 1672 987 1726 Euclides
1003 1689 1127 1742 corpora.

210 1751 275 1804 Jam
288 1750 319 1804 hi
334 1753 417 1821 loyor
433 1756 499 1803 sunt
515 1764 760 1823 κοσμοποιητικοι,
780 1758 857 1806 amat
875 1770 923 1804 eos
942 1757 1045 1806 natura
1063 1751 1091 1806 in
1112 1753 1235 1807 omnibus
1250 1753 1333 1806 rebus
1349 1756 1441 1824 λογων
1455 1769 1501 1806 ca·

128 1829 257 1902 pacibus.
287 1833 374 1883 Amat
387 1847 436 1883 eos
450 1829 523 1883 ratio
537 1829 663 1895 hominis,
684 1848 754 1902 qnae
770 1837 814 1886 est
827 1831 919 1903 imago
935 1830 1091 1886 conditoris.
1119 1833 1230 1899 Essent
1239 1831 1328 1904 igitur
1342 1825 1501 1886 traducendi

128 1913 157 1964 in
172 1911 254 1964 varia
267 1909 406 1977 subjecta,
423 1910 471 1964 sed
486 1909 537 1962 illa
549 1928 604 1962 non
620 1910 712 1964 omnia
726 1918 791 1965 sunt
805 1911 927 1981 cognita.
957 1911 1034 1974 Quae
1050 1917 1143 1966 autem
1157 1912 1272 1982 cognita
1284 1916 1358 1972 sunt,
1374 1911 1501 1966 scribam.

126 1990 221 2044 Primo
237 2006 370 2044 mensura
382 1988 628 2058 pronunciationis,
643 1991 690 2044 ubi
700 1997 804 2061 regnat
817 1989 959 2060 proportio
979 1985 1006 2049 't
1024 1997 1055 2044 et
1067 1991 1131 2044 hinc
1146 1991 1244 2046 existit
1256 1991 1369 2060 politica
1384 1992 1502 2045 omniurn

131 2071 304 2140 linguarum.
331 2069 440 2122 Deinde
455 2084 583 2123 mensura
597 2075 686 2124 motus
699 2069 728 2123 in
746 2087 860 2138 corpore
880 2071 1010 2134 humano,
1030 2071 1093 2123 binc
1114 2071 1240 2124 existunt
1258 2071 1432 2135 saltationes,
1454 2069 1504 2125 ubi

128 2157 177 2203 eat
199 2143 243 2212 ¹1„
269 2142 335 2211 ΜΛ.
365 2148 461 2201 Τ51115
482 2150 596 2202 eaedem
617 2150 818 2219 proportiones,
845 2151 941 2203 eadem
964 2151 997 2202 de
1018 2165 1104 2203 causa
1123 2150 1233 2204 suntin
1251 2165 1381 2204 mensura
1395 2157 1500 2212 cantus,

128 2231 196 2284 hinc
210 2235 344 2283 notarum
359 2229 470 2282 valores
485 2233 515 2280 et
529 2235 627 2282 tactus.
658 2229 762 2299 Opinor
776 2229 878 2283 alicubi
899 2235 929 2282 et
950 2231 1131 2299 quadruplam
1155 2221 1206 2289 ¹¹³ls
1230 2236 1280 2283 aut
1299 2235 1373 2283 certe
1400 2221 1449 2288 ”t
1474 2229 1502 2283 in

126 2327 182 2364 nau
197 2325 270 2362 esse.
302 2309 409 2370 Quarto
424 2313 457 2360 ut
470 2308 582 2378 propius
598 2316 725 2363 naturam
740 2310 910 2372 accedamus,
930 2309 1024 2362 insunt
1043 2326 1135 2362 omnes
1150 2309 1273 2379 perfecte
1293 2309 1320 2362 in
1335 2312 1500 2365 concordan-

125 2390 175 2442 tiis
190 2387 311 2442 musicis.
338 2379 394 2458 [Et
407 2385 453 2440 bic
466 2395 563 2456 posset
579 2389 642 2441 addi
657 2389 809 2457 disputatio
823 2389 856 2441 de
873 2389 997 2442 tensione
1013 2388 1162 2442 artificiosa
1176 2388 1361 2453 claviobordii,
1378 2391 1443 2461 quia
1456 2406 1501 2444 res

124 2470 234 2522 incerta
255 2475 303 2521 est
318 2467 346 2520 iu
362 2466 481 2537 quinque
497 2463 652 2534 15511155*)
673 2485 700 2531 a,
715 2469 762 2530 cis,
779 2469 797 2530 f,
812 2467 856 2531 iis,
872 2467 926 2538 gis.
952 2469 1015 2538 Ego
1030 2471 1069 2520 sic
1083 2485 1191 2532 censeo,
1207 2476 1239 2522 ut
1253 2469 1277 2522 G
1292 2470 1326 2522 ad
1341 2471 1366 2534 d,
1382 2470 1421 2523 sic
1435 2472 1452 2523 d
1466 2471 1501 2524 cd

125 2565 145 2602 a
160 2565 224 2601 esse
240 2547 354 2609 debere,
375 2553 406 2599 et
419 2547 489 2600 utG
505 2549 539 2600 ad
556 2548 582 2609 h,
603 2546 643 2600 sic
657 2550 673 2600 d
689 2549 724 2602 cd
739 2547 788 2608 iis;
810 2555 843 2601 ut
860 2547 899 2600 sio
913 2564 932 2601 5
945 2555 975 2601 et
988 2547 1023 2600 lis
1039 2549 1276 2602 accommodentur
1291 2550 1364 2602 add.
1393 2549 1500 2603 Deinde

125 2625 728 2688 ntGadcsiccadfietutGadbsic
749 2646 764 2679 e
786 2628 820 2680 ad
842 2626 895 2698 gn's.
925 2627 1177 2697 EtdeniqueutG
1200 2629 1235 2681 ad
1257 2629 1275 2680 b
1297 2627 1335 2680 sio
1356 2629 1373 2682 b
1395 2631 1430 2683 ad
1452 2629 1499 2682 cis.

209 2708 282 2760 Nam
303 2707 358 2758 boc
378 2713 462 2776 pacto
483 2707 539 2768 fiet,
562 2712 593 2759 ut
613 2724 664 2776 per
683 2706 890 2777 proportionem
916 2699 944 2765 'ir
966 2707 1152 2760 constituatur
1167 2723 1193 2760 a.
1224 2707 1253 2762 Si
1273 2708 1410 2776 nempeG
1432 2707 1500 2760 diri·

125 2791 210 2842 datur
232 2787 261 2841 in
284 2786 312 2850 8,
339 2780 367 2844 ¹is
392 2785 446 2838 erit
466 2805 524 2855 ιρις
543 2787 592 2840 dan
610 2802 709 2843 πασων
730 2791 760 2840 et
786 2781 815 2847 l.
837 2793 965 2851 ereata,
987 2787 1114 2856 perlecta
1134 2788 1264 2841 secunda.
1297 2787 1340 2840 Ita
1361 2804 1412 2856 per
1433 2804 1498 2856 pro·

125 2866 285 2938 portionem
322 2859 365 2926 'ln
402 2864 585 2919 constituetur
615 2873 696 2920 tonus
726 2868 771 2921 rel
802 2868 923 2920 secunda
952 2867 1047 2920 minor.
1099 2865 1169 2918 Nam
1198 2857 1241 2926 'iffi
1271 2867 1305 2919 de
1334 2866 1359 2918 G
1387 2867 1499 2920 sonabit

125 2947 324 3018 supersedeo
341 2961 442 3001 ncces
462 2961 548 3014 supra
569 2947 608 3010 G,
630 2953 660 3000 et
685 2939 741 3007 sti„
764 2946 877 3001 sonabit
898 2946 955 3000 Gis.
998 2945 1076 3000 Sicut
1097 2962 1166 3016 crgo
1188 2962 1206 2999 a
1226 2947 1260 2998 ad
1282 2945 1316 3007 b,
1339 2945 1378 2998 sic
1399 2945 1452 2999 erit
1473 2945 1498 2998 G

125 3029 163 3082 ad
184 3026 243 3080 Gis.
288 3025 359 3080 Nam
379 3033 410 3080 et
429 3027 448 3079 b
468 3031 513 3078 est
537 3019 593 3086 “ln
616 3028 650 3080 de
672 3044 699 3080 a.
742 3029 794 3081 Est
815 3033 908 3080 autem
936 3025 1140 3096 sedecangorlus
1167 3029 1305 3096 cognatus
1333 3023 1499 3096 octangulc,

125 3115 158 3161 et
177 3123 245 3176 pars
267 3105 330 3159 fidis
351 3112 462 3160 resecta
481 3105 572 3158 adhuc
592 3113 725 3160 consonat
746 3106 807 3160 toti.
849 3106 920 3160 Hinc
941 3105 1066 3159 oriuntur
1087 3105 1159 3158 tales
1182 3105 1254 3168 toni,
1286 3120 1337 3173 per
1358 3121 1426 3174 quos
1449 3103 1498 3157 im·

126 3186 250 3242 mediate
264 3186 340 3240 inter
358 3187 511 3239 canendum
524 3184 556 3238 iri
578 3193 681 3254 potest.
715 3187 820 3240 Contra
837 3186 909 3240 inter
931 3187 957 3250 b,
980 3185 997 3238 h
1019 3183 1191 3238 semitonium
1213 3191 1265 3246 est,
1286 3199 1337 3252 per
1352 3185 1423 3254 quod
1444 3200 1499 3237 uon

128 3270 185 3322 itur
206 3267 344 3320 canendo.
376 3264 453 3318 Talis
475 3280 582 3335 quoque
604 3273 648 3320 est
668 3265 730 3334 ejnn
752 3264 858 3320 divisio.
899 3266 969 3320 Nam
991 3264 1014 3318 ei
1034 3265 1052 3318 b
1073 3264 1215 3318 dividatur
1236 3263 1264 3317 in
1286 3263 1339 3327 25,
1363 3265 1381 3317 1)
1402 3265 1498 3318 durum

127 3347 183 3402 erit
202 3363 301 3400 earnm
322 3345 444 3415 partium
466 3344 516 3406 24,
546 3349 577 3398 et
601 3336 642 3406 'ln
672 3363 726 3398 non
753 3345 917 3398 consonabit
942 3362 1002 3398 curn
1028 3351 1090 3398 tota
1110 3344 1162 3397 fide
1185 3344 1231 3398 25.
1273 3345 1331 3398 Neo
1352 3360 1420 3398 sane
1441 3361 1498 3397 me-

127 3427 207 3490 mini,
238 3426 317 3480 latus
347 3423 654 3496 vigintiquinquangnli
681 3425 872 3479 demonstrari.
915 3426 1019 3480 Contra
1037 3439 1104 3494 pars
1130 3427 1141 3478 l
1168 3423 1333 3478 consonabit
1353 3440 1414 3477 oum
1433 3439 1499 3494 par·

129 3507 203 3563 tibus
226 3505 281 3570 24,
303 3506 352 3560 dcc
376 3521 458 3560 nem
482 3503 530 3558 ἐπι
553 3523 678 3576 rapam
696 3507 746 3561 δια
764 3520 871 3561 nocer.
912 3505 982 3559 Nam
1004 3505 1178 3576 24·angulus
1206 3511 1251 3563 est
1271 3503 1499 3558 demonstrationi

129 3585 257 3658 propior,
283 3585 393 3639 scilicet
412 3584 436 3637 si
458 3591 658 3653 componuntur
678 3586 805 3657 trigonus
828 3593 858 3639 et
878 3591 1030 3655 octogonus
1052 3584 1080 3638 in
1101 3586 1195 3638 eodem
1216 3583 1326 3636 circulo.
1369 3582 1500 3654 Sequitur

128 3667 302 3736 comparatio
324 3666 359 3729 b,
382 3681 412 3728 o,
436 3680 507 3734 quae
528 3681 558 3716 se
581 3666 823 3742 1515515555551,
846 3671 878 3718 ut
901 3665 936 3718 16
958 3665 993 3718 ad
1018 3664 1062 3726 15,
1085 3669 1182 3734 estque
1203 3669 1286 3717 tonus
1307 3661 1401 3716 minor.
1444 3662 1497 3716 Sed

130 3765 183 3802 non
205 3746 300 3800 omnia
319 3759 481 3815 persequar.
523 3743 606 3797 Vides
628 3752 722 3799 autem
747 3760 878 3815 quorsum
904 3745 1029 3806 tendam,
1057 3760 1154 3812 nempe
1180 3749 1212 3796 ut
1232 3742 1322 3796 omnia
1343 3741 1498 3804 semitonia,

131 3838 225 3888 tonos,
247 3826 357 3889 dieses,
388 3842 424 3878 ex
446 3823 577 3877 divisione
598 3825 657 3878 fidis
679 3823 731 3878 tali
753 3828 883 3887 educam,
911 3840 982 3894 quac
1003 3823 1110 3877 habeat
1130 3825 1294 3877 alterutram
1315 3821 1499 3876 conditionum

130 3909 244 3962 11551515
267 3921 356 3976 snpra
376 3903 538 3974 pantanum,
561 3908 590 3957 et
610 3911 744 3975 sequatur
764 3923 802 3959 ex
823 3904 916 3974 aliquo
937 3903 1063 3974 regulari
1084 3903 1168 3972 plano
1191 3901 1407 3964 demonstrabili,
1432 3918 1498 3972 quo·

130 4004 188 4042 15111
208 3995 292 4050 sunt,
316 4001 380 4038 mea
399 3982 508 4053 quidem
528 3983 671 4038 sententia
698 4002 752 4039 non
778 3985 860 4055 plura
881 3999 963 4053 quam
984 3981 1149 4052 quindecim:
1179 3999 1251 4052 quae
1271 3982 1426 4052 designabo
1448 3998 1499 4034 nu·

131 4068 209 4121 meris
231 4075 264 4122 et
285 4067 314 4119 in
335 4065 443 4118 classes
465 4059 642 4135 distinguam.
686 4065 792 4119 Primae
814 4071 893 4118 tenet
913 4063 1107 4135 sexangulum.
1150 4061 1273 4116 Secundo
1302 4062 1362 4114 loco
1383 4067 1449 4114 sunt
1471 4058 1497 4122 3,

132 4147 284 4219 bangula,
314 4144 399 4199 tertio
425 4142 622 4214 lii-angulum,
651 4151 750 4214 quarto
773 4145 808 4208 5,
836 4143 952 4214 8·ang.,
980 4143 1074 4212 quinto
1098 4141 1147 4204 12,
1174 4140 1217 4203 15,
1241 4140 1287 4202 20,
1310 4140 1357 4203 24,
1379 4139 1426 4202 30,
1450 4139 1497 4202 40,

133 4229 182 4290 60,
204 4229 258 4290 90,
293 4223 482 4294 lau-angula.
525 4223 603 4285 Quae
624 4242 686 4279 oum
707 4223 748 4278 ita
767 4225 839 4286 sint,
866 4223 1013 4277 difficultas
1035 4222 1100 4275 mihi
1122 4219 1252 4290 objicitur
1272 4219 1299 4272 in
1324 4220 1358 4273 16
1380 4219 1495 4288 angulo.

134 4308 240 4368 Quaero
262 4307 353 4378 igitur
376 4321 414 4357 ex
435 4310 464 4355 te
484 4304 613 4372 primurn,
636 4320 673 4358 an
694 4303 755 4373 ejus
777 4304 875 4357 lateris
897 4303 934 4356 sit
953 4302 1047 4372 aliqua
1069 4301 1128 4355 alia
1148 4299 1362 4360 demonstratio,
1385 4304 1498 4366 praeter

135 4404 299 4442 communem
321 4384 403 4438 illam
425 4383 542 4438 omnium
561 4384 720 4455 figurarum,
746 4400 861 4454 quarum
881 4382 1058 4452 duplicantur
1078 4383 1177 4435 latera.
1219 4379 1289 4434 Nam
1311 4379 1334 4430 si
1355 4375 1433 4428 nulla
1454 4379 1499 4426 est

135 4468 195 4531 alia
215 4467 373 4538 poterimus
388 4461 452 4532 pari
464 4461 537 4530 jure,
558 4463 581 4516 si
602 4480 668 4518 usus
689 4464 771 4528 ierat,
793 4463 925 4517 adhibere
949 4462 996 4526 48,
1018 4461 1065 4524 80,
1088 4461 1134 4525 96,
1160 4460 1224 4524 160,
1250 4457 1314 4520 180,
1340 4453 1404 4515 102,
1426 4451 1496 4505 240-

135 4549 243 4619 angula,
265 4545 361 4600 etsie
383 4535 612 4614 consequenter]

197 4673 225 4738 1)
245 4673 472 4742 81μ16ω65555
489 4686 589 4735 rocam,
612 4687 663 4738 qna
680 4675 757 4724 utitur
775 4671 899 4738 Kepleros
916 4676 1012 4722 veteres
1031 4675 1147 4729 secutus,
1171 4681 1216 4718 nos
1238 4661 1382 4715 hodiernam
1399 4667 1495 4704 5515111-

134 4748 210 4800 rium.
247 4746 324 4800 coni.
345 4757 409 4798 ann
430 4740 473 4792 ⁴1.
