3542 5528
334 315 379 384 20
478 249 482 256 V
927 313 1087 364 reserum

335 479 397 554 dis,
432 476 565 545 adhibito
592 475 739 538 Herculeo
768 473 878 554 lapide.
924 472 966 535 Et
988 483 1088 535 tamen
1113 471 1201 534 bodie
1224 469 1311 534 modo
1334 469 1406 532 mihi
1428 475 1531 532 namin
1554 469 1604 531 e'st
1627 469 1682 530 hoc

270 573 273 588 '
335 567 507 642 consilinm,
542 585 610 628 cras
638 565 766 627 fortasse
795 562 975 642 displicebit.
1022 561 1240 643 Longitudines
1269 578 1307 621 ex
1336 557 1494 639 posteriori
1514 557 1682 639 capiendae

268 669 273 726 ζ
335 665 424 719 crunt
455 675 493 718 cx
524 653 641 718 ratione
672 651 836 718 itineraria.
885 648 1026 713 Ceterum
1055 652 1163 732 vulgus
1185 649 1374 711 minutiorum
1396 663 1539 727 pagorum
1564 663 1602 708 ex
1625 665 1682 709 nu-

257 747 258 754 ’
334 765 416 809 mero
439 763 580 827 passuum
603 743 632 804 in
655 742 754 823 plano,
783 759 820 802 ex
842 747 1002 821 prospectu
1026 741 1213 821 fastigiorum
1235 738 1265 799 in
1290 737 1360 798 altis
1379 735 1530 799 inentibus
1554 736 1681 816 capiam,

335 834 369 897 ut
398 826 614 906 Munsterue')
647 833 746 894 docet.
792 829 857 894 Nec
880 839 952 910 puto
982 831 1183 894 necessariam
1215 827 1307 888 ullam
1331 826 1367 887 de
1391 825 1544 905 superficie
1570 825 1682 908 sphae-

335 924 398 986 rica
421 921 635 1004 cogitationem
657 921 686 982 in
709 920 850 1000 regione,
878 919 963 998 cnjus
995 926 1044 981 est
1075 920 1155 999 long.
1188 913 1246 992 40,
1275 916 1330 978 lat.
1355 912 1398 977 20
1431 911 1545 977 ve130
1567 913 1682 976 nuillia-

334 1013 420 1074 rium.
475 1012 559 1074 Haec
588 1010 656 1091 quin
686 1009 847 1072 scriberem
874 1008 1037 1090 praeterire
1070 1028 1127 1071 non
1160 1005 1256 1088 potui,
1300 1004 1391 1066 Vale.
1437 999 1490 1065 20.
1524 999 1576 1066 30.
1595 999 1681 1083 ‚Oct

333 1121 380 1164 an.
409 1095 501 1165 1595.
1080 1105 1081 1110 ’
1264 1101 1267 1110 “
1301 1103 1304 1110 “

708 1258 710 1267 ,
785 1186 874 1250 Eum.
899 1186 934 1247 T.
960 1183 1159 1248 Gratissimus
1183 1183 1256 1248 dieo.

1212 1271 1213 1274 ’
1320 1268 1367 1332 Μ.
1391 1267 1442 1332 Jo.
1465 1266 1593 1352 chlcr.

402 1407 593 1486 messines·
611 1435 737 1499 menne
754 1433 777 1483 s.
797 1431 840 1482 aa.
860 1433 930 1485 retr.
950 1450 974 1484 v.
993 1433 1030 1485 ss.
1054 1429 1121 1482 sues
1137 1429 1262 1494 (nme.
1281 1445 1305 1494 p.
1324 1426 1441 1494 s-sm

403 1503 506 1566 Quoties
523 1507 555 1557 de
573 1507 622 1556 tuis
641 1504 903 1563 demonstrationibus,
927 1507 1013 1570 quibus
1032 1503 1160 1572 copsmici
1178 1503 1325 1566 hypotheses
1343 1515 1361 1550 a
1377 1501 1449 1565 priori
1467 1499 1610 1550 doctissima
1627 1513 1682 1564 pro·

331 1579 393 1635 bas,
419 1577 517 1642 cogito,
541 1577 700 1628 vehementer
717 1576 912 1642 mihl'grstuiur,
931 1578 996 1642 quod
1013 1577 1115 1633 tandem
1134 1577 1220 1639 aliquis
1239 1577 1274 1624 ris
1292 1573 1378 1622 doctm
1396 1573 1553 1630 inueniatur,
1580 1571 1623 1636 qni
1641 1572 1683 1619 isti
1762 1623 1763 1626 ,

330 1649 520 1714 imprudentium
537 1649 767 1699 mathematicorum
784 1647 872 1698 turbae
890 1647 929 1698 his
942 1647 1070 1712 chernici
1087 1647 1263 1711 hypothesibus
1282 1644 1463 1709 obloquentium
1482 1657 1526 1694 ora
1544 1642 1683 1692 obtundere

331 1721 414 1771 audet.
452 1719 528 1785 idque
546 1725 617 1770 tauto
634 1721 727 1786 magis,
756 1718 821 1784 quod
844 1721 920 1769 etiam
938 1712 1055 1771 meatori's
1074 1719 1202 1769 consilium
1219 1719 1246 1767 iu
1262 1715 1347 1766 mundi
1365 1717 1490 1766 creatione
1506 1715 1628 1778 patescit:
1658 1721 1684 1763 st

330 1790 396 1857 quod
413 1791 572 1856 sphaerarum
591 1792 725 1848 dimensio,
743 1805 808 1856 quas
825 1793 925 1840 summis
944 1791 1092 1851 artificibus,
1118 1791 1165 1853 ipsi
1183 1803 1277 1855 quoque
1296 1786 1430 1849 Ooperuico
1448 1802 1491 1850 pro
1510 1785 1683 1850 computandis

329 1861 590 1928 prosthaphueresibus
608 1862 758 1912 solummodo
776 1876 794 1911 a
810 1858 937 1925 pcs'terion'
954 1876 998 1925 per
1016 1862 1197 1913 observationes
1215 1857 1360 1924 indaganda
1376 1859 1430 1915 luit,
1447 1861 1500 1922 jam
1513 1871 1529 1907 a
1540 1857 1614 1920 priori
1628 1857 1683 1907 adi·

329 1941 382 1983 tum
400 1935 554 1999 patefactum
570 1934 662 1983 habere
679 1932 783 1982 videtur.
819 1931 920 1982 Interim
947 1939 1033 1982 tamen
1058 1933 1115 1983 dum
1141 1932 1171 1982 de
1191 1933 1239 1981 tuis
1262 1930 1369 1980 numeris
1387 1929 1459 1992 paulo
1479 1929 1620 1994 diligentius
1639 1942 1683 1978 co-

329 2007 389 2070 gito,
406 2005 477 2056 rideo
496 2019 557 2056 saue
575 2007 601 2054 in
620 2017 747 2068 corporum
763 2003 913 2068 regularium
930 2005 1038 2054 numeris
1055 2003 1116 2054 nihil
1134 2003 1283 2060 desiderari,
1306 2003 1378 2051 at‘in
1396 2001 1504 2050 numeris
1521 2000 1683 2064 sphaerarum

325 2077 410 2126 muudi
428 2076 499 2128 rideo
518 2081 543 2126 te
568 2076 721 2140 potissimum
748 2088 863 2125 numeros
888 2089 961 2126 mose
983 2074 1091 2126 tabellae
1113 2081 1225 2125 secutum
1243 2086 1313 2131 esse,
1340 2079 1365 2122 st
1383 2085 1416 2122 ea
1433 2085 1497 2137 quas
1515 2073 1591 2122 totius
1608 2071 1683 2134 huius

325 2148 419 2212 negotii
437 2148 572 2212 praecipua
589 2155 655 2207 suut,
674 2146 731 2197 inde
750 2145 907 2199 emundare.
945 2146 1089 2198 Emdmari
1108 2153 1201 2201 antem,
1221 2160 1267 2196 uec
1287 2145 1358 2194 sliter
1372 2141 1431 2194 mihi
1442 2142 1592 2208 persuadere
1603 2143 1684 2208 potui,

327 2226 461 2284 numquam
479 2216 526 2268 hoc
544 2220 623 2282 ipsum
642 2217 705 2276 ridi,
729 2225 755 2268 te
773 2217 826 2266 illos
844 2218 1042 2282 magnitudinum
1060 2218 1219 2282 sphaerarum
1237 2230 1350 2266 numeros
1369 2213 1406 2264 rel
1425 2229 1456 2264 eu
1473 2216 1525 2279 ipso
1545 2213 1683 2278 Copemioo

328 2286 365 2351 (in
384 2292 453 2352 cujus
471 2289 577 2339 lectione
595 2297 622 2340 te
641 2290 734 2352 optime
753 2295 876 2339 versatum
895 2303 949 2340 esse
968 2285 1088 2356 agnosco)
1107 2289 1146 2338 rel
1164 2303 1193 2339 ox
1212 2287 1362 2338 resolutione
1373 2297 1528 2337 numerorum
1540 2285 1684 2336 tabularum

325 2359 512 2412 Prutenioarnm
539 2363 663 2411 sumsisse.
700 2359 793 2410 Verum
820 2365 919 2423 praeter
946 2363 1155 2428 exspectationem
1180 2366 1267 2409 contra
1295 2359 1364 2408 rideo
1388 2357 1483 2408 lacum
1501 2365 1563 2408 essa.
1600 2357 1682 2408 Inter·

327 2433 425 2482 mittere
448 2433 524 2500 igitur
545 2447 595 2482 non
619 2433 704 2498 potui,
733 2433 791 2497 quin
813 2438 840 2481 te
857 2430 906 2481 hac
924 2433 1030 2496 epistola
1046 2445 1185 2491 monerem,
1215 2431 1329 2480 videlicet
1346 2429 1410 2492 quod
1427 2429 1462 2479 illi
1480 2429 1591 2480 tabellae
1608 2442 1683 2478 meae
1762 2473 1763 2476 ,

326 2499 413 2568 (quam
430 2509 490 2552 aute
507 2503 597 2554 multos
618 2519 696 2554 annos
715 2497 858 2568 conscripsi)
879 2505 974 2554 numeri
992 2519 1022 2554 ex
1039 2505 1092 2567 ipsc
1104 2501 1242 2568 Cupernico
1259 2501 1400 2558 immediate
1420 2501 1552 2564 exscripti,
1571 2515 1622 2550 uon
1642 2503 1682 2550 iu-

325 2581 450 2640 tegrarum
469 2573 628 2638 sphaerarum
645 2575 829 2643 magnitudines
848 2575 978 2638 explicent,
999 2575 1043 2626 sed
1060 2574 1217 2638 planetarum
1235 2580 1334 2622 tantum
1351 2570 1483 2622 &tantiae
1503 2587 1519 2622 a
1537 2581 1624 2624 canno
1643 2587 1681 2622 or·

324 2646 361 2694 bis
379 2645 601 2712 magni‘habeant.
638 2645 674 2696 Ut
690 2663 712 2694 r.
732 2661 756 2711 g.
777 2646 834 2694 dum
852 2639 882 2714 li
896 2647 923 2696 in
942 2653 1053 2712 apogseo
1072 2645 1205 2696 ecoeutrioi
1222 2645 1260 2694 sui
1280 2645 1356 2694 distat
1376 2655 1392 2692 a
1410 2651 1494 2694 centro
1513 2643 1577 2693 orbis
1595 2645 1682 2710 magui

326 2713 357 2764 0ο
375 2712 428 2776 40,
448 2718 556 2783 qualium
575 2718 758 2768 emidiametsr
776 2718 839 2768 orbis
857 2719 942 2784 magui
961 2723 1074 2782 estpars
1092 2732 1159 2775 asar
1187 2731 1270 2766 verum
1288 2715 1341 2780 ipse
1358 2709 1379 2782 5
1397 2723 1451 2765 tum
1468 2716 1494 2764 in
1512 2709 1627 2779 epicyclil
1643 2716 1682 2764 sui

325 2789 440 2854 perlgaso
460 2794 505 2840 ast.
542 2789 608 2855 Ergo
626 2803 765 2854 apogaeum
784 2790 894 2853 eiusdem
911 2796 965 2840 tum
982 2788 1059 2838 multe
1083 2789 1157 2848 altius
1175 2788 1254 2840 abest.
1292 2787 1385 2838 Contra
1401 2787 1443 2845 fit,
1470 2787 1492 2836 si
1514 2787 1539 2836 in
1564 2789 1682 2852 perigaeo

326 2861 516 2912 socentrici·sit
555 2860 627 2922 Quod
645 2861 665 2910 sl
683 2876 726 2925 pro
745 2862 955 2926 eccentrepicyclo
973 2865 1114 2911 neumata:
1132 2864 1259 2911 eccentrus
1279 2861 1395 2916 uocanti,
1415 2858 1452 2907 sel
1472 2858 1586 2922 epicyclii
1599 2859 1681 2922 opiey·

326 2932 387 2991 clus,
406 2931 460 2995 pari
479 2931 550 2981 modo
570 2947 609 2982 res
627 2947 654 2982 se
672 2931 781 2982 habebit.
819 2933 854 2983 At
871 2931 965 2984 numeri
984 2933 1020 2982 tui
1037 2931 1151 2982 ridentur
1169 2946 1238 2992 eam,
1258 2944 1322 2995 quae
1341 2937 1380 2979 est
1397 2929 1554 2994 planetarum
1573 2931 1683 2980 maxima

326 3009 352 3054 et
368 3004 472 3053 minima
489 3017 507 3053 a
525 3011 609 3054 centm
628 3003 692 3052 orbis
709 3003 794 3068 magui
814 3003 947 3062 dictanda,
965 3019 1009 3068 pro
1026 3003 1083 3067 ipsa
1099 3003 1219 3067 sphaerae
1237 3003 1344 3066 ipserum
1361 3002 1532 3074 magnitudine
1550 3003 1681 3066 accipere:

325 3087 382 3125 cnm
399 3081 488 3124 nmen*
504 3087 543 3132 ea,
563 3077 613 3124 slve
631 3080 734 3138 propter.
747 3081 890 3125 wceutrum
908 3077 1017 3125 accentui
1038 3076 1089 3124 sire
1107 3073 1344 3137 eccentrspicyolum
1363 3073 1400 3124 rel
1419 3073 1531 3136 epicyclii
1544 3073 1682 3138 epicyclusn

324 3145 402 3196 multo
420 3147 453 3196 sit
470 3147 556 3208 maior.
593 3145 629 3196 Ut
651 3146 747 3196 iuterim
771 3145 802 3196 de
825 3145 880 3194 aliis
903 3147 1047 3198 latitudines
1061 3179 1063 3184 -
1070 3145 1263 3211 gubernantibus
1286 3145 1382 3196 orbibus
1400 3144 1461 3196 nihil
1480 3145 1569 3195 dicam.
1608 3145 1682 3196 Porro

326 3231 372 3282 ego
392 3217 461 3266 illam
478 3230 560 3266 meam
578 3216 691 3266 tabulam
709 3215 766 3264 olim
785 3218 930 3280 conscripsi,
949 3225 978 3269 ut
997 3221 1024 3268 et
1038 3217 1098 3266 mihi
1117 3223 1143 3266 et
1160 3217 1228 3278 aliis,
1247 3218 1333 3282 quibus
1351 3231 1406 3268 eam
1424 3215 1605 3280 inspiciendam
1624 3231 1681 3268 cou-

326 3289 405 3346 cessi,
431 3288 574 3350 adjumento
593 3293 671 3347 esset,
697 3285 826 3350 Copemici
842 3287 1027 3352 illosjuumcros
1046 3283 1118 3354 (quos
1136 3289 1225 3340 retinui
1244 3285 1339 3352 omnes)
1357 3287 1453 3352 plenius
1471 3287 1638 3354 cognoscendi
1657 3293 1683 3336 et

324 3357 485 3409 incitamento
504 3358 604 3408 eosdem
622 3357 704 3424 quoad
721 3357 775 3407 fieri
792 3364 886 3422 potest,
904 3359 1006 3410 ulterius
1025 3359 1182 3418 extendendi,
1200 3374 1246 3410 ncc
1264 3374 1315 3408 non
1332 3359 1502 3417 examinandi,
1521 3359 1681 3424 quemadmo-

327 3430 385 3478 dum
405 3445 435 3480 οι
452 3436 523 3492 parce
541 3429 578 3480 bis
596 3428 700 3495 pagellis
719 3429 843 3492 adjunctis
862 3443 879 3480 a
895 3429 935 3480 me
953 3431 1047 3498 lactum
1064 3429 1146 3481 sidere
1164 3437 1243 3494 petes.
1281 3429 1351 3490 Quas
1376 3443 1459 3481 caram
1480 3431 1526 3480 tibi
1543 3437 1683 3482 mamare

326 3501 410 3559 malui,
428 3501 474 3551 aed
491 3501 550 3566 quia
568 3501 658 3550 munus
676 3513 751 3565 quam
769 3500 889 3566 opinabar
906 3502 980 3558 abes,
1009 3509 1035 3552 et
1052 3504 1111 3568 quia
1128 3508 1153 3551 te
1171 3503 1270 3552 interim
1285 3503 1313 3551 in
1331 3501 1474 3552 adamando
1493 3503 1599 3565 scripto,
1619 3501 1683 3568 quod

325 3574 390 3637 typis
409 3573 551 3633 excudatur,
569 3571 682 3622 laborare
700 3571 827 3636 intelligo,
845 3571 901 3643 ideo
920 3587 964 3623 eas
982 3573 1016 3624 ad
1032 3581 1058 3624 te
1075 3574 1173 3623 mittem
1192 3573 1268 3634 solui,
1286 3579 1316 3622 ut
1333 3574 1369 3624 eis
1386 3569 1503 3636 inspectis
1521 3587 1609 3626 meam
1626 3588 1681 3624 sen-

326 3645 432 3694 tentiam
450 3643 480 3693 dc
499 3643 622 3693 distantiis
640 3642 734 3693 orbium
750 3644 841 3692 rectius
858 3645 1006 3708 perciperes,
1024 3659 1072 3695 uec
1090 3646 1204 3708 praecoci
1221 3645 1379 3694 testinatione
1398 3645 1554 3695 occulerem
1572 3643 1680 3695 nonnul-

325 3714 355 3764 lis
380 3720 406 3765 et
422 3721 503 3764 'tuum
530 3717 646 3779 scripturn
672 3721 698 3764 et
719 3727 765 3763 me·
784 3711 915 3778 (siquidem
939 3723 964 3766 ts
987 3717 1037 3766 mei
1061 3716 1135 3765 etiam
1154 3716 1303 3765 mentionem
1321 3717 1404 3766 lacere
1422 3713 1546 3781 intelligo)
1566 3715 1683 3768 eludendi

324 3785 501 3852 suppeditares.
538 3786 577 3836 De
602 3785 640 3835 his
664 3799 726 3836 sane
752 3785 843 3836 dudum
866 3793 892 3836 te
921 3787 1142 3837 commonefactum
1170 3788 1293 3851 oportuit:
1321 3801 1405 3838 rerum
1428 3803 1474 3854 ego
1492 3787 1605 3851 prolecto
1623 3786 1682 3838 nibil

324 3857 404 3906 minus
423 3858 534 3922 cogitare
550 3858 634 3922 potui,
660 3870 735 3922 mum
759 3858 824 3922 quod
842 3858 900 3908 solis
916 3857 963 3908 illis
981 3857 1082 3909 tabulae
1099 3873 1171 3908 meae
1189 3859 1314 3917 numeris.
1342 3861 1384 3924 qui
1401 3859 1564 3924 particulares
1583 3865 1682 3910 tanturn

327 3933 393 3984 suut,
410 3929 544 3990 insisteres,
563 3928 608 3978 sed
626 3942 671 3992 ego
691 3927 789 3980 ommno
807 3933 901 3993 putari,
919 3937 945 3980 te
962 3932 1041 3994 ipsum
1060 3929 1244 3995 exCopemioc,
1261 3945 1306 3980 seu
1324 3933 1446 3995 exipsius
1465 3931 1681 3980 demonstrationi·

303 3998 384 4056 -bus,
413 3999 521 4048 adhibito
550 3999 644 4050 calculo
669 3999 857 4050 Pruteuicarum
881 4001 1021 4051 tabularum
1032 3997 1057 4062 ⁸)
1084 4003 1167 4050 omnia
1189 4002 1327 4066 plenissimo
1350 4005 1403 4066 jam
1420 4003 1496 4052 fuisse
1513 4011 1682 4066 persecutum.

327 4069 399 4120 Haeo
417 4070 521 4120 candido
541 4072 622 4120 animo
641 4072 734 4135 scripta
752 4061 856 4122 candide
877 4073 984 4142 accipias
1002 4087 1071 4137 rogo.
1107 4070 1172 4122 Vale
1192 4075 1289 4136 optime.

397 4141 540 4201 ,Tabula,“
561 4142 591 4192 de
610 4156 659 4208 qua
676 4141 717 4192 bic
734 4141 928 4194 Maeetliuns
951 4145 1006 4210 egit
1023 4141 1100 4207 (apud
1118 4143 1271 4194 Eanscbium
1288 4159 1312 4209 p.
1333 4141 1445 4207 t-tt)‚
1465 4143 1554 4194 eadem
1572 4143 1628 4194 iera
1645 4159 1682 4194 re·

325 4213 386 4270 lert,
414 4226 478 4276 quae
500 4211 647 4264 Masstiinua
675 4213 790 4266 addenda
817 4213 981 4264 Prcdromc
1008 4216 1092 4280 illique
1119 4215 1296 4274 ,Rhaetici
1319 4215 1471 4268 narrationi‘
1500 4215 1532 4266 de
1551 4213 1682 4280 Oopersslci

324 4284 428 4334 iurantis
446 4284 511 4347 typis
528 4285 689 4349 imprimenda
708 4288 819 4346 curarit,
846 4286 893 4336 hoc
911 4287 981 4336 titulo
1000 4288 1133 4350 inscripto:
1163 4287 1210 4338 De
1236 4288 1486 4338 dimensionibus
1510 4287 1635 4338 orbium
1654 4295 1684 4340 et

324 4354 529 4419 sphaerarum
555 4357 752 4415 coelestium,
778 4361 873 4420 Juxta
900 4358 1030 4408 tabulas
1057 4357 1253 4409 Prutenicos
1279 4375 1315 4418 ex
1339 4360 1506 4410 sententia
1530 4357 1599 4412 Nic.
1628 4359 1682 4410 Co·
1723 4355 1727 4361 “

324 4427 461 4491 pernici.

394 4497 450 4547 Hoc
469 4496 555 4562 quibus
574 4499 655 4548 caussis
672 4504 753 4548 motus
771 4499 864 4560 iecerit,
884 4501 910 4549 in
928 4499 1083 4564 praelatione
1101 4501 1242 4565 appendicis
1259 4500 1298 4554 hie
1317 4503 1430 4566 exponit:
1453 4499 1508 4560 ,Ne
1527 4500 1588 4565 quid
1601 4501 1681 4552 erudi-

324 4569 418 4620 tissimo
446 4575 472 4619 et
496 4569 691 4634 ingeniosissimo
718 4569 852 4622 doctissimi
876 4571 1046 4624 mathematici
1064 4571 1113 4622 ehi.
1129 4572 1233 4622 ioannis
1251 4573 1353 4637 Keplari
1373 4572 1503 4623 Prodrcmo
1527 4579 1554 4622 st
1572 4573 1681 4623 disertae

324 4639 423 4692 Rhetioi
441 4639 584 4690 Narraticni
603 4640 716 4696 deesset,
737 4654 826 4706 operae
843 4645 947 4708 pretium
966 4643 1035 4700 duxi,
1055 4645 1099 4700 eis,
1119 4643 1263 4707 appendicis
1281 4644 1349 4702 loco,
1369 4645 1533 4696 dimensiones
1551 4647 1680 4711 magnitu-

325 4713 409 4762 dinum
427 4715 477 4762 site
496 4709 653 4762 altitudinum
670 4712 828 4778 sphaerarum
845 4715 936 4770 mundi.
957 4715 1042 4780 quibus
1061 4715 1167 4764 erratica
1185 4715 1266 4766 sidera
1283 4709 1419 4772 moventur,
1438 4716 1575 4766 secundum
1588 4715 1681 4780 Ceper-

324 4785 374 4834 nici
391 4783 538 4848 hypotheses
556 4784 712 4850 subiungere.
749 4783 803 4835 Etsi
822 4792 905 4836 autem
924 4799 969 4836 eae
988 4801 1019 4835 ex
1037 4788 1088 4850 ipso
1108 4786 1257 4849 Gopemico,
1277 4789 1368 4851 partim
1386 4789 1460 4837 etiam
1479 4801 1510 4837 cx
1526 4787 1679 4846 Ptolemaeo,

326 4855 417 4920 absque
434 4855 518 4905 laboro
537 4856 634 4920 excerpi
651 4863 678 4906 et
695 4855 815 4908 conscribi
832 4859 982 4922 potuissent,
1007 4858 1084 4908 malui
1102 4863 1186 4907 tamon
1206 4859 1237 4908 ab
1256 4857 1357 4914 Erasms
1375 4857 1531 4910 Rheiuholdo
1546 4866 1595 4911 ‘aas
1614 4859 1679 4910 scoi-
