3698 5516
749 257 837 304 consa
854 249 952 304 Urrnnn
1466 249 1532 322 ω

158 415 213 462 sum
238 415 369 485 queque
397 405 567 483 concludit,
600 408 678 487 qued
703 409 908 472 consideranti
937 409 1026 472 facile
1049 419 1146 492 patet.
1192 410 1343 474 Numerus
1367 413 1531 493 quaeritur,

165 487 205 570 qui
225 489 353 571 legibus
379 493 542 574 imperatis
566 503 718 560 tractatus
741 505 858 562 eertum
881 499 952 580 quid
979 499 1100 562 efficiat
1147 499 1302 580 Amipitur
1325 501 1531 582 obviuenuis-

167 597 230 658 que,
264 587 425 646 tractatur
449 585 516 664 lego
540 584 696 664 imperata,
722 587 747 648 si
773 588 851 668 qued
870 587 996 666 jubetur
1018 589 1128 664 efficit,
1154 588 1237 668 ipsus
1257 595 1306 650 εει
1329 588 1379 670 qui
1402 607 1533 670 quaere·

166 667 266 742 batur,
291 670 340 732 siu
363 671 477 747 miuus,
501 672 596 734 falsus
620 683 677 738 est.
724 676 791 738 Hoc
814 675 894 737 idem
917 676 946 738 in
965 677 1063 738 altero
1086 685 1232 750 tentatur,
1256 678 1374 757 utrique
1397 678 1476 742 inter
1498 697 1531 742 se

168 765 379 838 comparantur
407 768 441 822 et
465 767 654 841 utrorumque
683 771 826 843 peccata,
866 783 991 845 quorum
1013 765 1123 826 intuitu
1146 782 1236 828 verus
1258 765 1381 828 tandem
1399 767 1533 830 elicitur.

168 845 243 908 Huic
268 847 339 926 quid
364 848 394 909 iu
418 850 629 912 astronomicis
654 852 870 933 hypothesibus
894 853 992 916 simile
1017 853 1067 928 sit,
1092 853 1198 914 iisdem
1222 853 1379 916 verberum
1393 855 1533 936 vestigiis

169 935 278 998 dicam.
325 933 522 1018 Hypetheses
546 948 740 1017 quaeruntur,
771 960 846 1021 quae
871 942 947 1004 coeli
970 941 1100 1004 motibus
1130 941 1342 1020 respondeant.
1388 943 1532 1022 Alphen-

167 1024 252 1085 sinae
277 1043 405 1106 peccare
430 1025 706 1106 deprehenduntur,
731 1027 959 1108 Cepemicauae
982 1030 1097 1092 itidem.
1144 1029 1189 1090 At
1212 1029 1309 1091 solers
1332 1030 1444 1092 artifex
1466 1032 1533 1094 cel·

168 1111 283 1174 latione
312 1119 505 1195 utrarumque
533 1115 676 1179 instituta
704 1123 736 1178 et
764 1118 921 1180 subductis
950 1117 1173 1180 aberrationum
1206 1117 1373 1180 rationibus
1410 1120 1533 1182 tertium

166 1199 283 1280 aliquid
306 1202 426 1277 statuit,
452 1203 530 1284 qued
554 1223 684 1268 errorem
708 1225 826 1270 omnem
848 1206 930 1269 circa
952 1207 1170 1286 praedicentes
1194 1205 1270 1268 coeli
1293 1214 1392 1268 metus
1416 1208 1530 1288 elingit,

165 1307 263 1369 eoque
287 1291 376 1352 mede
400 1299 542 1371 utrasque
566 1291 634 1356 illas
658 1294 841 1376 hypotheses
856 1295 991 1375 corrigit.
1038 1293 1118 1366 Quid
1133 1294 1181 1356 hie
1205 1301 1262 1368 cst,
1288 1295 1365 1373 quod
1384 1313 1437 1375 pro
1453 1297 1533 1360 Urso

164 1377 283 1440 faciat?
329 1379 513 1458 Propositus
542 1381 628 1444 nobis
657 1381 686 1443 in
715 1382 780 1462 ejus
804 1384 942 1462 exemplo
970 1384 1076 1444 medus
1099 1401 1193 1456 unus,
1225 1382 1309 1463 isque
1340 1382 1485 1463 obliquus·
1501 1391 1533 1446 ει

161 1465 304 1547 demon,
329 1484 387 1546 quo
401 1467 500 1530 solent
523 1470 687 1532 astronomi
712 1471 896 1553 hypotheses
919 1471 1113 1550 investigare.
1160 1471 1205 1534 At
1219 1469 1246 1532 is
1271 1471 1429 1534 ostendere
1443 1473 1530 1534 uele-

159 1555 232 1628 bat,
268 1555 417 1634 quemode
446 1575 484 1618 ex
512 1557 576 1637 jam
607 1560 775 1636 constituta
809 1560 888 1622 falsa
919 1558 1078 1641 hypothesi
1106 1577 1207 1622 verum
1241 1567 1272 1620 ει
1300 1559 1376 1620 coeli
1400 1559 1531 1622 metibus

156 1643 318 1723 analogen
343 1645 574 1710 demonstretur.
622 1647 658 1708 Iu
680 1649 787 1727 regula
815 1647 886 1710 falsi
910 1667 1050 1710 uumerus
1079 1648 1174 1710 falsus
1203 1646 1312 1708 falsum
1340 1647 1411 1728 quid
1440 1648 1532 1710 etiam

156 1731 331 1794 concludit.
349 1731 463 1794 'Ursus
478 1735 633 1797 contendit
651 1755 689 1797 ex
704 1736 790 1798 falsis
805 1735 1024 1818 hypothesibus
1039 1734 1250 1798 astronomicis
1265 1753 1367 1798 verum
1381 1735 1529 1798 concludi.

251 1819 391 1894 Decime,
420 1828 581 1902 postquam
595 1843 679 1886 suam
698 1825 794 1888 Ursus
810 1823 991 1886 sententiam
1010 1823 1041 1886 iu
1057 1823 1154 1886 aciem
1168 1822 1318 1902 produxit,
1335 1842 1403 1885 eam
1417 1831 1527 1888 aucte-

152 1909 255 1970 ritate
280 1911 377 1972 munit
398 1909 536 1972 ridicula.
583 1909 663 1982 Quid
690 1911 768 1974 euim
792 1932 839 1976 me
854 1919 975 1976 moveat
994 1912 1138 1993 ignotus?
1184 1913 1290 1992 ltaque
1306 1911 1403 1974 Ursus
1418 1919 1526 1976 aucte-

130 1997 247 2059 ·ritati
272 2017 347 2060 suae
372 1999 585 2062 auctoritatem
616 1999 681 2079 ipse
714 2001 870 2070 conciliat.
908 2009 1062 2062 auctorem
1086 2001 1189 2062 diceus
1213 2019 1280 2062 esse
1312 2001 1527 2078 pereruditum.

146 2085 281 2148 Juvabe
297 2087 486 2148 laborantem
501 2088 611 2151 Ursum
618 2107 627 2162 ;
660 2089 718 2152 firit
733 2089 798 2167 ejus
813 2089 1012 2170 praefationis
1032 2097 1146 2162 auctor,
1170 2088 1197 2150 si
1216 2087 1330 2161 neseis,
1355 2087 1529 2150 Andreas

149 2171 370 2247 Osiander,
393 2183 428 2236 ut
441 2176 614 2258 Hieronymi
633 2176 803 2242 Schreiberi
826 2178 1058 2256 Neribergeusis
1083 2178 1137 2250 (ad
1161 2195 1248 2258 quem
1262 2174 1409 2240 Scheueri
1432 2194 1527 2256 quae-

48 2329 52 2334 ,
146 2263 231 2324 dam
255 2262 466 2342 praefationes
490 2269 628 2340 exstant)
651 2285 757 2328 manus
781 2267 810 2328 iu
835 2285 900 2328 mee
915 2265 1078 2346 exemplari
1095 2265 1221 2328 visenda
1239 2272 1382 2326 testatur.
1396 2259 1434 2338 ⁹),
1469 2263 1530 2336 Qui

147 2370 344 2432 quamquam
369 2352 439 2415 Ursi
463 2353 632 2416 sententiae
657 2355 903 2434 quamproxime
927 2355 1126 2432 suffragatur,
1152 2361 1253 2416 tarum
1277 2361 1310 2414 et
1332 2352 1457 2433 aequior
1481 2362 1530 2416 est

144 2459 195 2502 eo
219 2447 254 2502 et
278 2439 441 2502 dilucidius
464 2461 498 2502 se
522 2442 664 2522 explicat.
712 2441 792 2514 Quid
815 2443 913 2523 ipsum
927 2443 1065 2514 moverit,
1089 2461 1148 2504 nou
1164 2450 1212 2504 est
1227 2441 1395 2504 obscurum.
1433 2441 1527 2504 Nori-

143 2529 273 2608 bergac
298 2527 551 2604 domiciliabatur,
577 2530 625 2592 ubi
650 2541 714 2594 turn
738 2531 884 2594 edebatur
898 2549 973 2610 epus
989 2528 1158 2610 Oopemiei.
1207 2527 1283 2593 Cum
1303 2528 1396 2607 igitur
1409 2538 1529 2592 amaret

143 2617 369 2687 mathemata,
401 2635 460 2678 nen
490 2619 588 2697 potuit
618 2638 676 2680 neu
706 2638 807 2686 amare
834 2627 899 2682 tam
926 2620 1114 2699 praeclarum
1143 2636 1232 2697 opum
1263 2625 1297 2680 at
1319 2635 1386 2680 cum
1409 2617 1553 2680 videret·

141 2703 411 2783 παραιοξοταεον
434 2711 528 2785 dcyne
556 2706 592 2768 de
617 2717 700 2770 metu
723 2709 848 2782 Terrae,
878 2709 922 2770 sic
946 2707 1056 2770 statuit
1083 2705 1304 2788 infringendam
1328 2704 1526 2786 cupiditatem

142 2794 186 2856 in
218 2793 388 2856 lectoribus
411 2813 509 2856 rerum
533 2813 685 2860 nevarum.
732 2796 827 2876 Atqui
850 2815 867 2856 e
892 2795 1057 2869 Osiander,
1089 2794 1218 2875 quiden
1246 2801 1277 2855 te
1305 2793 1524 2874 desperationis

140 2882 276 2960 adegit,
301 2889 337 2944 ut
359 2901 398 2942 ex
422 2883 607 2945 astronomia
630 2885 667 2948 de
690 2884 885 2946 veremundi
910 2883 988 2946 facie
1012 2884 1086 2946 nihil
1100 2883 1175 2944 certi
1199 2880 1300 2960 colligi
1324 2901 1414 2962 pesse
1439 2882 1524 2944 diec-

141 2971 232 3035 res?
258 2972 322 3045 Au,
347 2971 397 3050 qui
420 2971 622 3050 peritissimus
646 2992 714 3034 eras
738 2973 844 3034 harum
866 2991 975 3044 rerum,
1002 2973 1164 3034 etiamnum
1188 2969 1349 3033 dubitabas
1373 2970 1410 3033 de
1434 2969 1524 3032 rebus

141 3059 422 3121 evidentissimis?
477 3061 598 3122 lncerta
629 3061 683 3123 tibi
722 3062 884 3124 etiamnum
923 3069 990 3122 erat
1025 3059 1179 3140 proportio
1213 3056 1295 3120 Solis
1328 3057 1367 3119 ad
1399 3057 1523 3120 Terram

140 3149 284 3228 prodita
309 3147 350 3209 ab
374 3150 555 3210 astronomis
580 3157 610 3210 et
633 3158 778 3211 sexcenta
802 3149 991 3226 hujusmodi?
1038 3147 1071 3210 Si
1095 3148 1171 3210 haec
1191 3166 1242 3208 ars
1266 3165 1375 3208 causas
1390 3152 1523 3209 motuum

142 3236 342 3316 simpliciter
365 3235 494 3316 ignerat,
518 3245 682 3316 prepterea
707 3239 777 3318 quia
799 3238 871 3299 nihil
896 3237 1004 3312 credis,
1030 3236 1088 3298 nisi
1111 3235 1189 3316 qued
1212 3234 1307 3308 vides,
1332 3234 1403 3315 quid
1424 3234 1524 3296 medi-

143 3327 245 3388 cinae
271 3325 342 3398 fiet,
376 3324 406 3386 iu
430 3343 489 3404 qua
512 3325 578 3407 quis
601 3345 730 3407 uuquam
754 3326 886 3388 medicus
905 3344 1034 3390 ,oausam
1057 3323 1153 3387 morbi
1174 3324 1252 3385 vidit
1274 3323 1354 3384 intus
1377 3322 1525 3384 latentem

145 3415 264 3487 aliter,
295 3412 357 3474 uisi
381 3432 418 3474 ex
440 3413 537 3494 signis
561 3422 593 3476 et
615 3415 825 3496 symptomatis
849 3424 937 3476 extra
964 3431 1071 3493 cerpus
1100 3413 1130 3475 iu
1158 3431 1265 3475 seusus
1293 3409 1521 3484 incurrentibus,

145 3502 286 3582 perinde
311 3508 346 3562 ut
369 3509 560 3564 astronomus
584 3521 621 3564 ex
644 3504 801 3566 stellarum
824 3503 884 3564 situ
909 3500 1089 3583 aspectabili
1112 3501 1149 3562 de
1178 3500 1273 3562 ferma
1297 3506 1397 3561 motus
1420 3516 1522 3560 eorum

147 3591 372 3654 ratiocinatur.
420 3589 482 3652 Sed
505 3591 546 3653 ad
568 3592 677 3654 Ursum
701 3601 905 3654 revertamur:
939 3590 986 3654 cui
1015 3591 1070 3652 hee
1094 3590 1234 3651 detesto
1264 3607 1318 3650 sue
1347 3588 1428 3662 dice,
1462 3604 1523 3648 uou

150 3699 228 3742 esse
269 3679 350 3740 omui
386 3679 564 3758 exceptione
596 3679 750 3759 majorem.
806 3680 884 3741 Vult
915 3679 946 3741 in
979 3679 1085 3740 eadem
1116 3674 1305 3758 praefatione
1341 3674 1523 3754 persuadere

153 3769 280 3843 lectori,
306 3785 366 3828 uon
392 3767 485 3830 fuisse
508 3768 539 3830 in
564 3769 620 3832 bae
644 3768 798 3832 sententia
821 3765 1031 3847 Gepemieum,
1055 3784 1125 3828 vere
1140 3766 1264 3827 Terram
1287 3763 1408 3826 moveri.
1447 3762 1524 3826 Sta-

154 3857 213 3920 tim
238 3858 339 3937 ipsum
363 3848 393 3916 in
417 3856 518 3918 limine
537 3857 650 3919 refutat
672 3858 737 3936 ipse
754 3856 948 3936 Cepemicus.
995 3853 1156 3934 suggessit
1169 3854 1299 3916 Fuuceie
1320 3849 1521 3930 Chreuolego,

158 3947 186 4008 si
209 3947 286 4008 tides
309 3943 353 4006 illi
378 3943 443 4006 vire
467 3945 635 4020 tribuenda,
660 3965 718 4008 nen
743 3955 961 4024 retrogressurn
975 3962 1042 4006 esse
1057 3943 1160 4006 Solem
1174 3942 1202 4003 iu
1218 3941 1348 4020 gratiam
1361 3939 1522 4012 Ezechiae,

158 4036 213 4097 esd
243 4041 364 4096 tautum
396 4033 534 4095 umbram
562 4035 728 4113 gnomonis.
775 4032 872 4105 Quasi
899 4034 975 4096 baec
1008 4032 1046 4094 ab
1078 4031 1205 4092 invicem
1236 4029 1372 4109 separari
1400 4035 1522 4109 queant,

160 4143 225 4186 cum
255 4130 380 4186 constet
404 4141 443 4182 ex
474 4121 601 4183 lectione
630 4121 663 4186 S.
694 4121 881 4202 Scripturas,
915 4121 1127 4184 universaliter
1159 4117 1399 4180 animadversum
1429 4117 1523 4180 fuisse

163 4213 343 4276 miraculum.
394 4208 551 4272 Graviora
573 4211 716 4284 absurda,
751 4229 827 4290 quae
851 4211 906 4272 hec
929 4209 1021 4272 etiam
1044 4208 1195 4288 ingenium
1219 4223 1364 4284 occupare
1387 4213 1522 4285 potuere,

165 4303 288 4385 relinque
312 4301 387 4364 aliis
413 4299 612 4378 exquirenda.
659 4298 740 4371 Quid
763 4299 868 4361 mirum
891 4316 977 4378 ergo,
1011 4297 1037 4360 si
1065 4297 1094 4358 in
1119 4293 1249 4357 mathesi
1273 4312 1403 4374 qnoque,
1434 4311 1523 4372 quem

161 4395 264 4458 anana
287 4412 350 4455 uon
376 4388 544 4470 professus
563 4395 620 4462 est,
644 4387 837 4450 exorbitavit.
884 4385 1001 4450 Contra
1024 4404 1092 4449 curn
1113 4385 1190 4447 siste
1206 4382 1412 4454 Aristotelem,
1437 4380 1523 4459 cujus

156 4485 413 4550 existimationem
438 4476 480 4538 dc
506 4477 685 4540 astronomis
708 4477 797 4556 louge
819 4475 1052 4556 praeclariorem
1074 4491 1166 4552 supra
1188 4471 1286 4550 tetigi.

223 4579 297 4645 Nou
325 4580 383 4635 est
412 4573 524 4628 tamen
547 4565 794 4642 praetereundum
818 4573 850 4626 et
873 4564 1046 4633 notandum,
1069 4561 1164 4624 videri
1184 4557 1364 4622 Osiaudrum
1383 4553 1522 4615 simulate

142 4671 296 4756 scipsissc
332 4677 404 4724 non
438 4671 484 4716 ex
517 4651 607 4754 animi
628 4653 797 4728 sententia,
826 4672 912 4716 usum
935 4669 1040 4754 nempe
1064 4647 1270 4713 Ciceronianis
1294 4646 1331 4706 de
1354 4640 1524 4739 Republica

139 4762 284 4838 consiliis,
325 4765 408 4816 cum
439 4739 613 4822 Copemree
642 4749 789 4808 metueret
812 4741 943 4824 evulgo
973 4739 1234 4820 philosopherum,
1268 4752 1305 4796 ue
1333 4727 1522 4792 absurditate
