3542 5528
718 237 880 292 rma-em
1435 243 1473 308 'll

128 396 360 518 mamm
393 381 451 466 ego
481 399 544 450 tihi
574 399 790 450 conditionem
818 372 1035 464 optaremsat
1065 401 1137 466 quia
1166 401 1269 456 norit,
1294 399 1370 465 quid
1392 403 1486 458 sitia

189 589 227 642 Ad
243 589 309 640 haec
327 604 392 656 argo
408 591 533 658 Raptatus
549 593 677 658 respondit
693 592 760 644 hunc
777 593 803 642 tu
822 593 936 644 modum:

756 749 789 815 S.
813 752 849 814 P.

206 853 332 917 Literaa
358 855 457 929 Thus,
481 857 641 936 Magnifice
665 855 731 932 Vir,
756 853 787 921 9.
812 855 898 937 Sept.
923 857 995 920 mihi
1018 856 1164 932 traditas,
1189 877 1208 918 a
1230 866 1302 920 voto
1326 865 1359 919 et
1382 859 1485 921 fausta

125 943 300 1006 minatione
325 945 457 1024 iucipis3
481 945 528 1008 cui
551 965 679 1026 aequum
702 953 753 1008 est
773 945 913 1027 ἀπηχιιν.
1158 971 1163 981 ·

203 1031 358 1113 Equidem
381 1033 510 1114 optarim
534 1041 565 1095 te
589 1035 719 1096 l'atomm
747 1034 866 1096 illomm
891 1034 1058 1108 domiuum,
1093 1041 1146 1095 aaut
1178 1043 1260 1095 certe
1288 1034 1483 1114 interpretem

123 1129 151 1180 et
170 1120 392 1184 internuncium
417 1141 464 1184 me
487 1123 566 1184 inter
589 1131 621 1184 et
645 1122 700 1184 lati
725 1123 891 1186 dominum:
917 1143 985 1186 nam
1010 1124 1047 1184 de
1070 1132 1124 1184 tua
1147 1123 1176 1182 iu
1201 1141 1247 1184 me
1272 1121 1483 1187 benevolentia

123 1227 243 1289 aequum
268 1219 330 1282 est,
354 1231 403 1274 me
426 1229 543 1273 stimma
566 1212 668 1274 omnia
690 1229 823 1291 sperare.
855 1213 1044 1274 Moderatum
1069 1220 1100 1272 et
1123 1209 1360 1290 philosophicum
1383 1212 1412 1277 in
1429 1231 1483 1274 ac-

123 1298 255 1376 cipiendo
280 1299 417 1362 animum
440 1299 693 1379 deprehenderet,
726 1301 859 1380 quisquis
883 1319 971 1381 qnam
994 1299 1251 1380 speciosissimam
1279 1318 1419 1386 exercere
1443 1302 1484 1363 li·

122 1387 312 1451 beralitatem
337 1387 463 1468 satagit.
510 1389 613 1452 Prinm
636 1388 707 1450 mihi
730 1407 818 1463 cura,
851 1399 884 1452 ut
912 1396 1056 1471 quantum
1080 1389 1142 1451 lieri
1166 1395 1286 1468 potest,
1315 1407 1390 1450 uxor
1418 1407 1485 1451 msa

122 1483 237 1550 teneat,
273 1496 354 1557 quae
387 1477 498 1550 habet,
536 1477 626 1558 idque
653 1477 864 1556 patrimonium
887 1480 927 1540 ad
950 1495 1121 1540 communes
1151 1477 1260 1551 liberos
1283 1479 1482 1541 transmittat.

120 1563 234 1626 Etenim
279 1566 508 1646 speculationes
545 1566 669 1628 interitu
708 1566 843 1628 familiae
879 1567 1041 1639 redimere,
1085 1583 1179 1646 neque
1220 1566 1250 1627 iu
1292 1566 1484 1647 philosophia

121 1653 275 1716 honestum
310 1663 379 1730 est,
413 1673 508 1734 neque
538 1655 619 1734 pium
651 1655 681 1716 in
710 1655 866 1734 religione.
913 1657 986 1718 Inde
1016 1663 1171 1736 peteretur
1198 1673 1292 1716 coena
1314 1655 1483 1730 Platonica,

121 1741 309 1824 habitusque,
337 1743 550 1824 qui-maritum
575 1744 672 1806 decet.
719 1744 798 1808 Nam
823 1743 851 1806 in
876 1744 923 1806 his
947 1745 1062 1806 duobus
1086 1743 1235 1823 capitibus
1255 1743 1394 1806 consistit
1416 1753 1484 1806 stu-

122 1829 228 1894 diorum
253 1833 395 1894 libertas.
443 1831 503 1902 Qui
527 1841 615 1911 eget,
643 1833 752 1896 servit:
776 1841 811 1894 at
833 1833 884 1894 vix
909 1832 1065 1914 quisquam
1090 1839 1196 1911 sponte
1226 1832 1319 1893 servit
1342 1851 1481 1912 uuquam.

121 1917 201 1988 Quod
227 1921 413 1983 nativitates
437 1931 468 1982 et
493 1919 678 1984 Calendaria
701 1922 849 1984 interdurn
874 1922 991 1996 scribo,
1017 1941 1069 1994 ea,
1095 1939 1141 1982 me
1165 1919 1302 1995 Christe,
1326 1921 1481 1983 molestis·

121 2007 190 2068 sima
213 2009 287 2072 mihi
314 2009 446 2072 servitus
469 2017 539 2094 est,
558 2011 613 2072 sed
637 2011 824 2084 necessaria,
858 2028 895 2072 ue
928 2010 1044 2072 scilieet
1077 2011 1114 2073 ad
1140 2010 1229 2071 breve
1253 2018 1371 2089 tempus
1395 2010 1480 2084 liber,

121 2107 185 2173 post
208 2099 329 2178 turpius
353 2099 494 2160 serviam.
530 2100 637 2178 ltaque
660 2106 695 2160 ut
717 2099 862 2160 salarium
886 2117 1025 2172 annuum,
1050 2106 1084 2161 ut
1107 2099 1225 2172 titulum
1249 2106 1280 2158 et
1304 2099 1401 2160 locum
1426 2099 1481 2159 de-

123 2186 246 2257 lendam,
270 2188 539 2250 obsecundandum
563 2194 611 2249 est
635 2187 791 2268 imperitae
815 2188 996 2251 curiositati.

203 2275 266 2337 Sed
292 2276 332 2338 ad
358 2276 510 2338 desideria
532 2295 600 2337 mea
622 2285 767 2338 revertor.
811 2274 965 2357 Quidquid
989 2275 1060 2338 mihi
1084 2283 1267 2354 superesset,
1287 2274 1483 2353 jurejurando

121 2364 282 2439 sentirem,
318 2364 348 2425 iu
377 2365 479 2426 studia
509 2363 717 2445 philosophiae
748 2365 959 2444 impensumm.
1006 2365 1152 2426 Lectores
1176 2363 1300 2435 alerem,
1323 2372 1357 2425 ut
1379 2363 1484 2437 oculis,

119 2451 177 2530 jam
199 2453 452 2528 hebescentibus,
476 2462 510 2515 ut
533 2462 565 2515 et
588 2453 714 2534 tempori
742 2461 927 2533 parceretur.
974 2451 1107 2515 Nuncios
1132 2452 1200 2514 hino
1233 2453 1302 2513 inde
1335 2453 1485 2515 mitterem

123 2559 170 2618 pro
186 2541 281 2617 libris,
292 2561 348 2622 pro
364 2542 555 2604 consulendis
571 2541 683 2615 doctis;
700 2543 900 2604 instrumenta
913 2541 1115 2616 machinatam
1130 2541 1391 2603 observationibus
1408 2541 1484 2602 alios

124 2629 300 2705 adhiberem,
320 2631 347 2691 si
367 2631 463 2691 minus
478 2649 535 2709 ego
554 2631 731 2703 sufficerem,
746 2631 790 2692 sie
805 2639 837 2693 et
851 2629 1124 2712 computationibus
1141 2629 1233 2709 aliqui
1250 2631 1484 2692 destinarentur.

9 2809 10 2814 γ
124 2717 194 2780 b'am
213 2720 354 2800 legendo,
380 2720 580 2798 computando
603 2719 762 2799 plurimum
785 2720 904 2782 effundo
927 2719 1092 2799 spirituum,
1118 2719 1301 2796 speculando
1324 2737 1440 2798 parum.

203 2807 266 2870 Sed
292 2808 370 2870 haec
393 2827 467 2869 sane
490 2807 519 2870 in
543 2817 697 2888 potestate
722 2807 852 2887 supremi
876 2808 1006 2871 fatorum
1030 2805 1142 2898 donnini
1165 2807 1227 2868 sita
1249 2815 1330 2879 sunt,
1355 2807 1404 2887 qui
1424 2804 1484 2867 atei

124 2913 174 2956 uon
198 2916 244 2959 me
271 2895 388 2958 attollit
411 2897 517 2970 altius,
544 2896 621 2958 lacit
641 2896 673 2958 id
696 2897 799 2975 procul
824 2897 966 2958 dublein
991 2913 1087 2958 meum
1111 2895 1308 2964 commodum,
1322 2913 1360 2954 ne
1382 2895 1483 2974 inepte

47 2977 51 2990 '
125 3001 165 3043 me
185 3003 242 3065 pro
268 2987 469 3065 antesignano
493 2985 593 3066 aliquo
614 2985 800 3047 literatorum
825 2987 904 3046 serre
927 2984 1079 3065 incipiam.
1105 3013 1146 3026 ·-

186 3161 389 3212 Hernrtus
407 3161 430 3211 d.
450 3157 493 3209 2⁰.
511 3161 571 3211 Jun.
593 3159 662 3210 1600
681 3162 785 3212 nunciat
802 3161 924 3226 Keplsro:
944 3159 1035 3219 „th
1053 3160 1108 3210 dem
1127 3159 1167 3210 ich
1180 3158 1237 3210 dem
1249 3157 1330 3208 Herm
1351 3158 1391 3208 hcl
1403 3159 1484 3210 einata

124 3231 208 3282 metuar
227 3239 358 3298 geueateu
376 3231 470 3282 Dienar
489 3232 578 3282 etlicbe
597 3233 697 3282 Btteher
717 3232 895 3300 augaschlclt,
923 3231 959 3281 als
984 3232 1031 3282 bat
1057 3247 1084 3282 er
1110 3233 1157 3281 mir
1179 3231 1215 3279 ala
1237 3229 1370 3280 alodetum
1393 3243 1484 3296 anage-

125 3303 209 3364 hracht,
232 3305 267 3354 da
284 3319 312 3354 er
330 3304 379 3354 deu
397 3303 479 3353 Herm
498 3305 536 3353 nit
555 3303 684 3354 anhaimha
703 3303 872 3371 augetroffeu,
900 3302 1005 3353 eundern
1034 3303 1093 3352 daaa
1119 3318 1146 3352 er
1170 3301 1224 3351 sich
1243 3301 1283 3350 ain
1302 3299 1359 3350 Zeit
1375 3299 1436 3366 lang
1454 3315 1485 3349 au

126 3371 389 3507 Μίἒῖςιῖξέῗέᾗ,
408 3443 466 3495 dass
485 3443 529 3494 der
547 3417 611 3494 Herr
628 3446 667 3497 bel
686 3445 767 3495 Herm
785 3443 870 3507 Tycha
889 3443 972 3494 Brahe
996 3445 1050 3494 rich
1072 3443 1209 3502 belunden,
1231 3442 1278 3492 hat
1300 3456 1328 3492 er
1352 3455 1398 3507 gar
1422 3440 1486 3491 vahl

126 3515 169 3566 und
185 3517 256 3568 maht
274 3515 370 3582 gathan
388 3517 440 3566 und
457 3517 523 3566 vird
535 3516 577 3566 ibn
596 3519 634 3568 uit
652 3531 736 3567 renen.
774 3516 856 3566 Wann
875 3515 957 3564 rneiue
976 3513 1075 3565 Sachen
1094 3531 1121 3564 so
1140 3513 1283 3564 beschaffeu
1301 3519 1400 3572 uttan,
1427 3513 1486 3564 dart

125 3587 160 3636 ich
175 3590 291 3640 ahreiaen
308 3588 413 3648 tanna,
432 3587 491 3637 uolt
509 3586 548 3637 ich
568 3589 605 3637 nit
623 3587 787 3646 unterlasren,
807 3585 851 3636 lue
868 3586 953 3636 Herm
970 3585 1053 3636 Brahe
1072 3601 1103 3636 au
1122 3585 1256 3636 beauchen.

187 3730 355 3794 Koplarus
374 3729 399 3780 d.
419 3727 442 3777 d.
464 3725 507 3777 tt.
526 3727 576 3779 Jul.
599 3725 667 3778 root
685 3727 827 3792 respondit:

758 3887 790 3950 S.
817 3888 850 3951 Ρ.

203 3995 368 4074 Nunquam
393 3993 622 4073 opportuniores
646 3992 685 4054 ad
709 4011 755 4054 me
779 3991 885 4068 literas
909 3989 1037 4052 misistis
1060 3989 1099 4052 N.
1126 3998 1157 4050 et
1172 3989 1215 4050 M.
1233 3989 1298 4064 Vir,
1323 4007 1412 4068 quam
1430 3987 1487 4050 hoc

126 4081 183 4166 ipso
207 4093 363 4164 tempore,
401 4101 459 4163 quo
487 4081 524 4142 de
556 4081 650 4149 totius
673 4081 811 4143 instituto
835 4081 917 4142 vitae
945 4077 1184 4158 ingratissima
1207 4095 1312 4140 versor
1336 4077 1487 4139 delibera-

126 4173 208 4234 tione.
255 4171 380 4234 Etenim
408 4190 460 4232 eas
493 4167 689 4232 humanitatis
723 4178 754 4232 et
791 4168 1019 4232 benevolentiae
1049 4165 1077 4228 in
1102 4185 1148 4228 me
1172 4167 1407 4246 significationes
1431 4183 1487 4224 ex-

126 4260 277 4324 bibuemnt
304 4279 420 4334 omnes,
445 4277 519 4338 quas
544 4258 582 4320 ad
607 4277 652 4319 me
677 4257 826 4339 scripsisti
851 4257 1009 4338 epistolae,
1034 4264 1068 4317 ut
1091 4275 1220 4336 sperem,
1238 4273 1285 4317 me
1305 4273 1362 4316 non
1378 4252 1488 4313 saltem

124 4351 288 4412 consultore
313 4359 356 4422 te,
383 4348 553 4410 sedetiam
578 4347 716 4427 adjutore
741 4347 869 4409 feliciter
892 4363 1023 4408 usumnr.

205 4441 284 4502 Nam
311 4446 347 4500 ut
372 4437 411 4498 ad
435 4437 490 4498 has
515 4437 636 4498 ultimas
660 4443 730 4497 tuas
755 4437 860 4498 literas
884 4433 936 4497 20.
961 4433 1031 4494 Jun.
1057 4433 1156 4504 datas,
1182 4431 1284 4501 (binas
1305 4427 1382 4489 enirn
1398 4423 1487 4496 alias,

128 4523 169 4589 ll.
194 4527 269 4590 Dec.
297 4534 330 4588 et
363 4525 410 4586 lQ.
431 4525 520 4586 Mart.
545 4525 676 4606 scriptas
700 4525 818 4586 donnum
843 4543 981 4586 reversus
1005 4521 1117 4601 reperi)
1151 4518 1245 4598 primo
1275 4519 1339 4578 loco
1359 4529 1486 4610 requn-
1565 4527 1567 4532 ’

125 4617 212 4692 deam,
238 4618 283 4681 sic
309 4625 371 4688 est,
398 4621 431 4676 ut
455 4614 591 4694 conjicis,
616 4615 655 4675 ad
680 4613 735 4676 lll.
759 4615 804 4676 ld.
829 4613 899 4675 Jau.
948 4609 1058 4672 Gratio
1081 4605 1219 4675 discessi,
1244 4603 1412 4698 Tycbopem
1437 4615 1487 4656 m-

123 4705 251 4781 tisums,
284 4712 318 4766 et
354 4721 423 4766 cum
452 4701 569 4784 Progne
601 4721 655 4784 per
691 4703 808 4783 aliquot
835 4701 899 4762 dies
923 4698 1104 4770 haesissem,
1134 4693 1254 4754 tandem
1278 4689 1373 4752 Noms
1396 4683 1487 4750 Febr.
