3698 5516
787 274 949 327 monentem
1484 273 1548 340 233

159 431 241 480 huno
253 429 345 482 libello
359 433 458 494 edidit,
481 449 589 488 manea
602 439 668 495 sunt,
690 450 737 488 nec
759 435 835 488 etiam
857 449 889 486 ca
910 437 966 502 ipsa
977 435 1101 504 iutelligit,
1124 437 1161 488 ita
1185 441 1294 500 atquae
1313 436 1452 487 bonasunt
1472 438 1497 487 ia
1511 451 1549 496 eo,

162 503 213 565 ipse
233 501 309 552 laima
333 507 423 556 verbis
446 513 576 572 proponat
613 507 697 558 Multa
719 507 863 572 a'l'ychone
882 507 959 558 habet
981 514 1007 558 et
1026 523 1070 574 pro
1092 510 1142 560 suis
1161 507 1282 568 venditat,
1304 521 1368 573 qnae
1386 509 1412 557 in
1425 507 1550 571 Tychonls

165 571 224 622 libro
246 575 295 623 tihi
317 579 475 627 monstrari.
524 579 711 644 Triangulomm
737 581 813 643 ipsine
836 580 949 629 doctrina
968 579 1029 628 nihil
1051 578 1209 630 memorabile
1230 578 1307 628 hahet
1334 579 1399 644 quod
1420 595 1470 628 nou
1492 579 1550 629 alibi

167 643 254 694 nudius
267 647 396 710 scriptum
409 655 501 700 antea
539 649 610 710 Quae
631 665 689 700 vero
708 651 733 700 iu
747 664 778 700 ea
791 650 922 701 observatu
941 650 1019 716 digna
1030 655 1097 707 sunt,
1118 651 1171 715 ipse
1194 665 1245 700 non
1262 649 1384 715 intelligit,
1407 650 1463 700 ideo
1486 650 1549 700 ialse

171 721 197 766 et
214 717 302 780 inepte
321 721 454 783 proponit.
491 719 581 770 Mirum
596 736 661 786 ergo
673 721 733 770 mihi
746 721 877 779 rideretur,
900 723 922 770 ei
942 736 958 771 a
977 727 1003 770 te
1024 735 1097 786 super
1118 727 1187 772 aetra
1209 723 1244 772 sic
1262 720 1413 770 eveheretur.
1450 721 1548 786 Dignus

173 789 257 852 inque
270 795 351 848 esest.
375 797 406 840 ut
418 797 509 842 contm
520 793 599 856 ipanm
613 799 639 843 te
651 806 780 857 purgares,
800 793 865 858 quod
885 797 931 844 tua
951 791 1108 844 humanitate
1130 798 1261 856 tantopere
1275 793 1393 848 abutitur.
1414 793 1472 857 qnia
1493 807 1550 844 rere

174 873 224 909 uon
236 860 321 922 medo,
339 867 367 911 te
388 862 529 913 htiusmodi
551 865 702 913 ornamentis
723 865 803 928 ipsum
819 865 895 914 iuisae
919 863 1056 930 agnatum.
1079 863 1111 924 (E
1130 863 1208 914 literis
1227 863 1250 914 d.
1271 863 1294 912 d.
1317 859 1357 912 il.
1375 863 1425 913 Jul.
1445 861 1500 923 98.)

249 1000 347 1061 unum
369 1001 532 1068 Keplerns
550 1003 614 1055 haec
633 1004 761 1068 respondit
782 1001 825 1066 (ex
844 1019 883 1069 ep.
906 1005 930 1054 d.
953 1001 976 1054 9.
992 1003 1055 1054 Deo.
1077 1001 1110 1054 98
1133 1005 1201 1054 data.
1235 1003 1321 1069 Gomp.
1340 1022 1364 1070 p.
1385 1001 1418 1053 39
1438 1009 1464 1055 et
1482 999 1549 1060 til:

268 1144 423 1225 Tychonis
447 1144 552 1207 literas
575 1146 706 1208 nondum
722 1146 806 1233 ridi,
826 1165 960 1208 mearum
984 1146 1023 1208 ad
1047 1145 1131 1208 illum
1155 1147 1312 1226 exemplar
1335 1147 1415 1227 apud
1437 1153 1468 1209 te
1492 1165 1548 1208 ex-

178 1239 264 1296 stare
288 1231 418 1313 gaudeo.
463 1235 542 1295 Nam
566 1235 798 1315 prodigus'sum
821 1233 989 1298 verborum.
1037 1233 1154 1314 Scripsi
1168 1236 1320 1314 proiecto,
1346 1253 1403 1316 quo
1422 1255 1470 1296 me
1493 1255 1548 1296 ca-

176 1322 279 1382 lamus
313 1322 457 1396 ducebat,
492 1331 598 1384 contra
629 1323 781 1402 quemad
814 1331 932 1385 tautum
955 1324 1051 1386 virum
1080 1324 1189 1386 decuit.
1236 1323 1348 1386 Earum
1380 1325 1457 1386 adeo
1490 1343 1549 1385 uon

177 1410 304 1472 memini
328 1411 466 1490 amplius.
514 1413 639 1475 Utinam
662 1412 842 1474 observator
865 1412 1116 1492 diligentissimus
1141 1413 1212 1474 olim
1235 1433 1320 1475 ame
1335 1420 1436 1476 motae
1461 1411 1550 1475 dubi·
1613 1431 1618 1438 ·

178 1499 309 1561 tatioms
333 1499 371 1560 de
400 1499 468 1560 faris
502 1501 683 1563 mentionem
708 1501 832 1562 laceret.
881 1499 1051 1562 Observavi
1081 1520 1136 1581 ego
1165 1501 1317 1579 triangulo
1342 1502 1408 1564 rudi
1433 1501 1551 1583 (qualia

180 1589 266 1649 fuere
281 1587 528 1650 Patriarcharum
551 1589 696 1651 adiluvio
711 1590 846 1670 tuguria)
876 1587 967 1654 1597.
989 1589 1124 1663 Octobri,
1151 1588 1323 1663 Decembri,
1351 1587 1445 1654 1598.
1462 1591 1549 1652 Mar-

180 1676 235 1750 tio,
260 1675 445 1756 Septembri.
491 1677 625 1740 Primam
644 1678 753 1740 falsam
769 1679 863 1740 tuisse
886 1698 1050 1740 consensus
1070 1677 1258 1758 sequentium
1288 1685 1429 1741 testatur.
1468 1679 1548 1740 Nam

180 1766 209 1828 si
232 1783 293 1845 qua
318 1773 368 1828 est
389 1766 559 1828 differentia
582 1766 751 1829 altitudinis
774 1767 899 1829 lixarum
924 1767 1052 1831 diversis
1077 1767 1148 1828 anni
1167 1767 1360 1847 temporibus,
1385 1767 1440 1829 illa
1453 1766 1550 1830 minor
1601 1781 1603 1786 ·

181 1861 231 1916 eet
254 1861 408 1936 ¹sextante
437 1855 564 1934 gradus3
597 1875 668 1917 uam
701 1857 868 1936 quadrante
900 1875 966 1918 meo
1001 1855 1141 1935 scrupula
1166 1857 1335 1918 consectari
1366 1875 1423 1918 non
1454 1855 1551 1935 potui.

181 1943 250 2023 Ego
274 1945 347 2005 v'ero
379 1944 536 2024 exprime
564 1944 643 2006 falsa
673 1944 885 2007 observatione
912 1944 1033 2024 putavi,
1066 1944 1264 2006 differentiam
1293 1947 1357 2006 lore
1392 1945 1548 2006 semissem

182 2033 310 2112 medus.
358 2031 392 2094 Si
413 2033 444 2092 in
467 2033 572 2113 primis
596 2040 629 2094 ct
650 2035 787 2111 panibus
810 2033 897 2112 primi
921 2035 1085 2114 majoribus
1105 2033 1188 2094 nulla
1207 2041 1255 2094 est
1271 2033 1451 2106 differentia,
1477 2053 1549 2095 sane

182 2131 216 2181 et
238 2139 297 2200 ego
322 2120 481 2201 plurimum
506 2123 656 2196 moyebor.
705 2120 782 2193 Quis
806 2123 884 2184 euim
908 2124 1027 2196 credat,
1059 2129 1177 2183 tantam
1202 2141 1269 2183 esse
1292 2123 1418 2184 fixarum
1442 2121 1550 2184 altitu-

183 2210 295 2271 dinem.
324 2214 440 2282 (Spectat
452 2218 490 2267 his
502 2218 625 2284 Keplerns
637 2220 821 2270 obseruationes
834 2220 922 2271 stellae
934 2220 1034 2286 polaris,
1048 2235 1112 2284 quae
1124 2219 1240 2284 teguntur
1252 2214 1330 2283 supra
1340 2235 1365 2283 p.
1381 2215 1436 2281 ⁴2.)

273 2298 325 2360 Ad
348 2299 488 2361 Ursum
515 2298 622 2378 scripsi
658 2319 735 2361 anuo
761 2297 812 2364 95.
843 2309 980 2376 aestate,
1015 2301 1187 2381 priusquam
1212 2300 1381 2380 Tubingam
1405 2301 1549 2362 venirem.

183 2387 309 2468 Inpulit
332 2406 379 2449 me
404 2387 524 2467 quidam
548 2407 586 2449 ex
608 2389 782 2467 proceribus
806 2390 974 2470 Waganus,
995 2389 1043 2470 qui
1069 2408 1134 2450 cum
1159 2388 1292 2452 crebrius
1316 2389 1449 2470 Pragam
1472 2411 1549 2451 veu-

184 2475 266 2547 titet,
298 2476 328 2537 in
353 2476 483 2538 hominis
515 2477 655 2539 notitiam
679 2478 763 2539 venit
792 2497 918 2560 eumque
948 2478 1068 2559 plurimi
1101 2479 1184 2540 iecit.
1232 2479 1455 2558 Argumentum
1486 2479 1549 2540 tale

184 2566 259 2637 fere,
283 2564 373 2646 quale
396 2565 427 2626 in
452 2563 602 2646 Tychouis
626 2566 770 2644 epistola:
800 2587 867 2629 cum
891 2567 932 2628 sit
955 2567 1001 2629 vir
1023 2567 1142 2647 publice
1166 2573 1273 2640 notus,
1300 2587 1337 2629 ex
1361 2568 1445 2646 cujus
1471 2568 1548 2629 sori-

183 2654 245 2734 ptis
279 2653 396 2715 discam
429 2655 588 2733 (quantum
611 2653 709 2717 obiter
740 2655 888 2718 volvendo
922 2656 1089 2735 intelligere
1122 2657 1306 2736 potuerim),
1340 2655 1407 2716 ideo
1436 2675 1483 2717 me
1516 2663 1550 2717 ut

184 2741 365 2821 discipulum
388 2750 420 2803 et
439 2741 582 2820 juvenem
606 2743 735 2822 abipso
759 2746 873 2824 majore
903 2751 1006 2807 aetate
1030 2753 1133 2825 petere
1158 2763 1314 2806 censuram
1339 2763 1428 2822 super
1451 2763 1548 2823 nego-

184 2831 225 2894 tio
249 2828 271 2894 5
296 2848 463 2910 corporum,
490 2832 567 2910 quod
590 2831 780 2911 paucissimis
804 2833 904 2896 verbis
928 2841 960 2895 et
982 2833 1114 2895 numeris
1139 2832 1299 2894 delineari.
1348 2833 1381 2893 Si
1407 2831 1477 2911 quid
1501 2831 1549 2892 hic

184 2928 233 2982 est
255 2919 453 2990 adulationis,
477 2920 540 2998 ejus
564 2922 681 2999 culpam
705 2920 784 3000 gerit
807 2923 949 3002 splendor
973 2924 1059 2984 aulae
1085 2921 1272 2996 Caesareae,
1297 2929 1329 2981 et
1352 2921 1418 2998 ejus
1444 2927 1548 2981 secta-

185 3017 241 3084 tor,
275 3027 361 3069 meus
390 3009 490 3069 fautor
512 3008 679 3088 Waganus.
725 3010 802 3072 Post
834 3011 1046 3092 sesquiannum
1077 3010 1248 3088 respoudit,
1283 3009 1468 3087 exemplaria
1490 3009 1548 3070 mei

185 3097 278 3160 libelli
303 3105 423 3175 petens,
447 3095 586 3176 misitque
602 3098 827 3176 chronologiam
851 3119 935 3162 suam
953 3101 981 3160 iu
1002 3101 1099 3161 forma
1115 3098 1243 3181 patenti.
1287 3097 1455 3176 Rescripsi,
1480 3096 1548 3159 misi

185 3187 383 3265 exemplaria.
432 3185 547 3246 Laudis
576 3186 601 3247 si
626 3185 696 3266 quid
717 3186 819 3250 addidi
845 3189 938 3268 (quod
963 3189 1079 3261 nescio,
1112 3205 1182 3248 nam
1206 3207 1224 3248 a
1247 3193 1278 3248 te
1307 3186 1395 3248 modo
1420 3186 1548 3248 descen-

186 3269 322 3355 deram),
351 3274 383 3335 id
407 3274 521 3335 factum
545 3293 653 3335 censeo
681 3283 804 3356 propter
832 3277 947 3356 priores
979 3279 1094 3340 literas.
1142 3275 1224 3337 Movi
1247 3275 1394 3355 quaedam
1418 3275 1549 3336 chrono-

186 3363 300 3444 logica,
326 3363 448 3442 placere
471 3363 543 3424 mihi
568 3363 643 3438 diri,
678 3365 756 3444 quod
779 3384 836 3425 non
862 3373 1006 3446 aequatur
1028 3364 1152 3427 fictitios
1175 3365 1244 3427 illos
1268 3372 1398 3426 autores.
1445 3363 1549 3424 Mirari

186 3471 230 3514 me
255 3451 318 3515 dixi
341 3451 537 3530 multiplicem
561 3452 624 3532 ejus
649 3453 820 3528 lectionem,
845 3455 894 3533 qui
919 3455 1144 3534 chronologiam
1168 3453 1260 3516 talem
1284 3453 1416 3516 scribere
1438 3460 1548 3531 potue-

186 3542 232 3606 rit.
280 3541 363 3603 Petii
387 3539 524 3602 omnibus
547 3541 655 3613 modis,
679 3549 713 3603 ut
735 3561 892 3604 censuram
915 3543 944 3617 in
970 3543 1104 3606 libellum
1127 3561 1224 3606 meum
1238 3543 1309 3606 mihi
1325 3542 1437 3604 mittat.
1477 3541 1549 3603 ldeo

185 3631 262 3693 enim
293 3630 468 3691 institutam
500 3629 747 3708 publicationem,
780 3642 815 3694 ut
838 3652 905 3695 cum
937 3651 1035 3693 rerum
1063 3631 1167 3694 barum
1192 3632 1357 3694 scientibus
1387 3630 1547 3709 disputem.

185 3717 297 3794 oravi,
333 3725 368 3780 ut
391 3717 527 3799 Tychoui
554 3719 658 3781 mittat
680 3721 1003 3801 exemplar‚(ejusque
1033 3741 1139 3802 opera,
1175 3721 1283 3800 siqua
1317 3719 1443 3793 habeat,
1477 3717 1549 3780 mihi

184 3809 289 3871 mittat
322 3806 398 3868 meis
431 3807 569 3870 nummis.
617 3809 742 3883 Postea,
777 3817 848 3872 ante
874 3827 983 3872 annum
1007 3811 1125 3890 opinor,
1157 3827 1221 3871 oum
1247 3808 1319 3870 nihil
1340 3807 1545 3886 responderet,

184 3905 343 3960 atteram
367 3903 472 3970 nostro
496 3897 676 3970 monetario,
701 3897 750 3977 qui
773 3899 892 3979 Pragae
917 3907 998 3974 erat,
1023 3917 1069 3960 me
1093 3898 1265 3973 laudasset,
1290 3915 1407 3958 rursum
1430 3895 1549 3976 scripsi,

183 4005 295 4066 urgens
318 3983 450 4064 petitam
474 4003 639 4047 censuram.
685 3985 876 4067 Exprobravi
905 3988 964 4066 ipsi
987 3994 1215 4066 praeposteram
1245 3985 1475 4059 abstinentiam,
1500 3985 1550 4066 qui

182 4093 321 4137 nummos
354 4094 373 4134 a
406 4069 540 4135 Caesare
573 4082 714 4155 acceptos
748 4078 847 4140 soleat
879 4078 928 4149 (ut
958 4075 1007 4137 hic
1031 4076 1172 4155 ajehaut)
1205 4077 1356 4137 remittere
1391 4073 1448 4144 illi,
1483 4093 1550 4135 cum

180 4170 288 4242 posset
312 4162 351 4224 iis
374 4161 554 4225 benefacere
577 4164 744 4226 studiorum
768 4166 928 4227 eorundem
943 4165 1108 4228 cultoribus
1128 4172 1160 4225 et
1178 4163 1259 4226 mihi.
1306 4165 1390 4225 Haec
1405 4163 1549 4244 itajocu-

181 4252 299 4316 lariter.
348 4250 411 4313 Sed
441 4249 515 4312 nihil
542 4252 707 4330 respondit.
756 4251 789 4314 Si
814 4252 884 4333 quid
907 4253 952 4315 illi
985 4254 1014 4316 in
1040 4272 1075 4315 os
1099 4273 1163 4314 sum
1194 4253 1327 4315 locutus:
1362 4250 1548 4323 malefacit,

180 4343 228 4422 qui
253 4341 285 4404 id
310 4341 350 4402 ad
375 4357 448 4401 snos
471 4357 573 4400 mores
594 4347 626 4402 et
648 4341 779 4402 animum
801 4342 905 4415 trahit,
931 4343 1010 4423 quod
1030 4361 1086 4422 ego
1111 4342 1230 4422 ingenio
1255 4340 1356 4404 tribui.
1401 4338 1487 4402 Nihil
1511 4338 1550 4398 ad

179 4449 226 4493 me
249 4429 409 4512 pertinuit,
438 4425 508 4508 quid
532 4428 582 4490 ille
606 4429 732 4492 furatus
747 4449 786 4492 ex
808 4431 935 4493 aliorum
957 4431 1110 4493 laboribus
1134 4439 1226 4504 esset,
1251 4429 1449 4508 exprobrare:
1473 4443 1548 4486 cau-

181 4539 246 4584 sam
278 4537 381 4584 meam
417 4516 477 4598 egi.
525 4515 586 4580 Sed
610 4517 685 4581 bene
710 4519 820 4582 habet:
855 4520 904 4600 qui
932 4519 1108 4599 discipulum
1132 4539 1165 4581 se
1189 4520 1255 4598 ejus
1285 4517 1440 4597 professus
1473 4519 1548 4578 erat.

179 4629 245 4674 eum
262 4610 403 4692 judicem
428 4624 464 4668 se
491 4606 568 4668 inter
592 4615 623 4669 et
637 4607 810 4690 Tychonem
833 4607 952 4688 publice
977 4615 1122 4670 ostentat.
1171 4605 1316 4670 Gratulor
1339 4602 1410 4664 mihi
1434 4601 1470 4662 de
1489 4599 1548 4660 ho-

179 4719 247 4763 nore
272 4715 435 4772 concesso,
462 4713 521 4775 quo
544 4696 574 4757 iu
592 4705 745 4778 postemm
768 4703 838 4760 utar
861 4697 998 4760 candide.
1044 4696 1233 4776 Discipulnm
1248 4692 1351 4759 audiit,
1376 4689 1445 4770 quid
1461 4688 1547 4750 errul-
1649 4729 1652 4738 .

179 4791 249 4853 tat?
292 4790 329 4855 Si
360 4785 507 4872 judicem
536 4803 580 4847 ms
614 4787 814 4876 appellasset,
850 4788 953 4854 forsan
982 4785 1063 4854 aliud
1087 4785 1240 4871 quippiam
1268 4779 1425 4843 audiisset.
1473 4774 1549 4840 Cum
