3586 5518
676 273 758 340 Caput
773 273 839 326 xix.
858 275 911 328 XX.

675 485 794 584 Caput
819 483 910 564 XX.

433 644 524 724 Quae
543 643 587 707 sit
603 643 769 727 proportio
787 652 928 708 mearum
946 645 991 708 ud
1013 647 1110 709 orbes.
1126 649 1153 722 ⁸)

198 785 302 866 Atque
326 786 477 848 hactenus
502 785 619 866 quidem
642 785 814 864 expeditum
838 794 886 850 est
910 798 1117 867 argumentum
1141 789 1223 865 illud,
1250 809 1307 869 quo
1323 809 1379 871 ego
1402 795 1471 873 plu-

118 874 216 935 rimum
247 874 368 936 roboris
403 875 502 938 afferri
528 882 601 955 puto
631 875 750 936 noratis
779 875 1014 956 hypothesibus,
1049 879 1359 958 demonstratumque,
1393 885 1471 962 quod

117 964 302 1041 proportione
327 963 458 1044 quinque
481 961 662 1044 regularium
685 981 840 1042 corporum
866 965 1020 1027 utantur'
1003 988 1179 1042 αποςηματα
1194 967 1330 1028 orbium
1322 989 1351 1030 ru
1373 970 1471 1052 hypo-

117 1051 246 1113 thesibus
268 1050 440 1134 Cuperuici.
475 1053 641 1114 Videamus
666 1053 765 1122 modo,
790 1060 888 1114 utrum
911 1054 1008 1115 altero
1032 1055 1125 1117 etiam
1143 1063 1319 1134 argumento
1344 1077 1381 1119 ex
1404 1079 1472 1122 mo-

116 1141 188 1202 tibus
211 1141 344 1203 deducto
367 1141 486 1221 possint
508 1151 540 1204 et
562 1137 658 1202 novae
677 1141 866 1242 hypotheses
889 1150 921 1204 et
944 1142 1032 1204 hae
1022 1163 1108 1224 ipsae
1130 1144 1245 1206 orbium
1271 1141 1471 1210 dimensiones

116 1229 336 1308 Cepernieanae
360 1231 537 1304 confirmari,
561 1239 652 1311 atque
676 1229 705 1291 in
728 1230 920 1310 proportione
944 1241 1076 1294 motuum
1100 1231 1179 1314 ad’
1160 1254 1336 1312 αποςηματα
1359 1238 1471 1300 certior

115 1318 186 1380 ratio
208 1338 247 1380 ex
272 1318 452 1403 Oopernieo,
478 1338 567 1400 quam
591 1337 629 1378 ex
654 1318 775 1380 usitatis
799 1319 1026 1399 hypothesibus,
1052 1321 1164 1385 haberi.
1212 1319 1282 1394 Qua
1300 1323 1330 1386 iu
1345 1345 1376 1387 re
1401 1327 1470 1388 duur

115 1409 322 1486 amplitudines
347 1409 460 1470 orbium
489 1407 641 1487 proximas
665 1405 882 1487 Ceperuieanis
911 1427 948 1469 ex
971 1418 1104 1472 motuum
1127 1417 1302 1489 reprobarem
1326 1416 1470 1494 tempori·
1509 1437 1512 1447 ¹

115 1497 163 1558 bus
185 1497 263 1558 bene
289 1497 421 1578 coguitis
446 1506 579 1571 exstruo,
605 1496 672 1556 lave
698 1496 795 1558 iacilis
811 1496 922 1559 Uranie
945 1498 1144 1577 pulcherrimo
1164 1502 1293 1577 conatui,
1318 1512 1388 1566 tuus
1407 1505 1471 1584 jam

115 1586 199 1648 honos
222 1587 336 1666 agitur.

193 1676 331 1736 Primum
360 1691 463 1736 omnes
492 1679 615 1752 optant,
649 1681 682 1734 ut
711 1691 767 1754 quo
793 1674 907 1753 longius
936 1675 1062 1755 quilibet
1094 1676 1176 1738 orbis
1204 1677 1292 1740 abest
1322 1701 1341 1740 a
1364 1680 1470 1756 medio,

114 1773 191 1825 tauto
219 1765 351 1826 tardiori
378 1770 461 1826 motu
490 1763 620 1822 incedat.
661 1761 746 1824 Nihil
774 1763 852 1824 euim
883 1763 991 1824 rationi
1024 1765 1121 1844 magis
1150 1773 1198 1828 est
1226 1776 1470 1845 cousentaneum,

115 1861 187 1914 teste
209 1853 312 1916 Arist.
343 1853 395 1914 lib.
419 1851 459 1913 II.
485 1851 521 1912 de
547 1848 639 1912 Coelo
663 1869 729 1929 cap.
758 1847 808 1915 10.
838 1871 925 1931 quam
959 1875 1033 1915 κατα
1060 1858 1145 1932 loyor
1167 1861 1313 1934 yspsudcr
1334 1881 1388 1928 τας
1410 1853 1472 1921 isa·

115 1963 162 2014 coo
187 1964 313 2020 43343344
338 1963 401 2012 τοις
428 1939 609 2016 ἀποςημασι.
656 1937 724 2010 Quo
754 1940 818 2001 loco
847 1941 907 2002 etsi
934 1941 1131 2022 philosophus
1160 1944 1289 2007 alienam
1317 1947 1405 2010 affert
1433 1950 1471 2010 ab

116 2031 248 2092 instituto
277 2039 384 2092 nostro
414 2030 562 2091 rationem
592 2027 734 2100 alteram,
768 2029 886 2092 scilicet
914 2031 1157 2109 impedimentum
1192 2033 1230 2094 ab
1263 2037 1471 2099 occursatione

115 2118 309 2198 pernicissimi
332 2119 421 2199 primi
445 2117 577 2190 mobilis,
611 2124 712 2179 tamen
737 2127 769 2178 et
797 2119 895 2180 altera
922 2119 1038 2182 ratione
1061 2139 1116 2200 pro
1144 2141 1190 2184 me
1219 2123 1315 2185 adhuc
1343 2134 1376 2185 et
1405 2134 1472 2188 tota

115 2209 263 2270 sententia
288 2218 395 2270 contra
417 2206 624 2268 Ptolemaeum
648 2214 812 2287 contraque
838 2227 870 2269 se
894 2207 991 2288 ipsum
1014 2210 1135 2272 militat.
1181 2211 1288 2274 Placet
1316 2211 1359 2275 illi
1383 2234 1470 2276 naru-

115 2317 174 2378 que,
196 2307 302 2360 motus
326 2295 543 2376 aequalitatem
566 2317 585 2358 a
612 2296 775 2357 unctoribus
800 2295 829 2357 in
853 2315 956 2358 omues
980 2299 1068 2360 orbes
1089 2299 1199 2375 venire,
1223 2301 1470 2382 inaequalitatem

116 2387 221 2448 reditus
245 2387 284 2450 ab
309 2387 431 2449 orbibus
455 2384 530 2464 ipsis
554 2385 687 2446 causari:
713 2392 746 2445 ut
769 2382 893 2446 Saturni
917 2386 1035 2466 quidem
1060 2388 1212 2468 quaelibet
1231 2388 1381 2469 particula
1404 2401 1468 2454 tam

116 2477 150 2536 sit
176 2476 281 2548 velox,
318 2493 408 2556 quam
436 2483 485 2535 est
512 2473 613 2535 infima
640 2473 745 2534 Lunae
777 2474 909 2554 sphaera
940 2475 970 2534 vi
998 2477 1138 2540 motionis
1166 2480 1316 2559 aequalis:
1349 2481 1403 2543 sed
1427 2482 1470 2544 illi

114 2565 169 2642 jam
192 2565 324 2636 accidat,
350 2563 535 2642 etamplius
559 2571 651 2624 nacta
673 2561 813 2641 spatium,
838 2581 904 2624 curn
927 2582 985 2624 uon
1009 2565 1131 2628 citatior
1153 2567 1195 2628 sit
1209 2567 1328 2642 ceteris,
1354 2571 1470 2632 tardius

117 2654 226 2716 redeat.
277 2653 375 2734 Atqui
408 2652 505 2714 viliori
538 2652 595 2712 bae
627 2651 812 2731 aequalitate
844 2652 1041 2732 philosophus
1073 2653 1102 2715 in
1137 2665 1271 2718 veterum
1307 2659 1470 2722 traditione

117 2743 199 2822 potiri
218 2761 277 2804 non
302 2741 417 2823 potuit,
443 2741 513 2822 quia
536 2759 661 2802 necesse
685 2748 765 2816 erat,
791 2748 824 2803 ut
846 2741 942 2802 tribus
964 2742 1096 2821 planetis
1120 2744 1320 2824 inaequalium
1344 2747 1469 2822 orbium,

117 2832 186 2906 soii,
211 2831 341 2906 Veneri,
366 2829 516 2893 Mercurio
540 2831 682 2909 aequales
707 2830 821 2890 reditus
845 2831 1029 2907 tribuerent,
1054 2841 1143 2911 atque
1167 2835 1211 2894 sic
1235 2853 1353 2914 semper
1376 2855 1469 2915 supe-

117 2921 218 2982 riorem
241 2923 270 2982 in
295 2920 369 2982 orbe
393 2938 446 2980 suo
470 2917 639 2980 citatiorem
664 2919 818 2980 efficerent
832 2918 973 2982 inferiori.
1020 2922 1054 2982 ln
1071 2919 1237 3002 Coperuico
1255 2924 1352 3001 prima
1371 2926 1469 2987 fronte

118 3011 183 3071 talis
208 3011 296 3072 oliert
320 3029 388 3070 sese
411 3007 574 3088 proportio.
621 3007 701 3070 uam
723 3023 777 3069 sex
800 3007 914 3070 orbium
929 3007 1082 3071 mobilium
1101 3029 1218 3090 semper
1242 3013 1291 3092 qui
1315 3013 1470 3092 augustior

117 3107 168 3172 est,
193 3100 281 3160 eitius
304 3098 395 3160 redit.
442 3097 585 3158 Mercurii
608 3115 735 3176 namque
759 3116 862 3159 cursus
878 3098 1040 3160 trimestris
1060 3107 1117 3174 est,
1142 3099 1273 3162 Veneris
1297 3103 1468 3182 sesquiocto

117 3188 268 3260 mensium,
300 3187 414 3250 Terrae
438 3205 568 3260 annuus,
602 3185 713 3249 Martis
737 3186 848 3262 bimus,
880 3185 967 3251 Jovis
992 3188 1161 3264 duodecim,
1195 3187 1319 3252 Saturni
1343 3191 1470 3271 triginta

118 3295 263 3339 annorum.
315 3277 427 3338 Verum
451 3276 476 3336 si
500 3275 539 3336 ad
562 3276 694 3338 calculos
716 3295 851 3352 revoces,
875 3276 921 3338 ita
944 3285 977 3340 ut
1001 3285 1114 3356 quauta
1137 3287 1184 3340 est
1202 3280 1354 3360 proportio
1369 3290 1469 3344 motus

118 3364 235 3428 Saturni
256 3366 295 3426 ad
329 3365 475 3426 ambitum
507 3364 588 3426 orbis
621 3364 685 3426 sive
709 3365 748 3426 ad
779 3365 956 3428 distantiam
988 3369 1109 3446 (eadem
1140 3368 1217 3430 enim
1242 3377 1289 3432 est
1314 3371 1468 3450 proportio

118 3453 292 3530 circulorum,
319 3473 395 3534 quae
410 3454 725 3530 semidiametrorum),
749 3461 866 3518 tautam
882 3455 974 3516 etiam
993 3455 1088 3518 iacias
1111 3456 1332 3536 proportionem
1347 3468 1468 3522 cetero-

119 3561 176 3604 rum
190 3553 322 3606 motuum
346 3544 490 3622 cujusque
514 3543 552 3604 ad
576 3563 661 3604 suurn
684 3545 803 3606 orbem:
829 3545 1036 3622 deprehendes
1051 3545 1197 3624 ejusmodi
1215 3547 1381 3627 simplicem
1395 3568 1468 3629 pro-

118 3635 273 3710 portionem
298 3652 356 3694 non
382 3633 493 3694 habere
518 3633 624 3694 locum.
673 3631 767 3713 Cujus
792 3633 834 3694 rei
858 3652 932 3712 cape
956 3633 1033 3694 banc
1057 3635 1200 3696 tabellam
1225 3635 1364 3699 indicem.

123 3872 504 4031 „inq-Bw.
601 3917 632 3990 u

118 4020 503 4037 ——n—-an—-n-——v——m-q

168 4041 234 4208 5
306 4039 480 4106 1075912
530 4025 614 4086 Dies
639 4044 697 4087 scr.
726 4029 729 4047 '

327 4127 415 4194 6¹59
501 4129 617 4196 4332
656 4130 698 4195 37
731 4017 891 4176 Diei.5
833 4017 899 4198 34443

168 4231 234 4299 ,3
332 4217 414 4283 4485
499 4219 616 4284 4282
745 4215 809 4284 686
836 4218 877 4286 59
730 3948 1335 4358 3134453443ᾼέ
1563 4247 1573 4262 ,

209 4315 280 4417 s
329 4305 414 4372 4444
549 4307 615 4372 343
723 4306 808 4380 452
894 4309 980 4385 43445
1009 4313 1068 4398 45
1073 4293 1156 4355 mes
1172 4313 1230 4358 scr
1249 4361 1462 4374 ....-..

169 4358 280 4472 9’3
550 4397 613 4461 606
722 4388 808 4463 325
895 4399 981 4464 3262
1006 4398 1048 4465 30
1066 4367 1151 4463 ’224
1174 4397 1217 4465 42
1134 4377 1327 4456 *Dlib
1341 4402 1407 4461 SOL.

170 4424 280 4570 43
346 4484 412 4551 434
550 4484 615 4550 are
720 4486 810 4564 444
894 4480 980 4574 4435
1065 4487 1150 4559 445
1264 4485 1407 4560 53434

509 4006 699 4016 ---
702 3973 730 4026 -3

114 3801 1466 4101 -Τ-*Τ--ψ-

195 4701 247 4764 llic
278 4705 382 4786 capita
414 4705 638 4768 columellarum
675 4706 829 4768 continent
866 4705 930 4768 dies
968 4713 1000 4768 et
1028 4703 1141 4766 dierum
1169 4698 1322 4778 scrupula,
1355 4692 1462 4772 quibus
1557 4699 1559 4707 ’

124 4793 332 4880 aperiuseripot
354 4794 498 4878 planetae
522 4795 672 4858 suburbe
696 4795 819 4858 stellato
842 4815 915 4858 suas
933 4792 1072 4878 periodos
1096 4789 1266 4870 complent:
1300 4790 1462 4862 sequentes
