3542 5528
258 239 266 248 ’
309 257 353 332 50
520 204 524 220 Ι
900 259 1060 318 marum.

308 427 421 491 biliam.
467 428 535 489 Nisi
559 429 635 488 sorte
659 434 785 490 octavae
808 427 955 508 sphaerae
984 427 1075 490 etiam
1104 427 1220 508 aliquos
1242 435 1341 492 motus
1364 427 1478 492 tribuit.
1524 427 1593 508 Ego
1616 427 1660 488 sic

309 535 416 579 censeo
444 517 481 577 de
509 516 665 598 lychnus,
698 515 854 577 Divitiis
886 517 1090 592 abundare,
1125 517 1253 598 quibus
1285 535 1352 579 uon
1385 525 1488 580 recte
1520 525 1660 592 utatur,

309 623 391 668 more
415 606 622 684 plerommque
645 603 778 666 divitum.
827 604 936 666 Danda
959 614 1007 668 est
1029 605 1120 684 igitur
1143 623 1235 686 opera
1265 607 1357 686 (qnod
1381 614 1413 668 et
1434 623 1491 686 ego
1514 624 1568 686 pro
1593 623 1661 668 mes

308 704 404 774 parte,
429 695 483 755 sed
505 712 571 754 cum
594 692 697 754 debita
719 693 869 754 modestis
891 695 974 769 ieci),
999 703 1032 757 ut
1055 695 1178 757 divitius
1202 695 1270 756 illas
1294 695 1337 758 illi
1361 703 1605 776 extorqueamus,
1630 702 1661 756 ut

310 783 535 858 emendicemns,
561 782 691 858 scilicet,
716 793 750 844 ut
772 781 876 862 vulget
899 803 969 845 suae
994 784 1220 846 observationes
1243 783 1357 846 sincere
1383 792 1414 846 et
1436 803 1549 845 omnes.
1596 783 1662 843 Hoc

309 873 374 952 ipso
398 881 531 951 tempore
556 871 682 932 habetur
704 871 752 932 hic
783 871 889 950 globus
913 871 1080 955 'l'ychonis,¹
1108 875 1137 936 iu
1164 880 1251 955 parte
1282 874 1345 954 ejus
1372 873 1542 936 antarctica
1565 890 1664 933 vacus

309 963 476 1042 profitetur,
501 979 534 1020 se
558 961 654 1021 solum
678 960 909 1040 deprehendisse
933 963 1142 1025 alterationem
1168 961 1338 1040 eclipticas,
1370 961 1470 1042 gratia
1493 963 1581 1043 cujus
1606 979 1662 1022 cu-

309 1059 434 1133 geantur
455 1047 504 1110 vel
533 1048 703 1110 minuantur
729 1049 905 1112 latitudines
936 1051 1060 1114 harum
1089 1053 1128 1115 ad
1156 1051 1324 1131 eclipticam
1351 1059 1553 1131 computatae.
1581 1049 1662 1112 ·Sed

309 1139 391 1202 illam
413 1139 492 1199 intra
517 1134 579 1200 100
603 1156 696 1198 annos
719 1157 824 1218 parum
847 1157 993 1202 crescere.

309 1299 341 1352 'd
358 1227 595 1348 lepsfissqnpptur
606 1226 678 1284 haec,
692 1242 765 1292 quum
779 1227 812 1278 ad
824 1226 938 1292 Opticam
951 1235 977 1279 et
991 1227 1181 1293 Chronologiam
1194 1228 1342 1292 perducant,
1360 1227 1510 1278 ιιιιιιιιᾱι
1521 1227 1664 1278 cauimus

384 1308 397 1342 ο
479 1312 493 1348 e
561 1333 567 1346 .

378 1453 567 1506 Maestlinus
584 1469 680 1518 prorsus
699 1457 822 1506 consentit
840 1455 956 1522 Keplsro.
985 1457 1015 1508 In
1034 1447 1109 1508 literis
1128 1457 1193 1508 datis
1211 1459 1235 1508 d.
1254 1456 1287 1506 22
1300 1459 1358 1521 Aps.
1373 1453 1440 1508 1599
1460 1456 1525 1506 haec
1542 1455 1664 1520 legimus:

309 1525 348 1577 De
367 1527 490 1590 Tychcuis
507 1525 681 1589 hypothesibus
699 1541 762 1590 qnae
781 1529 873 1590 scribis,
892 1529 950 1578 mihi
969 1529 1126 1580 vehementer
1140 1530 1248 1594 placent
1279 1529 1317 1578 'lh
1335 1529 1424 1584 doceri,
1443 1542 1494 1576 non
1511 1528 1599 1577 umeri
1617 1526 1662 1575 vis

309 1597 379 1648 Idem
398 1613 443 1663 ego
461 1597 602 1648 laciendum
617 1597 709 1660 judico.
746 1598 816 1647 Istud
834 1599 990 1662 physicorum
1009 1607 1034 1650 et
1051 1601 1220 1666 theologorum
1244 1598 1305 1663 (non
1323 1601 1377 1650 dico
1399 1599 1517 1666 physicae
1541 1605 1567 1648 st
1590 1597 1662 1647 theo·

309 1665 404 1735 logias)
421 1669 599 1734 praeiudicium
617 1669 695 1732 ipsum
713 1670 738 1719 iu
757 1669 825 1720 illam
843 1673 993 1722 sententiam
1015 1674 1146 1735 pertraxit,
1169 1680 1198 1722 ut
1216 1673 1317 1722 Terram
1343 1670 1542 1733 (minutissimum
1561 1683 1662 1732 corpus-

310 1741 399 1798 culum,
417 1755 461 1790 seu
479 1741 560 1804 potius
578 1740 729 1802 punctulum,
749 1749 783 1798 et,
803 1743 867 1792 sicut
884 1744 978 1807 scripsi,
997 1745 1017 1792 si
1036 1744 1093 1808 quid
1110 1752 1201 1808 puncto
1219 1746 1299 1794 minua
1312 1745 1364 1794 dari
1382 1740 1470 1806 possit)
1489 1741 1599 1790 retineat
1615 1741 1661 1788 im-

309 1813 430 1873 mobilem,
450 1826 548 1874 corpcre
566 1818 618 1860 tam
637 1817 706 1860 vasto
725 1813 823 1862 interim
841 1814 924 1862 mobili
943 1816 1112 1878 circumrapto.
1139 1814 1194 1865 Nec
1213 1816 1303 1868 dubito,
1323 1817 1390 1878 quin,
1409 1815 1514 1862 situum
1532 1813 1662 1861 inuentum

308 1886 373 1947 prius
398 1897 473 1947 qnam
489 1897 547 1932 snas
564 1881 711 1945 hypotheses
731 1882 862 1946 publicavit
885 1885 998 1942 vidisset,
1028 1885 1096 1935 aliud
1122 1887 1257 1936 statuisset
1294 1884 1367 1935 Nunc
1389 1885 1540 1934 sententiam
1562 1889 1662 1932 mutare

309 1953 452 2020 etquidem
471 1953 504 2002 ad
522 1952 622 2002 alterius
642 1950 686 2014 (ne
705 1953 785 2002 dicam
804 1967 831 2003 se
846 1953 960 2017 iunioris)
979 1959 1097 2014 inventa,
1116 1955 1198 2006 lorsan
1220 1957 1392 2007 existimationi
1408 1953 1520 2004 nonnihil
1538 1953 1662 2018 derogare

308 2026 413 2090 putabit
449 2023 542 2074 Verum
560 2025 580 2074 si
599 2023 651 2073 dies
669 2024 732 2074 diem
751 2024 833 2082 docet,
852 2028 872 2074 si
891 2021 1018 2096 deusspns
1037 2023 1185 2096 φροντιδες
1203 2038 1362 2096 supersapere
1380 2023 1459 2083 sices,
1479 2041 1523 2076 aux
1540 2039 1599 2086 nou,
1620 2025 1663 2088 qni

308 2099 416 2148 seniores
434 2110 532 2152 sumus,
552 2095 675 2156 juniorum
694 2095 791 2158 prodita
808 2096 895 2146 eodem
912 2099 983 2148 modo
1001 2099 1237 2163 magnifaceremus,
1262 2115 1308 2164 quo
1331 2113 1376 2148 noa
1395 2098 1503 2164 shipsis
1521 2096 1664 2162 magnifieri

310 2165 436 2232 cupimus?
464 2166 566 2216 Habent
582 2165 616 2214 illi
635 2179 651 2214 a
669 2165 737 2214 uobis
756 2181 806 2215 non
825 2169 996 2230 aspernanda:
1012 2176 1090 2220 recte.
1122 2173 1156 2218 nt
1174 2171 1249 2220 etiam
1267 2171 1325 2234 ipsis
1344 2169 1410 2219 dona
1427 2167 1550 2218 concessit
1567 2179 1664 2232 magna

309 2237 386 2288 Deua.
415 2237 487 2287 Certe
506 2251 590 2285 omnes
610 2243 675 2284 artes
694 2243 720 2285 et
737 2239 858 2287 scientiae
877 2238 910 2288 ad
928 2243 1052 2303 superiora
1065 2248 1109 2290 aut
1126 2255 1240 2304 suprema
1257 2241 1359 2305 fastigia
1375 2251 1531 2304 nequaquam
1549 2251 1595 2301 per
1612 2239 1662 2301 pri-

308 2323 375 2370 mos,
401 2307 446 2358 sed
463 2323 507 2371 per
524 2307 685 2370 posteriores,
711 2309 751 2371 qui
774 2311 879 2358 inventis
897 2323 943 2360 sna
961 2325 1055 2376 qnoque
1075 2311 1141 2362 dona
1158 2313 1273 2362 divinitus
1292 2325 1411 2362 concessa
1428 2308 1662 2374 superaddiderunt,

310 2379 513 2430 conscendemnt.
550 2377 709 2442 Quantopere
728 2379 889 2443 Copemicnm
906 2383 951 2432 sibi
970 2383 1121 2447 gratulatum
1139 2383 1214 2434 inisse
1237 2383 1390 2446 putabhnns.
1415 2384 1435 2432 si
1458 2383 1511 2444 ipso
1536 2381 1590 2428 riso
1617 2385 1664 2428 tua

308 2451 443 2516 speculatio
463 2452 489 2500 in
507 2450 587 2500 lucem
604 2445 752 2513 prodiisset?
788 2450 860 2512 Quod
879 2461 963 2504 autem
981 2455 1014 2504 ad
1032 2469 1083 2504 rem
1101 2456 1188 2518 ipsam,
1207 2470 1247 2504 me
1265 2469 1312 2504 nec
1330 2455 1440 2518 poenitet
1457 2467 1504 2502 nec
1521 2451 1601 2516 pudet
1619 2465 1661 2502 eo-

308 2537 374 2582 rnm,
394 2535 457 2586 quae
475 2522 501 2570 in
519 2519 671 2585 praelatione
690 2523 715 2571 in
728 2519 899 2572 Narrationem
912 2523 1011 2574 Rhetici
1023 2526 1107 2588 scripsi
1126 2525 1185 2587 (vid.
1202 2541 1226 2589 p.
1242 2523 1294 2584 27).
1381 2569 1384 2574 .

381 2591 452 2653 Quod
470 2606 512 2655 pro
531 2591 613 2640 labore
633 2599 657 2642 et
676 2593 794 2643 sumtibus
813 2601 838 2643 ct
861 2595 971 2658 inprimis
992 2611 1035 2659 pro
1057 2595 1104 2646 hoc
1128 2599 1227 2646 invento
1250 2604 1305 2654 tuo,
1331 2596 1440 2644 maxima
1461 2593 1662 2643 remuneratione

309 2663 458 2729 dignissimo,
477 2663 522 2711 tihi
539 2661 646 2710 nondum
665 2664 821 2714 satisfactum
840 2672 885 2724 est,
906 2666 976 2716 dolen
995 2667 1157 2717 uehementer.
1187 2667 1278 2717 Vemm
1290 2669 1325 2717 sic
1338 2673 1507 2730 comparatum
1525 2679 1580 2714 esse
1592 2664 1660 2714 vids-

307 2749 374 2792 mns,
399 2739 441 2790 ut,
467 2746 530 2798 quae
548 2733 621 2784 laude
645 2741 702 2784 sunt
721 2736 873 2800 dignissima,
892 2744 1052 2800 spernantur.
1077 2753 1187 2803 quaeque
1210 2739 1277 2788 nullo
1301 2739 1379 2802 pretio
1398 2737 1531 2801 adaequari
1550 2743 1663 2799 possunt.

308 2807 374 2858 nullo
392 2808 468 2855 etiam
490 2805 567 2868 pretio
591 2804 666 2868 digua
689 2813 812 2870 putentur.
850 2807 942 2858 Verum
966 2809 1075 2860 confidas
1099 2810 1195 2860 domino
1214 2809 1282 2866 Deo,
1307 2811 1348 2875 qni
1370 2809 1414 2858 tibi
1429 2809 1533 2872 tuisque
1556 2806 1663 2858 fideliter

306 2877 434 2944 rependet,
453 2889 517 2941 quae
536 2875 577 2924 alii
596 2874 634 2924 vel
647 2883 741 2940 negant
753 2877 791 2927 sal
804 2877 926 2929 differunt.
955 2880 1056 2930 Interim
1074 2882 1157 2930 mirari
1176 2881 1236 2930 satia
1253 2887 1322 2930 tuam
1342 2894 1402 2944 erga
1419 2894 1459 2930 me
1476 2877 1662 2935 liberalitatem,

306 2963 411 3014 eamque
428 2947 593 3009 maximopere
613 2947 696 3010 tuique
714 2946 958 3000 honorificentissima
984 2952 1069 3002 addita
1089 2954 1214 3001 montione
1233 2953 1293 3001 satis
1311 2951 1454 3015 praedicare
1471 2963 1576 3014 nequeo,
1596 2949 1663 3013 quud

306 3029 360 3071 tam
379 3019 503 3084 egregium
521 3031 609 3065 munus
627 3017 741 3080 poculum
759 3020 980 3082 splendidissimum
998 3023 1057 3072 mihi
1076 3024 1170 3072 misisti.
1207 3023 1298 3072 Fateor
1315 3027 1390 3079 certe,
1409 3034 1466 3070 mea
1482 3021 1510 3069 in
1528 3027 1554 3070 ta
1572 3021 1664 3070 mexlta

306 3091 416 3156 proiecto
428 3103 584 3153 nequaqnam
597 3094 669 3136 tanta
682 3101 745 3145 esse.
764 3097 858 3153 quauta
876 3099 921 3141 tua
940 3108 1000 3157 erga
1016 3097 1057 3144 lne
1074 3093 1121 3144 hoc
1136 3093 1226 3157 poculo
1245 3094 1414 3144 demonstrata
1432 3092 1566 3156 gratitudo.
1594 3091 1662 3142 Nam

307 3177 371 3230 quae
384 3176 400 3212 a
411 3176 451 3210 me
463 3160 584 3224 praestita
595 3164 661 3214 sunt,
680 3173 712 3208 ea
729 3159 814 3210 lubens
826 3162 881 3223 ieci,
901 3165 980 3214 amico
993 3166 1075 3214 animo
1088 3179 1149 3230 erga
1161 3167 1267 3215 amicum
1278 3165 1399 3229 praestiti,
1419 3165 1494 3212 sliam
1513 3177 1662 3226 compensa-

307 3235 400 3283 tionem
412 3246 492 3295 neque
505 3230 617 3293 exoptavi
630 3243 677 3278 nec
690 3232 817 3292 expectari
829 3247 945 3297 unquam,
958 3249 1032 3299 quam
1049 3237 1155 3286 amicum
1168 3237 1284 3293 animum,
1303 3236 1402 3300 qualem
1415 3248 1475 3300 erga
1486 3249 1526 3284 me
1538 3233 1663 3284 haeum

309 3303 489 3354 demonstrasti.
519 3301 555 3349 Eo
569 3314 614 3364 ego
627 3299 662 3348 fui
680 3302 884 3351 contentissimus.
914 3303 1035 3365 Quoniam
1053 3321 1109 3356 sero
1125 3309 1178 3369 jam
1196 3307 1262 3356 istud
1281 3305 1433 3370 superaddis,
1452 3320 1498 3370 ego
1518 3311 1594 3362 certe,
1614 3319 1662 3370 quo

309 3376 408 3424 nomine
426 3387 498 3436 pares
518 3384 592 3436 agam
611 3373 712 3434 gratias.
732 3385 782 3420 non
799 3373 903 3424 invenio.
940 3375 1033 3426 Verum
1052 3377 1132 3428 Deum
1150 3379 1194 3427 tihi
1213 3384 1424 3442 compensatorem
1442 3377 1561 3434 exorabo,
1580 3379 1663 3426 suuni·

309 3445 494 3496 hcentissimum
511 3443 624 3492 nimirum
643 3442 827 3500 retributorem,
853 3446 893 3507 qni
916 3446 1029 3499 videlicet
1046 3449 1091 3500 tibi
1108 3464 1179 3512 porro
1197 3463 1244 3500 sua
1267 3451 1351 3515 gratia
1372 3448 1451 3506 adsit,
1478 3453 1504 3500 et
1529 3454 1571 3505 tc.
1597 3462 1663 3512 quae

310 3519 412 3584 egregia
429 3517 455 3566 in
473 3521 499 3564 te
518 3515 612 3578 coepit‚·
631 3513 735 3564 feliciter
751 3514 869 3578 perficere
888 3516 1007 3582 dignetu.
1570 3553 1581 3572 ,

343 3587 349 3594 “
380 3587 436 3637 Ηιι
453 3583 607 3635 hebdomade
619 3585 754 3646 praeterita
767 3599 796 3634 ex
808 3583 954 3651 Laonherga
971 3589 1019 3640 huc
1038 3590 1070 3640 ad
1088 3606 1127 3641 me
1145 3593 1212 3642 veuit
1229 3597 1309 3642 mater
1326 3597 1379 3649 tua,
1397 3598 1513 3642 mamona
1531 3589 1572 3640 rel
1589 3589 1665 3638 vidua

309 3660 430 3722 piissima.
455 3657 485 3706 de
509 3655 580 3704 rebus
603 3655 651 3703 tuis
679 3657 891 3722 praesentiumque
920 3673 998 3710 nomm
1024 3669 1092 3712 statu
1117 3663 1186 3713 valde
1205 3663 1318 3713 sollicita.
1361 3663 1425 3713 Eam
1449 3667 1571 3726 quantum
1592 3663 1662 3725 potui

309 3730 449 3779 consolatus
467 3741 529 3783 sum,
549 3727 607 3791 quia
624 3726 717 3776 meliori
735 3727 788 3778 loco
807 3731 974 3792 pergratiam
992 3731 1040 3782 Dei
1059 3735 1108 3783 sint
1124 3742 1184 3785 tuae
1202 3749 1250 3792 ses,
1273 3749 1347 3800 quam
1365 3735 1420 3798 ipsa
1437 3733 1475 3782 sel
1493 3733 1540 3782 sibi
1559 3735 1607 3797 ipsi
1624 3733 1663 3782 sel

206 3827 214 3836 =
310 3815 340 3849 ex
358 3801 459 3852 aliorum
476 3812 591 3862 perversa
609 3797 728 3866 relatione
746 3800 903 3863 imaginetur.
933 3798 1003 3850 Sicut
1021 3805 1095 3854 etiam
1113 3806 1185 3865 longe
1204 3806 1283 3860 aliter,
1303 3819 1377 3871 quam
1395 3818 1473 3856 resse
1486 3804 1590 3864 habeut,
1608 3819 1661 3868 per-

309 3885 384 3920 suasa
401 3871 535 3919 uidebatur.
568 3868 606 3916 Ea
623 3869 687 3918 inter
705 3869 755 3918 alia
773 3871 908 3934 quaerebat
926 3871 957 3920 de
976 3879 1026 3930 tuo,
1045 3877 1108 3939 quod
1126 3877 1185 3926 mihi
1204 3877 1304 3936 debeas,
1324 3877 1413 3928 debito.
1443 3875 1507 3942 Ego,
1527 3875 1587 3940 qnid
1605 3876 1661 3924 sub-

309 3949 386 4003 esset,
404 3957 452 3990 non
471 3939 625 4004 intelligens,
645 3939 707 3994 dixi,
726 3939 790 4004 quod
808 3957 892 3990 rerum
911 3951 961 4000 est,
985 3949 1010 3992 te
1028 3947 1086 3996 mihi
1104 3948 1164 3996 nihil
1184 3948 1285 4010 dehere,
1311 3963 1358 3999 nec
1375 3961 1483 4011 unquam
1502 3960 1561 3996 aere
1583 3947 1663 3996 alieno

308 4013 450 4061 obstrictum
468 4011 542 4059 fixisse
562 4009 617 4058 dixi.
656 4009 765 4074 Cumque
783 4027 839 4060 mcx
857 4014 969 4071 instaret,
988 4015 1102 4075 indicavi,
1120 4027 1146 4069 te
1164 4019 1230 4070 nullo
1248 4019 1328 4080 modo,
1351 4033 1495 4083 quocunqne
1515 4018 1662 4082 accipiens,

307 4083 367 4132 mihi
385 4082 516 4148 quidquam
534 4081 631 4130 debere.
664 4081 718 4130 Etsi
736 4083 802 4130 enim
819 4090 917 4147 propter
935 4086 1054 4148 quasdam
1077 4091 1184 4151 opellae,
1209 4105 1274 4155 qnae
1292 4090 1382 4142 nullius
1401 4089 1467 4154 apud
1485 4103 1526 4138 me
1544 4088 1665 4140 momenti

308 4156 366 4217 sint,
386 4153 477 4219 ahquid
495 4151 661 4216 spoponderis,
681 4159 765 4202 umen
783 4153 808 4201 id
828 4155 894 4217 apud
911 4171 951 4205 me
970 4157 1032 4207 adeo
1051 4160 1076 4209 in
1095 4161 1202 4212 debitum
1215 4177 1264 4212 non
1276 4161 1375 4216 cadere,
1395 4167 1526 4212 uteorum
1543 4175 1594 4211 nec
1611 4175 1663 4210 me-

307 4226 432 4282 minerim,
458 4238 505 4274 nec
522 4231 621 4287 propter
638 4225 800 4287 interruptum
818 4240 878 4288 opus
896 4229 1037 4278 meminisse
1055 4231 1142 4281 velim:
1169 4232 1324 4282 nihilominus
1346 4239 1431 4282 tamen
1455 4237 1482 4282 tc
1499 4237 1573 4282 ιιιιιιι
1591 4232 1665 4281 tidem

308 4297 478 4362 superabunde
498 4302 523 4344 at
541 4295 614 4352 ultra,
633 4305 711 4359 quant
727 4309 772 4358 par
789 4297 829 4356 sit,
849 4295 989 4356 redemisse,
1003 4301 1081 4362 ,misso
1094 4303 1207 4353 videlicet
1224 4303 1311 4366 pocnlo
1331 4311 1357 4352 et
1374 4303 1483 4366 specioso
1502 4309 1529 4354 et
1546 4303 1663 4368 pretioso,

308 4369 398 4418 additis
423 4369 500 4416 etiam
525 4361 743 4416 dFerdinandicis
770 4381 812 4429 pro
837 4368 949 4430 operculo
973 4371 1131 4424 conficiendo.
1172 4374 1215 4424 Me
1237 4373 1327 4424 idcirco
1350 4381 1432 4432 tunm,
1455 4387 1505 4422 non
1529 4381 1617 4425 sutem
1640 4383 1665 4422 te

307 4455 389 4491 meum
408 4454 462 4488 esse
477 4437 618 4488 debitorem.
647 4437 676 4486 ld
694 4443 774 4486 mater
792 4443 837 4486 tua
855 4439 983 4490 ridebatur
1002 4456 1056 4492 cum
1076 4445 1237 4494 admiratione
1257 4445 1341 4495 audire
1359 4459 1509 4510 responsum,
1529 4452 1589 4509 post
1601 4447 1665 4495 enim

308 4513 422 4563 contessa
441 4515 486 4564 est,
505 4523 532 4558 se
550 4509 575 4558 in
594 4522 626 4558 ea
643 4509 802 4572 persuasione
821 4510 903 4566 tuisse,
923 4524 953 4560 ac
966 4512 987 4560 si
999 4519 1027 4563 tu
1038 4516 1098 4565 mihi
1112 4513 1163 4566 ²00
1175 4515 1278 4566 florenos
1291 4517 1401 4577 deheres,
1420 4523 1494 4580 atque
1510 4531 1546 4577 aa,
1566 4525 1667 4581 propter

308 4583 411 4634 dilatam
429 4582 584 4638 solutionem,
603 4593 676 4645 quam
695 4585 737 4630 tuo
757 4581 856 4630 nomine
871 4589 998 4644 praestare
1011 4583 1126 4646 debehat,
1145 4588 1210 4636 male
1223 4586 1360 4638 audituram
1373 4601 1435 4638 esse.
1464 4585 1502 4636 Ex
1519 4602 1570 4652 qno
1585 4589 1664 4639 suim-

307 4655 434 4704 advertere
453 4652 565 4708 videbar,
585 4651 655 4715 quasi
673 4649 704 4698 ob
722 4649 796 4700 alium
816 4651 923 4716 aliquem
941 4651 1016 4703 finem
1034 4658 1100 4708 istud
1119 4660 1140 4708 ei
1159 4659 1320 4722 persuaseris,
1339 4659 1417 4724 quod,
1435 4659 1456 4707 si
1473 4659 1589 4721 primitus
1608 4659 1662 4708 sub·

307 4725 459 4784 olfecissem,
479 4737 534 4775 eam
552 4723 735 4786 persuasionem
754 4736 802 4770 non
822 4724 919 4772 omnino
939 4729 1089 4778 exemissem.
1121 4729 1213 4779 Vemm
1230 4743 1277 4794 ego
1296 4731 1663 4796 eetsrarum,rem1nignsrua,

306 4797 472 4860 quodminus
489 4803 541 4852 est,
566 4795 673 4860 ingenue
691 4791 821 4844 inculcari.
857 4794 928 4846 lsbsd
946 4809 1004 4862 ergo
1022 4801 1044 4848 si
1061 4802 1106 4852 tibi
1125 4801 1270 4852 detrimento
1294 4801 1374 4868 aliquo
1398 4803 1442 4862 sit,
1467 4815 1519 4852 uon
1539 4817 1597 4862 ase,
1621 4801 1665 4852 sed
