3674 5528
744 305 827 358 uocas
845 303 964 358 anea:
1323 367 1350 422 ν
1466 305 1526 373 231

166 471 259 525 oculos
281 475 384 540 aperte
406 469 582 540 perspicere,
612 469 641 523 in
661 469 755 524 multis
782 469 933 534 caecutire,
964 471 992 524 in
1012 468 1152 541 plerisque
1173 469 1284 540 penitus
1310 485 1408 524 caecos
1429 468 1533 524 essci“

169 557 206 606 st
224 551 288 606 illos
311 557 357 604 tot
378 551 536 604 seculorum
556 547 732 619 experientis
751 557 855 614 tuetur,
877 566 949 620 quae
970 549 1046 605 nullo
1067 566 1159 614 sensu,
1182 551 1258 605 nullo
1273 550 1453 605 instrumento
1474 567 1531 605 ma·

169 630 332 694 thematico,
364 631 451 685 nulla
468 629 582 684 rationis
604 629 766 684 deductione
785 646 907 701 unquam
928 628 1050 684 convinci
1071 635 1182 700 potest?
1223 631 1372 685 Praeclare
1394 647 1474 695 sane,
1501 637 1533 686 ut

169 712 246 766 nobis
266 717 377 764 noctem
392 711 573 780 persuadeas,
595 725 656 763 cnm
670 726 772 764 aurora
786 709 919 774 illuxerit,
943 711 1079 764 fenestras
1095 709 1200 764 claudis
1221 727 1273 763 nec
1295 727 1414 781 unquam
1430 710 1532 780 aperiri

169 791 244 846 sinis.
285 794 325 844 At
345 807 402 845 non
422 789 513 853 vides,
543 791 640 842 eadam
661 790 811 860 negatione
833 797 861 844 se
881 789 1038 844 universam
1061 789 1255 844 astronomiam
1276 795 1420 845 evertere?
1462 790 1531 853 Quid

169 873 256 944 igitur
276 872 377 924 laudas
399 870 571 940 Tycbonem,
603 869 666 939 quid
693 871 831 938 praeclari
853 870 970 940 abipso
1001 869 1029 924 in
1050 869 1219 923 astronomia
1238 887 1353 941 sperare
1382 877 1477 940 potes.
1510 871 1532 924 si

171 959 217 1014 ,te
237 969 293 1005 nou
314 952 388 1005 latet
410 948 507 1004 talium
529 949 664 1002 rationum
685 949 887 1004 incertitudoi“
931 951 986 1004 Cur
1000 950 1160 1004 Ptolemaeo
1180 951 1213 1004 de
1228 949 1415 1013 concentricis,
1437 969 1532 1004 eccen-

169 1031 253 1095 tricis,
276 1029 410 1101 epicyclis
433 1029 533 1092 credis,
560 1029 583 1082 si
603 1029 674 1084 haec
697 1029 903 1092 ,instrumentis
924 1030 1013 1095 cerni,
1036 1030 1164 1083 autulio
1186 1046 1270 1085 sensu
1290 1031 1335 1083 vel
1356 1030 1464 1084 ratione
1485 1033 1532 1094 de·

169 1110 322 1182 prehendi“
346 1115 511 1180 nequeunti
553 1109 623 1172 Quid
643 1109 751 1163 habent
772 1111 847 1164 aliud
870 1109 1035 1173 astronomi,
1057 1126 1110 1179 qno
1132 1108 1365 1179 incognitionem
1387 1110 1532 1164 distantia·

165 1209 225 1246 rrrm
240 1190 357 1246 veniunt
371 1190 575 1259 altissimosque
589 1189 681 1242 coelos
696 1197 857 1260 perrepunt,
884 1190 937 1244 nisi
952 1189 1136 1244 instrumenta
1149 1195 1220 1244 sual
1257 1189 1361 1252 Quibus
1379 1190 1402 1243 si
1417 1197 1534 1261 possunt

169 1273 197 1326 in
218 1272 366 1326 stellarum
387 1269 573 1341 cognitionem
593 1277 683 1323 motus
705 1276 734 1322 et
754 1269 807 1322 loci
829 1271 937 1334 venire,
969 1276 1087 1340 possunt
1107 1275 1136 1322 ct
1157 1269 1184 1324 in
1205 1276 1382 1324 cometarum.
1424 1270 1483 1323 Nec
1503 1277 1532 1324 te

166 1353 212 1406 hic
232 1351 330 1406 audiet
351 1349 503 1421 quisquam,
525 1351 595 1420 quod
616 1349 668 1403 illa
689 1365 805 1418 corpora
826 1351 984 1406 constsmtia
997 1350 1061 1412 sint,
1083 1356 1173 1404 motus
1188 1350 1305 1420 perfecti
1326 1355 1356 1403 et
1375 1351 1531 1420 regulares,

167 1439 294 1486 cometae
316 1435 486 1484 evanescant
505 1436 535 1482 et
554 1435 695 1500 vagentur
715 1429 822 1485 incerti.
864 1431 936 1486 Nam
957 1447 1010 1501 quo
1032 1446 1115 1483 sensu
1146 1436 1237 1484 certas
1258 1436 1380 1483 motuum
1401 1430 1481 1500 leges
1503 1429 1531 1484 in

167 1512 259 1566 stellis
280 1509 450 1581 deprehendi
472 1525 553 1578 posse
574 1508 670 1572 credis,
692 1510 787 1562 eodem
802 1510 896 1579 Tycho
917 1512 1027 1564 easdem
1045 1509 1072 1562 in
1088 1509 1201 1564 muratis
1217 1509 1384 1578 deprehendi
1399 1510 1530 1564 affirmat.

166 1593 228 1646 Ait
248 1592 382 1661 Tycha,
404 1589 509 1660 peritus
531 1589 643 1652 artifex,
666 1588 711 1659 qui
733 1589 889 1658 hujusmodi
902 1590 1067 1644 observandi
1081 1589 1290 1660 calculandique
1311 1590 1423 1644 labores
1445 1590 1531 1644 totius

167 1671 258 1726 mundi
280 1671 360 1726 vanis
382 1669 492 1740 gaudiis
513 1667 673 1740 anteponit:
695 1677 805 1739 negat
824 1670 987 1734 medicus,
1010 1669 1054 1724 cui
1073 1665 1102 1723 in
1119 1668 1287 1724 astronomia
1299 1668 1406 1723 versari
1420 1669 1528 1725 minime

167 1761 264 1815 vacat,
296 1750 342 1821 qui
374 1766 433 1804 rem
460 1747 626 1804 levissimam
656 1766 706 1802 nec
730 1749 821 1804 verbis
843 1751 955 1821 dignam
984 1768 1021 1804 ex
1042 1750 1096 1804 bac
1126 1748 1290 1803 observandi
1315 1749 1434 1808 ratione,
1455 1749 1532 1804 facit.

167 1832 229 1888 Utri
250 1831 344 1902 potius
368 1831 532 1885 credendum
551 1829 624 1883 erit?
666 1833 710 1882 An
731 1827 797 1898 quia
814 1831 1060 1892 Maestlinum,
1083 1829 1148 1900 quia
1168 1830 1334 1884 Gemmam
1357 1829 1482 1884 inscitiae
1503 1835 1534 1882 et

167 1911 298 1967 ruditatis
319 1911 349 1964 iu
370 1911 542 1964 observando
564 1910 668 1982 arguis,
690 1909 744 1963 hac
765 1910 909 1979 praetoria
929 1911 1054 1964 oratione
1077 1917 1104 1964 te
1125 1908 1198 1964 inter
1212 1909 1318 1979 peritos
1332 1909 1452 1963 artifices
1467 1927 1531 1962 con·

167 1992 282 2046 stituisl
324 1990 437 2044 Scilicet
457 1990 483 2042 id
504 1989 624 2059 populus
639 1996 851 2051 curat-temere
866 1990 929 2061 quid
954 1991 1073 2046 affirmes
1095 2005 1130 2044 an
1148 1991 1327 2044 demonstres.
1369 1991 1531 2044 Hauserunt

167 2081 261 2128 tamen
282 2071 326 2125 illi
346 2070 477 2124 decennio
499 2076 563 2140 post
584 2085 647 2122 suos
669 2069 779 2124 labores
800 2071 957 2140 publicatos
978 2088 1015 2124 ex
1035 2077 1065 2124 tc
1085 2075 1268 2140 praeceptore
1294 2069 1427 2124 rationem
1449 2085 1529 2140 sepa·

167 2153 246 2208 randi
275 2157 367 2206 motus
389 2156 513 2204 mmetae
542 2147 647 2219 proprii
674 2165 693 2202 a
712 2150 826 2221 negotio
856 2152 1056 2220 parallaxeos?
1098 2151 1121 2203 0
1144 2149 1270 2212 miseros,
1302 2149 1347 2220 qni
1368 2165 1422 2202 uon
1454 2148 1529 2218 prius

168 2241 245 2288 tuam
267 2231 472 2302 Capnnraniam
487 2229 612 2284 viderint.
655 2230 733 2292 Quod
748 2229 799 2284 nisi
814 2237 872 2284 tum
886 2231 1054 2286 confidenter
1067 2237 1096 2284 te
1110 2235 1270 2299 pertaesum
1291 2236 1366 2283 esset
1391 2231 1529 2304 πολυρῤιι-

166 2333 264 2386 sapsas
285 2310 496 2383 Tychcuianae,
519 2327 573 2364 non
589 2308 650 2378 jam
671 2327 720 2363 nos
741 2309 854 2380 pigeret
866 2311 950 2380 hujus
965 2311 1089 2364 crambes
1105 2309 1181 2364 bisa
1204 2315 1232 2362 ts
1256 2315 1368 2380 coctne3
1391 2312 1425 2364 ad
1447 2327 1529 2381 quam

168 2393 210 2448 ita
229 2393 381 2463 diligenter
401 2397 431 2445 et
451 2389 537 2444 solide
558 2389 697 2458 Tyohonis
718 2390 851 2460 apologia
871 2389 1020 2461 respondit,
1041 2397 1073 2444 ut
1094 2396 1124 2443 tu
1144 2390 1259 2444 verbum
1280 2390 1324 2444 hic
1346 2407 1398 2444 non
1416 2390 1528 2454 dixeris,

168 2475 238 2544 quod
260 2472 344 2526 isthic
364 2471 498 2526 intactum
512 2469 693 2539 relinquatur.
735 2469 858 2524 Vidisses
872 2471 919 2534 ibi,
942 2489 995 2525 non
1019 2470 1080 2524 ideo
1101 2469 1167 2540 quia
1180 2469 1275 2539 Tycha
1289 2471 1325 2524 ab
1340 2469 1528 2524 instrumentis

167 2553 328 2609 instructior
358 2551 436 2605 etin
458 2551 536 2604 coelo
566 2548 734 2619 inspiciendo
764 2551 868 2606 multas
889 2553 924 2606 ob
945 2549 1166 2612 commoditates,
1198 2549 1296 2619 quibus
1320 2549 1402 2603 alteri
1423 2557 1528 2614 cuent,

167 2632 336 2705 diligentior,
354 2631 419 2700 jure
440 2633 556 2700 quodam
578 2645 628 2682 suo
648 2629 677 2682 in
697 2631 848 2686 alterorum
862 2631 1069 2686 observationes
1085 2629 1281 2684 animadvertit
1294 2645 1398 2699 easque
1413 2629 1527 2684 limitat:

168 2731 221 2768 non
242 2713 356 2784 inquam
375 2711 436 2764 ideo
457 2711 503 2764 rel
523 2711 557 2764 de
578 2715 640 2764 tota
659 2725 746 2764 cansa
766 2716 857 2766 actum
878 2729 949 2775 esse,
972 2710 1017 2764 vel
1032 2709 1146 2764 cuilibet
1160 2710 1271 2762 easdem
1285 2709 1420 2779 sugillare
1434 2709 1528 2771 licere,

167 2794 247 2864 quasi
268 2799 329 2847 toto
351 2792 428 2844 coelo
449 2791 588 2845 aberrent.
631 2789 708 2852 Quae
730 2790 800 2844 enim
827 2789 900 2845 inter
924 2790 1033 2846 illorum
1054 2800 1083 2844 et
1103 2788 1241 2860 'l’ycbonis
1269 2790 1421 2843 observata
1441 2789 1526 2844 minu·

166 2875 228 2928 sula
247 2871 406 2926 differentia
426 2869 586 2932 intercedit,
617 2867 678 2938 ejus
704 2871 815 2939 culpam
836 2871 896 2940 quis
922 2887 1025 2941 quaeso
1046 2870 1092 2923 vel
1113 2868 1141 2922 in
1161 2868 1234 2922 hunc
1254 2868 1300 2921 rel
1331 2869 1358 2922 iu
1379 2868 1441 2922 illos
1464 2886 1526 2922 con·

166 2955 239 3008 terre
260 2954 371 3014 audeat,
394 2950 439 3020 qui
461 2967 515 3004 non
535 2967 572 3004 ex
593 2948 663 3003 libro
678 2950 815 3018 Tychonis
837 2950 927 3006 obiter
941 2952 1065 3020 perlecto
1079 2947 1220 3003 balbutire
1239 2947 1315 3016 prius
1329 2950 1363 3001 de
1378 2947 1421 3002 his
1436 2956 1526 3002 astro·

167 3035 274 3090 nomiae
305 3030 445 3102 mysteriis
474 3029 584 3084 didicit?
631 3027 755 3083 Vidisses
785 3029 883 3093 etiam,
921 3029 943 3084 si
973 3029 1024 3085 tibi
1048 3027 1226 3099 Tycboniano
1257 3025 1346 3082 labori
1376 3027 1528 3098 placuisset

166 3113 315 3186 inriffl'iare
347 3112 478 3181 legendo,
510 3125 592 3180 quam
620 3107 687 3162 nihil
718 3108 791 3162 obsit
810 3111 1007 3180 Tychcnianae
1038 3107 1287 3180 argumentationi,
1320 3109 1391 3177 quod
1412 3110 1527 3162 eundem

166 3194 291 3248 lahorem
312 3189 478 3244 Maestlinus
504 3188 624 3244 tenmvit
644 3189 672 3242 in
700 3189 786 3258 paulo
807 3190 866 3244 alia
893 3190 1057 3262 hypothesi:
1089 3188 1184 3258 itaque
1213 3187 1297 3256 hujus
1327 3187 1432 3256 injectu
1453 3204 1526 3242 scru-
1608 3217 1613 3236 .

166 3274 224 3344 puli
244 3274 280 3326 ad
302 3270 472 3340 suspiciones
493 3267 668 3324 concitandas
689 3269 718 3324 in
738 3270 792 3323 hac
810 3270 976 3340 repetitione
997 3277 1049 3326 tua
1068 3269 1279 3338 supersedissos.

235 3402 282 3452 His
303 3402 427 3466 abrumpit
441 3375 580 3450 sermonem
597 3397 734 3463 Keplcrus,
753 3413 833 3464 neque
850 3399 952 3451 ulterius
971 3399 1004 3452 sd
1021 3400 1087 3451 hanc
1104 3399 1174 3450 lltcm
1192 3399 1273 3457 rediit.
1291 3397 1397 3448 libenter
1413 3411 1466 3446 rem
1484 3397 1521 3446 in·

165 3481 263 3540 gratam
283 3487 302 3523 a
319 3471 437 3538 Tychone
454 3471 558 3535 petitam
575 3469 618 3520 illo
635 3475 730 3521 monuo
749 3471 896 3534 abjiciens.-

237 3631 267 3695 t)
288 3647 313 3696 p.
334 3627 396 3679 232.
435 3628 506 3690 Quae
515 3627 638 3692 Keplerus
659 3629 769 3687 ,antea“
790 3637 878 3680 contra
889 3629 979 3680 Ursum
992 3632 1144 3694 conscripsit,
1164 3629 1300 3694 dimouitio
1313 3629 1376 3679 torte
1389 3635 1435 3685 est,
1454 3641 1528 3692 quam

166 3705 222 3755 dnm
241 3706 267 3753 in
287 3702 439 3753 bibliotheca
451 3699 633 3750 Viennensi
652 3702 933 3765 manuscriptachleri
946 3702 1135 3766 quaerebamus,
1156 3703 1296 3765 accepimns
1310 3701 1380 3764 quasi
1397 3698 1528 3762 aKepleri

165 3791 241 3826 manu
259 3775 388 3838 scriptam.
426 3771 500 3821 Hanc
518 3771 617 3836 quidem
634 3785 684 3820 uon
704 3773 768 3822 illins
786 3786 863 3822 manu
881 3774 999 3838 scriptam
1014 3773 1188 3836 induerimus,
1210 3779 1237 3822 at
1256 3771 1406 3834 descriptam
1426 3783 1480 3819 esse
1501 3771 1532 3819 ab

165 3845 321 3912 catagrapho
339 3843 444 3908 Kepleri
461 3842 497 3892 nil
516 3835 584 3892 ilabii
602 3842 694 3892 obstat

234 3989 387 4052 Inscriptcm
406 3990 446 4034 est
463 3983 548 4034 iolium
566 3985 695 4034 continens
714 3984 779 4035 hanc
799 3985 1009 4050 disqmsitionem:
1093 3961 1098 3966 Δ

242 4097 281 4151 Μ.
303 4097 353 4150 Jo.
375 4092 527 4162 Kepleri
554 4093 630 4147 Ord.
656 4093 752 4146 Prov.
775 4092 927 4165 Styriae
948 4092 1186 4148 Mathematici
1213 4092 1385 4162 judicium
1416 4093 1455 4146 da
1475 4092 1531 4162 by-

165 4177 377 4249 pothesibus
410 4171 662 4244 Tycbonianis,
694 4189 778 4244 quas
809 4174 950 4244 quidam
979 4174 1150 4228 Nicolaus
1181 4173 1288 4228 Ursus
1309 4163 1532 4227 Ditbmsirsus

112 4321 114 4326 ¹
166 4259 231 4313 sibi
253 4271 431 4328 arrogare
454 4251 668 4323 praesumit,
700 4260 750 4308 aut
771 4253 794 4306 si
814 4253 841 4308 id
862 4256 937 4324 apud
958 4253 1126 4308 cordatiores
1148 4253 1274 4308 obtinere
1295 4271 1349 4306 non
1370 4257 1479 4322 posset,
1500 4259 1534 4305 ut

165 4341 259 4394 saltem
282 4334 426 4410 Tychonis
449 4333 588 4386 inventum
610 4350 664 4386 non
686 4351 756 4394 esse,
778 4336 826 4388 sed
847 4352 884 4388 ex
904 4333 1044 4388 Martiano
1059 4334 1186 4404 Capella,
1210 4332 1360 4402 Copernico
1382 4339 1432 4386 aut
1445 4331 1531 4400 Apol·

164 4420 232 4474 lcnio
253 4420 386 4491 Pergase
409 4415 565 4466 desumtum
586 4413 665 4466 fldem
687 4414 802 4470 faceret.
847 4415 924 4477 Quae
946 4413 1038 4468 omnia
1059 4429 1077 4466 a
1096 4413 1168 4468 dicto
1190 4413 1315 4483 Keplcro
1337 4410 1532 4466 mathematico

163 4499 257 4554 eximio
281 4507 312 4554 et
333 4499 362 4551 iu
385 4493 551 4548 Ptolemaeo
574 4498 658 4562 atque
681 4493 831 4562 copernico
853 4496 923 4547 bene
944 4505 1057 4548 versato
1079 4493 1216 4548 succincte
1238 4501 1267 4548 et
1286 4491 1372 4545 solide
1393 4490 1438 4544 hic
1457 4490 1531 4542 reth·

163 4587 258 4636 tantm.
304 4575 547 4644 Quemadmodum
568 4571 666 4636 etiam,
700 4579 847 4643 antequam
879 4575 901 4627 is
923 4573 1080 4644 Tychonem
1110 4575 1144 4626 de
1165 4573 1237 4626 facie
1259 4576 1368 4632 nosset,
1399 4570 1433 4622 ad
1464 4568 1528 4620 nob.

160 4669 186 4716 et
203 4669 308 4734 praest.
331 4659 429 4711 virum
451 4655 488 4708 D.
510 4653 553 4706 Jo.
576 4651 609 4705 G.
632 4653 807 4707 Herwartum
829 4655 864 4707 ab
885 4655 1074 4723 Habenturg,
1102 4659 1226 4708 statuum
1246 4647 1455 4721 provincialium
1476 4647 1530 4700 Ba-

157 4744 245 4799 rariae
267 4733 496 4797 cancellarium,
528 4732 600 4785 hanc
621 4733 811 4801 quaestionem
832 4741 999 4796 moventem,
1022 4733 1233 4802 perscripserat,
1266 4745 1337 4801 quae
1359 4726 1458 4780 literae
1481 4742 1530 4778 suo

155 4831 275 4900 tempore
299 4816 410 4878 haberi
436 4820 468 4868 'et
489 4812 518 4868 in
538 4809 666 4866 veritatis
688 4813 837 4870 subsidium
858 4814 972 4876 proferri
992 4819 1117 4887 possunt.
