3586 5518
293 303 355 373 140
802 303 916 368 Mysum
935 301 1135 369 Gormogruplriei

288 467 368 530 iuter
392 485 425 529 se
450 473 482 528 et
505 485 571 529 cum
593 465 713 544 integra
735 470 911 527 consonent.
926 461 956 540 ι)
1000 463 1094 526 Ροιιο
1120 467 1262 541 quotnam
1289 457 1451 522 illiusmodi
1480 477 1573 521 voces
1598 476 1653 519 oc·

288 563 419 632 currant,
445 574 534 618 aures
558 555 703 616 indicant.
749 551 816 634 Ego
841 553 996 614 schemate
1020 559 1052 614 et
1075 549 1203 613 numeris
1228 549 1334 610 dicam.

297 666 1061 929 Q}
1101 735 1655 920 effi

382 953 461 1016 Vide
485 974 562 1016 nuuc
588 954 651 1016 et
643 973 725 1034 rpsas
749 952 931 1026 harmonias,
955 961 987 1014 et
1010 951 1110 1014 lidium
1132 949 1341 1032 proportiones
1364 948 1392 1010 in
1418 949 1568 1011 numeris:
1602 947 1651 1010 ubi

288 1051 364 1106 nota
385 1043 447 1105 ima
471 1043 623 1123 significat
650 1061 755 1104 vocem
782 1041 919 1122 integrae
947 1040 1031 1116 fidis,
1066 1059 1206 1121 suprema
1235 1057 1339 1101 vocem
1365 1037 1461 1117 partis
1492 1036 1650 1112 brevioris,

287 1132 387 1194 media
408 1151 513 1194 vocem
540 1132 638 1213 partis
667 1130 828 1210 longioris;
863 1148 1001 1192 uumerus
1035 1129 1113 1192 imus
1142 1128 1292 1190 indicat'
1284 1148 1314 1188 ιιι
1342 1133 1416 1206 quot
1442 1133 1548 1206 partes
1576 1126 1652 1187 fides

287 1220 449 1282 dividenda
472 1221 533 1294 sit;
556 1221 677 1300 reliqui,
702 1219 905 1298 longitudines
929 1217 1069 1299 partium.

286 1344 296 1493 l
526 1327 794 1658 ¹33¹·
952 1385 956 1480 :
1110 1375 1117 1382 ·

373 1795 475 1878 Atque
500 1796 557 1858 hae
580 1798 664 1860 solae
690 1725 779 1860 rodes
803 1797 875 1860 mihi
899 1798 1055 1859 naturales
1075 1796 1225 1870 videntur,
1249 1733 1410 1878 propterea
1433 1795 1511 1876 quod
1536 1795 1652 1856 habeut

732 1666 734 1694 Ι

714 1699 734 1737 'l

284 1885 437 1948 indubitat
424 1893 487 1948 tum
510 1885 713 1962 numerum.¹)
760 1885 888 1948 Ceterae
917 1904 1008 1948 voces
1038 1903 1096 1947 non
1125 1891 1254 1966 possunt
1283 1893 1369 1948 certa
1390 1885 1587 1964 proportione
1612 1883 1648 1944 sd

279 1974 475 2054 jampositas
491 1974 627 2078 exprimi.
641 1969 686 2048 ¹¹)
724 1973 802 2036 Nam
818 1977 963 2036 vocemF
982 1975 1074 2050 faut,
1099 1973 1190 2038 aliam
1214 1972 1291 2037 exO
1316 1976 1362 2036 sol
1387 1975 1483 2048 f,aut
1508 1973 1649 2052 desuper,

284 2063 375 2125 aliam
399 2081 437 2124 ex
459 2061 485 2123 B
510 2063 549 2124 mi
573 2063 655 2126 molli
678 2063 803 2125 inferius
828 2063 944 2140 elicies,
958 2062 987 2137 ι)
1022 2069 1171 2146 utcunque
1200 2063 1256 2125 hae
1286 2064 1362 2125 duae
1381 2061 1536 2142 perfectae
1559 2061 1648 2142 quin·
1671 2134 1674 2140 1

284 2159 334 2213 ιιι
359 2170 427 2212 esse
450 2151 617 2213 videantur.
628 2145 673 2226 ¹¹)
712 2151 774 2214 Sed
798 2152 837 2213 ad
860 2171 932 2216 rem.
979 2152 1083 2214 Prima
1106 2159 1138 2214 et
1161 2153 1293 2214 secunda
1316 2151 1477 2214 concordia
1501 2149 1648 2232 quodam-

283 2240 370 2302 modo
395 2238 496 2301 sociae
520 2247 607 2314 sunt;
632 2239 675 2302 sic
700 2241 794 2302 etiam
817 2239 922 2322 quinta
937 2248 1081 2304 etsexta.
1121 2238 1196 2303 (lum
1221 2241 1300 2302 enirn
1322 2240 1518 2322 imperfectae
1544 2257 1649 2301 omnes

283 2328 346 2390 srnt
359 2325 401 2403 ¹)
426 2327 514 2390 binae
539 2346 672 2408 semper,
698 2349 757 2392 una
781 2330 869 2404 dura,
894 2331 992 2394 altera
1015 2329 1130 2406 mollis,
1154 2330 1343 2410 conspirant,
1367 2336 1403 2392 ut
1425 2327 1553 2408 singulis
1577 2347 1649 2408 per-

284 2415 373 2480 lectis
389 2417 606 2498 quodammodo
623 2419 863 2499 aequiparentur.
899 2419 965 2482 Nec
990 2419 1150 2481 admodum
1175 2419 1311 2481 diversas
1335 2417 1499 2480 divisiones
1523 2416 1646 2478 habeut.

282 2507 362 2569 Nam
393 2499 424 2586 ’,Ι
453 2513 486 2566 et
516 2499 546 2588 Ἰ,
575 2525 643 2568 sese
667 2507 781 2570 habent
805 2507 875 2570 ad
867 2509 1012 2584 invicem,
1041 2515 1076 2570 nt
1104 2501 1156 2591 Ἰ,,
1184 2514 1215 2568 et
1244 2501 1315 2588 ’,ΙΝ
1346 2527 1423 2589 quae
1447 2512 1565 2568 tanturn
1590 2525 1650 2566 uua

283 2595 440 2674 trigesima
465 2593 615 2657 differunt.
663 2595 715 2658 Sic
746 2590 778 2677 Ἰ,
807 2604 839 2657 et
868 2589 901 2678 ’,Ι
930 2615 963 2657 se
987 2596 1100 2658 habent
1123 2597 1323 2672 adinvicem,
1349 2603 1382 2657 ut
1412 2589 1477 2676 “Ἰ,,
1506 2601 1539 2656 et
1565 2587 1648 2696 '⁸¹⁸9’

284 2683 424 2746 differunt
461 2683 554 2764 igitur
586 2691 704 2746 tantum
736 2703 797 2746 ιιιιι
829 2685 1061 2766 quadragesima
1097 2686 1255 2765 particula.
1312 2645 1415 2766 Atque
1449 2685 1493 2745 ιιι
1525 2683 1647 2764 proprie

283 2773 440 2851 loquendo,
466 2778 584 2834 tantum
610 2774 739 2857 quinque
758 2774 788 2835 in
804 2774 918 2836 musica
938 2773 1084 2836 habemus
1108 2775 1293 2850 concordias,
1319 2775 1356 2834 ad
1382 2792 1535 2834 nnmerum
1559 2772 1647 2853 quin-

282 2879 339 2941 que
364 2877 531 2940 corporum.
580 2859 718 2934 Quodsi
743 2871 860 2942 septem
885 2863 1064 2926 divisionum
1089 2863 1116 2923 ιιι
1142 2857 1176 2936 6,
1202 2861 1232 2936 5,
1257 2858 1292 2938 ιι,
1318 2859 1352 2938 3,
1378 2859 1413 2938 8,
1438 2861 1473 2936 5,
1499 2859 1535 2936 2,
1562 2881 1648 2923 com-

253 2969 255 2974 ·
281 2968 398 3011 munem
422 2949 576 3011 minimum
599 2949 752 3013 dividuum
776 2968 914 3031 quaeras,
939 2969 1055 3013 rursum
1078 2951 1214 3013 invenies
1241 2949 1312 3026 120,
1337 2959 1370 3012 ut
1393 2969 1492 3054 sqpra,
1518 2969 1587 3012 cum
1612 2951 1648 3010 de

281 3037 427 3100 divisione
451 3039 566 3100 zodiaci
591 3059 759 3119 ageremus,
768 3043 802 3114 ¹¹²)
827 3041 1028 3121 perfectarum
1052 3059 1123 3102 vero
1147 3039 1374 3102 concordiamm
1389 3039 1542 3101 minimum
1567 3039 1648 3100 diri-

281 3127 370 3188 duum
394 3137 511 3188 tursum
538 3125 594 3191 12:
621 3131 709 3210 plane
735 3129 819 3211 quasi
843 3129 998 3208 perfectae
1023 3119 1202 3192 concordiae
1227 3151 1245 3190 a
1268 3129 1415 3209 quadrato
1440 3137 1472 3189 et
1495 3129 1648 3208 triangulo

281 3214 357 3290 cubi,
383 3215 547 3278 tetraddri'
554 3224 587 3278 ct
609 3217 754 3290 octaedri,
779 3218 974 3299 imperfectae
999 3237 1070 3280 vero
1095 3240 1114 3279 a
1137 3218 1303 3298 decaogulo
1329 3217 1507 3297 reliquorum
1523 3219 1649 3279 duorum

283 3321 439 3385 corporum
462 3305 663 3383 provenirent.
680 3309 708 3382 ¹)
755 3307 857 3387 Atque
881 3307 956 3370 haec
986 3307 1121 3369 secunda
1149 3315 1197 3368 est
1226 3325 1381 3386 corporum
1409 3306 1552 3385 coguatio
1582 3325 1648 3370 curn

282 3391 449 3454 concordiis
474 3392 604 3456 musicis.
653 3394 715 3457 Sed
739 3395 809 3476 qnia
833 3415 942 3458 causas
970 3395 1058 3474 hujus
1088 3396 1278 3476 cognationis
1306 3396 1494 3474 ignoramus,
1525 3395 1647 3457 difficile

282 3488 331 3542 est
353 3483 580 3544 accommodare
604 3483 739 3564 singulas
763 3484 935 3546 harmonias
959 3485 1085 3564 singulis
1110 3485 1295 3564 corporibus.
1310 3485 1338 3558 ⁰)

372 3569 520 3632 Videmus
545 3571 663 3652 quidem
687 3573 762 3634 duos
793 3573 1015 3636 harmoniarum
1047 3574 1185 3649 ordines,
1221 3581 1283 3634 tres
1313 3572 1465 3652 simplices
1494 3571 1648 3652 perfectas

281 3663 313 3720 et
335 3658 410 3720 duas
435 3658 569 3738 duplices
592 3660 809 3741 imperfectas:
839 3663 917 3724 sicut
941 3661 1001 3725 tria
1022 3663 1166 3742 primaria
1192 3681 1335 3742 corpora,
1365 3662 1423 3722 duo
1447 3661 1646 3723 secundaria:

281 3765 383 3808 verum
407 3766 474 3808 cnm
497 3748 613 3828 reliqna
636 3769 694 3812 non
725 3751 920 3820 conveniant,
952 3751 1120 3812 deserenda
1148 3759 1195 3813 est
1223 3751 1299 3812 haec
1331 3748 1502 3812 conciliatio
1529 3759 1561 3812 et
1585 3751 1647 3812 alia

280 3835 436 3898 tentanda.
452 3839 480 3910 ¹³)
527 3837 645 3919 Nempe
668 3839 747 3901 sicut
771 3839 980 3901 dodeeaedron
1010 3846 1041 3901 et
1068 3840 1247 3902 icosaddron
1278 3859 1331 3901 sno
1361 3837 1530 3918 decangulo
1556 3858 1648 3919 supra

259 3929 429 3986 'auxerunt
452 3924 667 3989 dnodenarium
690 3945 783 4008 usque
807 3929 846 3989 ad
874 3925 950 4003 120,
984 3926 1028 3989 ita
1055 3927 1103 3990 hic
1132 3927 1328 4008 imperfectae
1361 3927 1534 3988 harmoniae
1568 3928 1646 3988 idem

283 4013 407 4075 iaciunt.

369 4101 467 4163 Erunt
495 4101 587 4181 igitur
615 4104 653 4164 ad
682 4103 807 4178 cubum,
842 4105 999 4185 pyramide
1028 4111 1061 4166 et
1089 4106 1251 4166 octaedron
1277 4090 1550 4166 accommodandae
1575 4121 1646 4184 per-

282 4189 381 4250 fectae
404 4189 593 4266 harmoniae,
623 4191 662 4255 ad
691 4191 900 4255 dodecaedron
924 4201 957 4254 et
981 4193 1159 4256 icosatdron
1184 4194 1387 4273 imperfectae.
1436 4189 1503 4262 Quo
1528 4193 1647 4254 accedit

281 4285 312 4338 et
335 4277 408 4340 illud
431 4287 521 4357 atque
546 4280 645 4342 hercle
669 4280 798 4343 indicem
822 4280 949 4360 digitum
973 4281 1010 4342 ad
1031 4300 1155 4344 causam
1176 4282 1282 4344 harum
1298 4301 1396 4342 rerum
1411 4280 1647 4342 occultissimam

280 4366 423 4440 intendit,
440 4369 468 4439 ¹¹)
500 4368 577 4446 quod
606 4369 742 4448 proximo
772 4369 872 4449 eapite
900 4368 1093 4432 habebimus:
1128 4371 1202 4434 duos
1232 4389 1336 4449 nempe
1368 4389 1436 4431 esse
1461 4370 1646 4446 geometriae

280 4453 449 4530 thesauros,
472 4473 579 4516 unum:
604 4458 766 4520 subteusae
781 4459 811 4520 in
827 4459 1003 4538 rectangulo
1019 4459 1166 4521 rationem
1181 4459 1220 4520 ad
1235 4459 1341 4531 latera,
1367 4459 1510 4520 alterurn:
1536 4457 1646 4519 lineam
1662 4454 1664 4458 ⁴

281 4550 417 4606 extrema
441 4543 585 4605 etmedia
604 4546 721 4607 ratione
737 4554 861 4620 sectam,
877 4548 902 4621 ¹)
927 4565 1050 4626 quorum
1074 4567 1110 4609 ex
1135 4547 1187 4610 illo
1211 4547 1287 4617 cubi,
1312 4545 1477 4628 pyramidis
1502 4553 1534 4606 et
1558 4555 1645 4607 octa·

282 4631 347 4694 edri
379 4633 563 4694 constmctio
596 4634 680 4708 fluit,
720 4654 758 4696 ex
790 4636 846 4697 hoc
879 4653 950 4696 vero
989 4636 1172 4700 constructio
1206 4631 1388 4700 dodecatdri
1422 4643 1453 4696 et
1486 4633 1644 4696 icosatdri.

282 4721 369 4782 Unde
393 4729 456 4784 tam
481 4720 581 4784 facilis
606 4731 637 4784 et
660 4723 807 4800 regularis
832 4729 880 4784 est
902 4723 1060 4804 inscriptio
1083 4725 1247 4806 pyramidis
1266 4725 1296 4786 in
1314 4723 1430 4798 cubum,
1456 4722 1592 4785 octaedri
1618 4723 1645 4783 in

284 4813 461 4889 utrumque,
494 4809 574 4874 sicut
600 4811 781 4874 dodecaedri
809 4811 839 4874 ιιι
869 4811 1056 4876 icosaddros.
1104 4813 1147 4876 Ut
1175 4820 1277 4875 antem
1305 4813 1441 4894 singulae
1473 4811 1644 4874 harmoniae
