3674 5528
718 303 749 352 a
767 305 839 352 reus
864 304 1026 369 33333-
1485 301 1550 368 333

180 431 327 510 1313113331
346 461 413 526 agit.
449 461 575 512 1133313113
594 453 664 512 33131
691 464 836 518 33133133,
865 477 912 526 quo
937 463 1050 525 propior,
1080 468 1106 512 et
1124 467 1221 522 333133.
1258 459 1371 512 1383111
1388 475 1445 511 3333
1469 462 1550 514 331333

182 531 243 582 31111
259 532 315 582 3313
336 538 393 589 333,
419 547 477 582 nam
494 547 536 596 pro
555 534 652 583 ratione
671 533 805 582 distantiae
824 547 840 583 3
859 533 936 582 Terra
959 533 1026 583 33133
1051 547 1101 581 333
1131 539 1237 596 augetur
1266 532 1302 581 331
1327 533 1459 594 minuitur,
1486 535 1550 598 qnod

183 601 264 652 113333
283 603 347 652 33313
368 611 483 667 apparet,
510 603 552 652 ubi
570 603 611 652 Sol
630 605 707 652 multo
726 605 829 667 propior,
849 618 923 668 quam
943 610 1058 660 aestate,
1089 609 1115 652 et
1132 611 1219 654 tamen
1237 603 1318 651 minus
1338 601 1467 660 calefacit;
1490 605 1550 654 item
1579 604 1583 609 ’

184 673 209 722 113
228 678 284 724 3333
303 679 330 723 33
349 688 441 724 occasu
461 675 522 723 alita
540 681 638 724 tantum
657 675 820 730 calefaceret,
849 681 968 739 quantum
993 676 1017 723 in
1048 674 1157 729 meridie,
1183 675 1204 724 sl
1227 673 1375 723 naturaliter
1396 681 1495 737 ageret3
1524 683 1550 725 33

184 749 256 807 juxta
274 745 475 809 magnitudinem
493 745 579 810 3113311
598 745 736 794 3313313313
755 746 878 795 3311313111
898 747 966 810 agit,
992 751 1018 794 et
1047 745 1093 794 nisi
1119 745 1203 794 331133
1228 745 1252 792 in
1272 743 1349 793 Terra
1373 745 1549 804 reflecteretur,

185 827 275 880 333313
293 816 385 866 3313313
405 829 421 866 3
440 815 496 865 Sole
514 817 669 866 sentiremus.
705 815 770 866 Hinc
788 817 814 865 13
834 815 991 866 strenuitas
1010 815 1048 865 rel
1068 817 1169 881 exiguus
1188 815 1263 875 33133,
1291 816 1340 864 imo
1359 815 1404 865 sub
1427 815 1484 866 Sole
1503 820 1548 866 nri·

187 901 272 936 333313
291 887 399 938 calorem
419 901 472 937 3333
491 888 602 937 existimo
621 884 691 948 (cum
709 888 778 937 33113
797 887 896 937 reflexio
918 889 944 936 13
963 886 1064 936 aethere
1077 883 1240 950 1331333311),
1260 901 1333 952 quam
1352 886 1468 936 1313313
1485 888 1548 952 ipsa.

187 957 286 1008 Natura
303 973 400 1022 qnoque
419 958 467 1007 loci
486 966 562 1024 auget
579 973 623 1022 333
642 958 757 1008 33311333
776 958 913 1008 3313313313
926 959 1004 1014 313331
1024 957 1107 1014 33113,
1127 971 1245 1016 arenosa,
1265 963 1398 1015 montana,
1418 957 1551 1022 sulphurea

187 1029 257 1086 1333,
287 1036 379 1093 33333
397 1043 424 1078 33
442 1028 543 1086 calida,
566 1031 637 1079 citius
657 1028 774 1078 calefiunt
792 1037 818 1078 33
835 1030 922 1078 fortius
940 1029 1098 1078 reverberant
1116 1029 1212 1085 radios,
1241 1035 1328 1077 contra
1345 1026 1446 1078 humida
1465 1029 1548 1079 33111-

186 1100 248 1166 gida
265 1099 323 1149 loca
340 1099 432 1149 Terrae
450 1100 553 1150 iaciunt
590 1100 657 1149 Hinc
675 1109 735 1164 puto
755 1108 780 1149 te
799 1100 873 1150 133113
891 1106 1090 1163 3313333333313,
1119 1100 1340 1149 inflammationem
1365 1113 1415 1148 non
1434 1115 1488 1150 esse
1507 1115 1548 1150 ex·

188 1185 287 1222 33333111
305 1171 394 1220 3311313
412 1170 548 1228 naturalis,
578 1173 673 1220 ratione
692 1172 768 1234 ipsius
788 1170 863 1231 Solis,
894 1171 938 1220 331
960 1171 1050 1220 saltem
1075 1171 1213 1220 3313313313
1240 1169 1401 1221 accidentalis
1426 1178 1548 1235 respectu.

188 1242 255 1308 Ergo
274 1243 351 1291 stiam
369 1243 395 1290 in
414 1241 505 1291 3311133
524 1243 668 1291 transitibus
688 1242 787 1292 3313313
806 1243 895 1305 333133,
916 1256 989 1306 quam
1007 1242 1060 1305 1333
1080 1239 1122 1291 Sol
1141 1242 1333 1291 considerandus
1352 1243 1414 1300 erit;
1433 1243 1481 1294 iruo
1501 1241 1549 1294 133

187 1315 286 1363 ratione
304 1313 425 1362 333331133
443 1312 478 1362 illi
495 1328 539 1376 333
558 1319 682 1362 aestatem
701 1312 752 1362 tale
770 1314 829 1376 quid
843 1313 963 1363 13133333
982 1319 1092 1376 3333333,
1110 1328 1160 1361 333
1179 1327 1236 1362 3333
1254 1312 1344 1362 hieme.

278 1401 488 1481 Keplerus:
524 1400 648 1464 Solem
672 1421 779 1464 nocere
804 1400 897 1467 dicos
916 1409 948 1462 ut
972 1420 1076 1462 omnes
1099 1402 1253 1480 planetas,
1284 1420 1357 1462 saue
1382 1411 1414 1464 33
1433 1400 1546 1478 dixisti,

188 1508 242 1569 per
266 1490 415 1552 accidens.
461 1490 508 1551 De
532 1490 578 1552 his
603 1489 679 1551 satis
704 1509 794 1569 supra
809 1497 840 1572 et
868 1488 896 1550 in
912 1489 1060 1570 prioribus
1076 1489 1172 1552 literis
1188 1489 1232 1570 (p.
1250 1485 1314 1552 314
1329 1492 1390 1570 sq).
1434 1489 1495 1552 Sed
1511 1491 1548 1552 de

188 1579 254 1640 1333
274 1577 356 1641 Solis
378 1579 555 1660 propinqua,
580 1589 712 1654 remota,
746 1579 951 1657 disputantem
975 1587 1006 1638 te
1030 1579 1132 1658 relego
1156 1578 1195 1640 ad
1218 1577 1441 1657 propositiones
1464 1599 1547 1640 meas

188 1666 298 1747 cupitis
326 1668 414 1747 primi
437 1669 633 1748 Astrologlaa
664 1673 700 1736 (1.
714 1691 735 1726 e.
751 1675 837 1726 Thasia
851 1675 882 1724 V.
896 1690 947 1740 sqq.
967 1674 1043 1724 libelli
1061 1669 1159 1740 saepius
1179 1675 1247 1734 11311,
1267 1676 1308 1739 qui
1327 1677 1392 1727 iufra
1410 1673 1546 1740 sequetur).

187 1753 222 1818 Si
247 1755 302 1818 Sol
330 1756 378 1816 hic
407 1754 477 1840 mihi
498 1765 571 1844 ¹tam
594 1775 687 1836 prope
718 1757 860 1818 verticem
886 1756 1002 1818 veniret
1025 1775 1127 1816 meuse
1152 1753 1312 1816 Decembri
1338 1767 1369 1818 et
1391 1749 1546 1831 Januario,

184 1845 254 1925 3133
278 1845 470 1920 calefaceret,
500 1865 588 1926 quam
611 1845 641 1906 in
664 1845 764 1926 capite
789 1847 897 1908 honae·
912 1845 987 1926 spei.

277 1934 323 1995 De
352 1933 461 2008 ceteris
495 1935 532 1995 31
554 1935 690 1996 calorem
714 1933 950 1997 circumstantiis
975 1931 1138 2006 assentior,
1173 1932 1227 1992 sed
1256 1932 1328 1994 nihil
1357 1940 1464 1995 contra
1487 1953 1544 2008 me,

186 2021 264 2103 quod
289 2023 438 2096 callebas,
472 2023 644 2103 priusquam
672 2024 829 2085 scriberes.
877 2024 961 2084 llaec
992 2021 1091 2082 omnia
1123 2031 1225 2082 tamen
1248 2021 1321 2083 nihil
1353 2021 1391 2082 ad
1420 2030 1545 2083 traus-

187 2112 283 2187 itus,
318 2129 441 2190 quorum
465 2113 600 2192 operatio
624 2131 682 2172 uon
705 2112 777 2173 33113
801 2119 864 2186 331,
891 2110 1010 2190 qualem
1030 2109 1060 2171 in
1085 2108 1184 2188 prima
1208 2117 1295 2187 parte
1321 2110 1546 2172 dissertationis

185 2199 304 2280 scripsi,
329 2209 360 2260 et
384 2207 414 2264 tu
437 2218 490 2279 per
513 2201 704 2278 reflexionem
730 2200 843 2274 definis,
869 2200 923 2260 sed
946 2218 1017 2278 pars
1041 2197 1265 2277 imaginationis
1290 2206 1347 2260 est.
1396 2197 1488 2270 Sane,
1512 2205 1545 2259 ut

185 2308 240 2351 nec
255 2289 342 2350 Mars
366 2289 395 2351 in
421 2297 488 2350 ortu
512 2308 565 2350 suo
586 2288 702 2350 directa
716 2288 833 2350 actione
854 2307 962 2367 corpus
979 2287 1103 2368 perurit,
1130 2285 1182 2347 sed
1205 2285 1420 2366 imaginatione
1439 2287 1544 2348 Martii

186 2378 305 2440 ruboris
329 2378 445 2440 animus
469 2378 620 2452 choleram
643 2379 775 2458 plantat.
822 2377 916 2438 Potes
936 2376 1003 2438 hinc
1028 2375 1116 2436 facile
1142 2375 1178 2435 de
1194 2375 1371 2437 transitibus
1389 2375 1542 2455 colligere.

187 2465 263 2538 Cum
288 2465 342 2528 Sol
366 2467 478 2528 transit
500 2486 597 2528 meum
621 2468 800 2539 ascendens,
822 2473 855 2527 ut
873 2465 960 2552 hodie
976 2462 1103 2538 25011,
1128 2463 1199 2544 vquid
1221 2462 1302 2527 urit?
1325 2464 1406 2528 Num
1425 2464 1543 2526 terras?

186 2576 275 2630 sane;
310 2556 363 2618 sed
387 2574 473 2617 meae
496 2575 553 2616 non
579 2565 657 2617 sunt.
705 2557 786 2618 Num
811 2555 882 2616 me?
929 2555 1014 2627 h'ou3
1039 2554 1129 2614 sedeo
1154 2552 1319 2628 inumbra,
1344 2553 1480 2615 scribens
1505 2555 1542 2614 31

185 2645 366 2708 fabricium.
416 2641 496 2714 Quid
521 2645 611 2724 ergo?
656 2644 735 2705 Puto
759 2663 858 2704 meum
883 2643 1059 2704 ascendens.
1107 2629 1284 2704 1111111311
1309 2660 1363 2702 non
1389 2643 1419 2703 in
1443 2642 1542 2716 coelo;

185 2735 281 2796 Terra
306 2733 384 2794 eninr
404 2732 461 2794 fuit
481 2732 512 2792 in
537 2748 584 2805 ea,
607 2753 654 2794 me
668 2742 829 2795 nascente:
855 2731 932 2794 alius
948 2731 1035 2792 situs.
1083 2729 1231 2809 Nuspiam
1249 2729 1340 2810 igitur
1359 2731 1415 2802 hoc
1432 2749 1540 2792 ascen·
1639 2769 1642 2772 -

131 2853 133 2857 ·
185 2823 270 2900 deus,
297 2823 356 2883 uisi
379 2823 408 2884 in
433 2817 622 2895 charactere,
648 2822 697 2902 qui
721 2841 787 2883 meo
811 2821 910 2882 auimo
934 2828 983 2881 est
1005 2819 1183 2897 impressus,
1217 2819 1302 2898 cujus
1331 2827 1379 2880 est
1402 2818 1544 2896 analogia

184 2911 349 2974 etiamnum
373 2929 440 2971 cum
464 2908 608 2971 similibus
633 2911 709 2972 coeli
732 2910 880 2990 partibus.
907 2908 995 2971 -Sole
1020 2925 1091 2986 ergo
1116 2905 1251 2986 geminos
1267 2907 1450 2981 ambulante,
1475 2925 1543 2970 mea

185 3002 318 3064 facultas
342 2999 481 3060 animalis
505 3018 661 3060 accessum
678 2997 759 3061 Solis
783 2997 987 3059 characteritii
1011 2995 1193 3074 imaginatur
1212 2995 1363 3056 adortum
1379 2994 1540 3056 charaeta·
1611 3065 1614 3071 ,

184 3091 296 3154 1111313.
338 3087 497 3150 Μο1111333
521 3089 669 3150 actionem
693 3087 773 3150 Solis
800 3106 986 3166 repercussu.
1035 3083 1178 3159 Omnino,
1211 3083 1250 3144 mi
1272 3083 1409 3159 Fabrici,
1444 3083 1540 3164 primo

182 3179 318 3261 impactu
345 3177 479 3245 calfacit.
522 3177 681 3256 Distingue
705 3178 784 3238 inter
802 3184 902 3237 ustum
917 3183 949 3236 et
964 3182 1090 3236 aestum.
1138 3172 1331 3252 Repercussu
1355 3173 1403 3247 (et
1425 3192 1460 3235 eo
1482 3192 1540 3236 non

185 3267 332 3350 simplici,
370 3267 424 3329 sed
458 3274 603 3347 quatenus
638 3267 734 3328 lucem
757 3266 868 3326 Terrae
902 3261 1144 3335 communicavit,
1181 3279 1258 3340 quae
1282 3261 1347 3341 jam
1373 3281 1430 3322 uon
1455 3270 1488 3323 ut
1511 3263 1541 3324 in

183 3376 364 3438 repercussu
396 3356 425 3416 in
449 3373 538 3416 unum
565 3364 707 3434 puuctum
735 3353 852 3429 radiat,
887 3353 940 3414 sed
963 3353 1054 3431 plane
1084 3351 1114 3412 in
1139 3350 1259 3424 orbem)
1283 3358 1388 3412 aestus
1422 3359 1542 3413 creatur

184 3447 281 3522 31313,
313 3446 445 3525 impactu
467 3444 562 3525 primo
590 3443 659 3506 urit.
708 3445 803 3506 Totus
837 3441 997 3504 haeresin
1028 3459 1134 3501 crassa
1164 3439 1218 3500 ills
1241 3439 1430 3520 operatione,
1466 3457 1541 3519 quae

184 3555 292 3598 sensus
318 3533 443 3596 incurrit
452 3553 461 3608 ;
486 3552 636 3613 nunquam
660 3534 760 3612 aperis
784 3531 893 3592 meritis
917 3529 1044 3604 oculum,
1070 3547 1126 3609 quo
1151 3528 1354 3591 harmonicam
1379 3527 1541 3589 connexio-

184 3643 250 3686 nem
276 3623 449 3684 animalium
473 3622 651 3684 facultatum
675 3641 741 3683 cum
766 3620 917 3682 coelorum
931 3617 1060 3680 motibus
1075 3617 1231 3697 inspicias,
1256 3635 1331 3697 quae
1352 3617 1381 3677 in
1397 3615 1540 3678 directio-

184 3713 286 3790 nibus,
312 3711 504 3787 transitibus,
534 3711 785 3780 revolutionibus,
820 3703 1254 3787 spaectibus‘meteorologioa
1276 3724 1353 3784 pene
1377 3705 1461 3766 unice
1485 3705 1541 3765 do·

183 3803 323 3864 minatur.

254 3908 433 3958 Fabricius:
461 3904 491 3955 In
510 3903 728 3954 1133331333313
746 3909 791 3952 333
809 3901 894 3951 scribis
912 3897 998 3961 (Thes.
1018 3899 1049 3948 V.
1069 3895 1132 3964 sq.),
1158 3897 1240 3950 Solem
1262 3914 1312 3949 uon
1331 3900 1483 3963 potissimum
1502 3914 1542 3950 33·

184 3980 288 4030 1331333
306 3979 346 4028 331
366 3977 496 4026 altitudine
514 3989 588 4039 33313
605 3975 766 4030 horizontem,
786 3973 830 4023 sed
848 3972 951 4037 longiori
970 3972 1051 4034 potins
1070 3985 1141 4030 mora
1158 3971 1305 4031 calefacere,
1325 3970 1495 4020 demonstraus
1514 3971 1539 4020 id

184 4051 264 4101 calore
283 4051 402 4114 temporis
420 4047 581 4111 pomeridiani
599 4051 760 4110 augescente.
798 4043 824 4094 Si
843 4043 890 4092 133
908 4041 1032 4092 1333313111
1051 4041 1156 4098 accidit,
1185 4056 1236 4091 non
1254 4047 1321 4091 certe
1339 4043 1364 4091 in
1383 4042 1541 4106 hyperboreis

182 4122 312 4182 13313311
337 4121 390 4170 dies
415 4125 453 4168 est
472 4115 487 4166 6
505 4119 635 4169 mensium.
673 4115 738 4166 Nam
766 4117 799 4166 ibi
823 4117 849 4164 in
869 4119 966 4164 3333333
994 4113 1179 4178 frigidissimum
1199 4119 1244 4164 est.
1266 4111 1347 4177 ¹Erpa
1366 4113 1542 4164 3113333333

182 4192 377 4243 1311313331113
395 4197 442 4241 est.

269 4282 475 4362 Keplerus:
510 4277 644 4338 Tandem
672 4293 770 4339 meam
798 4270 1095 4335 dissertatiunculam
1119 4270 1260 4346 adoriria,
1296 4273 1349 4333 sed
1374 4272 1542 4333 3331133131

182 4379 211 4434 31
233 4371 350 4435 infelici
374 4367 518 4448 auspicio.
566 4365 599 4428 Si
619 4365 673 4426 Sol
701 4382 785 4424 mora
809 4361 988 4435 calfaceret,
1019 4361 1115 4439 major
1138 4369 1242 4423 aestus
1266 4361 1294 4422 in
1319 4361 1451 4422 hibernis
1474 4359 1539 4418 Β3-

181 4469 318 4525 tavorum
343 4457 448 4521 esset?
494 4454 665 4518 Succenseo
690 4451 759 4525 tibi,
790 4450 840 4532 qui
863 4470 921 4512 333
945 4455 1043 4511 totam
1058 4449 1157 4512 thesin
1182 4448 1292 4528 legisti.
1340 4449 1445 4516 Mora
1467 4464 1539 4524 pare

180 4571 289 4616 causae
310 4557 376 4625 est,
402 4545 615 4609 incidentia
637 4561 709 4622 pars
734 4548 794 4609 est,
820 4540 921 4601 31113
946 4539 1142 4600 3333311133
1166 4557 1237 4618 pars
1258 4547 1319 4610 est,
1343 4537 1539 4614 impactum

177 4641 208 4704 iu
237 4643 355 4705 Terra
386 4635 507 4716 frigus
529 4633 623 4696 multo
646 4629 775 4692 maxime
798 4647 871 4709 pars
894 4637 951 4691 est.
994 4625 1092 4689 Pudet
1115 4645 1171 4704 me,
1200 4633 1337 4706 repetere
1362 4641 1401 4682 ex
1424 4620 1538 4716 disser-

176 4730 358 4796 tatiuncula.
408 4725 515 4804 Itaque
538 4720 707 4786 circumduc
730 4717 804 4779 mihi
819 4717 923 4793 Solem
945 4714 1059 4778 inillis
1083 4714 1215 4778 hibernis
1239 4721 1301 4775 tam
1323 4711 1427 4784 altum,
1451 4727 1540 4792 quam

172 4823 250 4907 apud
275 4839 335 4884 nos
362 4823 425 4888 331,
449 4813 565 4876 videbis
589 4809 750 4872 veritatem
773 4805 972 4888 pronuntiati.
