3718 5520
596 298 627 350 ce
646 297 793 350 cusanam
817 302 843 350 u
862 314 955 352 mm
973 299 1113 352 unxcrx.
1475 295 1542 364 413

186 455 257 528 AG,
282 463 315 518 ct
338 473 407 518 esse
428 456 460 532 in
482 457 522 533 Κ,
545 456 575 519 N
597 457 718 537 punctis
741 459 788 521 sui
810 459 902 522 orbis.
914 457 948 533 *)
994 457 1040 520 At
1054 457 1116 520 dixi
1140 461 1232 518 antea
1254 456 1393 518 vernales
1413 457 1542 538 eclipses

189 547 269 608 circa
293 543 323 608 G
346 545 474 621 tardius,
499 547 688 608 autumnales
712 547 831 610 circaF
854 547 943 611 citius
967 565 1113 628 apparere
1138 565 1226 626 quam
1248 545 1278 607 in
1296 545 1422 608 calculo.
1466 545 1542 608 Oel-

188 634 271 696 colus
294 633 386 714 igitur
408 633 512 698 Solem
534 635 614 697 iufra
636 636 685 696 vel
707 645 778 716 post
800 635 830 696 K
853 636 883 714 iu
903 637 931 698 L
953 636 1082 716 reponit,
1106 643 1230 696 etanta
1253 635 1281 698 N
1306 633 1337 695 in
1361 632 1399 709 Ο,
1427 643 1461 696 ut
1485 654 1541 714 ap-

185 729 294 804 pareat
323 721 355 784 in
377 721 419 800 Ε,
452 723 492 786 Η.
540 719 608 794 Qun
639 735 730 803 pacto
753 725 818 800 fiet,
852 733 886 786 ut
904 723 988 786 LBO
1021 725 1062 786 sit
1095 723 1241 786 diameter
1272 722 1433 786 ecceutrici
1457 722 1539 786 Solis

188 819 219 874 et
241 811 268 873 B
293 818 429 874 centrum
452 812 516 892 ejus
538 813 662 892 propius
677 815 790 876 Terrae
814 814 845 875 in
869 814 994 887 calculo,
1020 831 1108 893 quarn
1127 813 1157 874 iu
1178 811 1400 874 observatione.
1437 810 1541 882 Quare

185 900 210 963 si
239 919 334 962 cansa
365 901 474 964 erroris
506 901 661 983 eclipsium
685 903 872 965 conferretur
903 903 1077 964 incursum
1105 900 1201 976 Solis,
1236 901 1430 964 statuendum
1458 912 1542 964 essct

185 989 332 1068 majorem
365 1007 434 1052 esse
457 988 538 1052 Solis
569 991 824 1054 ecceutricitatem
848 992 938 1071 dnplo
963 993 1039 1064 sere,
1075 1009 1163 1071 quam
1186 1011 1205 1051 a
1227 989 1342 1053 calculo
1367 990 1540 1054 assumitur.

184 1078 230 1141 At
251 1079 322 1142 vide
341 1096 418 1158 quae
442 1079 575 1141 absurde
597 1090 801 1160 sequerentur.
847 1082 927 1144 Nam
951 1081 978 1142 si
1001 1080 1098 1158 major
1119 1078 1201 1142 Solis
1224 1078 1444 1154 ecceutricitas,
1469 1099 1541 1160 ergo

184 1175 215 1246 et
239 1168 356 1246 longior
379 1168 515 1230 aestivus
538 1169 753 1248 semicirculus,
779 1179 811 1232 et
833 1169 953 1232 brevior
974 1168 1130 1243 hibernus,
1163 1186 1250 1248 quam
1275 1175 1403 1248 quantos
1427 1168 1541 1232 faciunt

184 1255 359 1318 astronomi.
404 1258 450 1319 At
471 1258 636 1320 astronomi
664 1279 721 1320 non
744 1267 873 1339 possunt
895 1277 995 1322 errare
1018 1257 1082 1333 hic,
1108 1259 1178 1337 quia
1205 1257 1294 1318 facile
1318 1265 1367 1319 est
1393 1257 1539 1319 terminos

183 1345 238 1407 hos
272 1364 311 1406 ex
339 1346 550 1409 observatione
583 1348 839 1428 aequinoctiomm
866 1347 944 1410 satis
976 1355 1097 1428 promta
1129 1347 1323 1410 constituere.
1369 1345 1453 1426 Ergo
1487 1353 1540 1408 aut

184 1433 239 1496 Sol
261 1452 322 1496 nou
347 1443 395 1496 cst
417 1455 511 1498 causa
532 1435 619 1516 hujus
643 1437 754 1500 erroris
778 1437 858 1501 circa
880 1436 1025 1516 eclipses,
1055 1444 1108 1498 aut
1131 1435 1353 1496 concedendum
1376 1434 1435 1497 erit
1456 1436 1539 1498 alto-

185 1541 251 1584 mm
277 1523 455 1586 absordum:
479 1543 585 1606 nempe
599 1524 704 1589 Solem
725 1526 756 1589 in
779 1545 834 1589 suo
858 1524 929 1589 orbe
954 1524 1122 1588 ecccntrico
1146 1521 1267 1586 circsC
1290 1542 1348 1585 uon
1373 1524 1540 1604 aequaliter

182 1611 333 1686 incedere,
357 1613 412 1675 sed
436 1614 548 1676 habere
571 1622 707 1678 centrum
730 1613 966 1695 aequalitatisB
989 1613 1112 1695 propius
1127 1613 1253 1674 Terram
1268 1614 1341 1692 (quo
1357 1613 1445 1675 modo
1468 1632 1536 1675 ma·

184 1710 292 1762 nerent
315 1701 359 1763 illi
386 1703 500 1764 numeri
524 1703 709 1766 aestivomm
736 1712 768 1765 et
791 1704 969 1766 brumalium
992 1704 1123 1775 dierum)
1147 1708 1367 1781 contraquam
1394 1702 1423 1764 iu
1448 1720 1540 1782 snpe-

184 1789 324 1864 rioribus,
349 1789 399 1852 ubi
422 1803 558 1854 centrum
581 1792 778 1874 aequalitatis
802 1815 822 1854 a
844 1794 939 1855 Terra
962 1791 1079 1872 lougius
1104 1790 1201 1852 abest.
1249 1789 1339 1861 Quod
1361 1790 1388 1852 ai
1403 1791 1541 1872 quiahoc

183 1878 259 1940 nolit
282 1897 339 1958 pro
362 1879 492 1942 absurdo
516 1882 641 1956 hebere,
673 1884 767 1944 iretus
791 1881 928 1962 exemplo
951 1879 1103 1949 Mercurii,
1128 1880 1196 1942 huic
1220 1879 1311 1941 aliam
1335 1897 1458 1941 causam
1482 1899 1538 1960 ap-

181 1985 277 2048 pono,
313 1987 373 2048 qna
394 1968 581 2045 demonstro,
617 1970 720 2032 Solem
750 1989 808 2032 uon
841 1989 909 2033 esse
936 1969 966 2031 in
996 1989 1089 2032 causa
1116 1968 1204 2048 hujus
1233 1969 1342 2030 erroris
1371 1968 1539 2048 eclipsium.

183 2055 266 2118 Nam
293 2057 341 2118 die
364 2057 524 2120 Paschatis
548 2069 619 2139 post
641 2059 766 2139 eclipsin
790 2067 881 2122 noctu
902 2059 979 2122 hora
1002 2057 1179 2120 duodecima
1201 2057 1288 2118 Luna
1312 2057 1403 2136 plena
1425 2059 1541 2120 coelum

181 2145 332 2208 mediavit
353 2165 421 2208 cum
444 2145 683 2210 Saturnalia
706 2169 765 2230 qua
788 2149 999 2212 observatione
1027 2145 1178 2208 mediante
1202 2146 1401 2208 calculatione
1424 2147 1549 2221 evinci·

182 2242 245 2306 tur,
270 2235 378 2296 Lunae
402 2236 499 2298 locum
522 2237 702 2300 etiamtum
726 2237 818 2300 fuisse
842 2239 949 2311 alium,
979 2255 1066 2317 quam
1090 2236 1119 2296 in
1143 2235 1273 2308 calculo;
1308 2233 1439 2297 debebat
1462 2236 1540 2297 enim

181 2323 220 2384 ad
243 2341 383 2386 normam
406 2325 513 2387 calculi
538 2325 732 2390 Saturnum'
720 2345 783 2406 Jam
808 2345 977 2406 superasse.
1024 2325 1084 2388 Ubi
1111 2323 1160 2385 hic
1184 2321 1259 2385 Sol?
1288 2323 1338 2403 qui
1361 2333 1444 2385 certe
1467 2324 1541 2386 nibil

181 2411 256 2474 iecit
280 2412 322 2473 ad
346 2413 549 2494 indagandum
573 2415 671 2478 locum
693 2415 807 2478 Lunae.
855 2415 936 2494 Ergo
956 2412 1115 2495 plancSnl
1130 2411 1299 2474 absolvitur
1316 2414 1354 2474 ab
1370 2412 1426 2474 hac
1441 2413 1538 2494 culpa.
1609 2409 1620 2434 '

180 2501 223 2563 Ut
246 2520 311 2562 uon
337 2501 435 2564 dicam
457 2503 496 2570 in,
511 2522 620 2584 magno
644 2504 776 2582 periculo
807 2504 923 2566 versari
946 2502 1113 2566 doctrinam
1138 2501 1406 2581 aequinoctiorum,
1434 2502 1460 2563 si
1483 2503 1539 2563 hoc

179 2589 209 2651 iu
232 2588 321 2653 Solis
345 2591 447 2654 orbem
476 2593 649 2654 audeamus.
696 2595 798 2672 Atque
823 2593 879 2654 hoc
903 2600 950 2653 est
978 2591 1057 2672 quod
1080 2589 1111 2652 in
1134 2590 1327 2670 prognostico
1350 2609 1417 2651 meo
1446 2591 1538 2670 legis:

181 2679 236 2756 ,In
261 2687 349 2740 motu
373 2678 454 2742 Solis
477 2681 542 2743 siue
566 2699 677 2761 magna
699 2681 926 2760 perturbatione
950 2679 1061 2742 mutari
1085 2678 1158 2739 nihil
1180 2697 1286 2757 posse,
1319 2680 1398 2759 quod
1422 2679 1539 2759 quidem

59 2769 68 2792 ⁹
180 2768 219 2830 ad
244 2768 327 2831 hauc
351 2769 530 2832 anomaliam
553 2771 731 2833 salvandam
754 2769 878 2832 faciat.“

269 2855 419 2938 Sequitur
445 2860 546 2922 Luna
576 2859 672 2940 ipsa,
701 2879 791 2940 quam
819 2859 908 2939 hujus
937 2857 1042 2937 culpae
1070 2873 1154 2918 reem
1180 2855 1341 2918 manifeste
1364 2863 1450 2918 tenet
1481 2855 1539 2918 cb-

178 2946 317 3010 servatio
342 2947 510 3010 Paschalis.
556 2949 689 3010 Assumo
712 2947 814 3028 itaque
829 2965 963 3010 mensem
983 2946 1146 3020 hibernum,
1172 2943 1244 3008 Sole
1264 2946 1345 3007 circa
1361 2944 1538 3026 principium

179 3035 365 3118 Capricorni
387 3045 538 3109 versante,
563 3038 688 3112 (ceteris
710 3038 849 3116 paribus)
873 3036 993 3100 circiter
1016 3043 1144 3115 quatuor
1169 3034 1260 3096 horas
1283 3035 1448 3114 longiorem
1470 3053 1540 3096 esse

183 3145 274 3207 quam
300 3125 462 3204 aestivum,
487 3127 559 3190 Sole
583 3127 664 3189 eirca
687 3127 851 3190 solstitium
874 3134 1026 3200 versante,
1050 3133 1217 3186 ceterorum
1239 3124 1394 3199 mensium,
1418 3130 1453 3184 ut
1471 3123 1538 3203 qui-

177 3215 254 3277 libet
288 3215 482 3294 aequinnctio
511 3217 555 3279 sic
583 3217 725 3279 mediocri
749 3218 908 3297 (quantum
937 3213 1071 3277 calculus
1098 3213 1214 3293 prodit)
1246 3213 1425 3293 propiorem.
1472 3213 1539 3274 Hoc

175 3311 269 3384 pecto
300 3311 418 3366 certum
446 3313 493 3367 est
524 3306 645 3386 negotio
673 3305 865 3369 satisfactum
895 3304 941 3367 iri.
987 3304 1068 3366 Nam
1095 3321 1162 3363 cum
1190 3320 1339 3364 acencrn
1368 3301 1407 3362 ad
1430 3300 1539 3362 libram

176 3403 240 3455 tres
265 3394 380 3456 breves
402 3411 520 3457 menses
543 3403 715 3476 sequantur,
741 3403 811 3457 sunt
833 3393 986 3457 breviores
1010 3393 1126 3454 duabus
1149 3391 1240 3466 horis,
1267 3409 1354 3470 quam
1374 3398 1436 3451 tres
1451 3409 1537 3450 men-

175 3501 225 3544 ses
260 3481 445 3544 mediocres.
493 3482 591 3547 Citius
624 3484 717 3563 igitur
740 3484 827 3545 Luna
855 3480 995 3564 pervenit
1021 3481 1062 3544 ad
1085 3480 1204 3554 Solem,
1238 3497 1327 3559 qnam
1356 3479 1382 3540 si
1407 3481 1539 3554 (remote

177 3569 430 3634 consideratione
453 3573 517 3653 ejus
541 3573 726 3647 anomaliae)
750 3573 918 3654 aequaliter
941 3589 1059 3651 semper
1078 3575 1258 3632 moveretur.
1305 3565 1422 3629 Contra
1440 3587 1459 3628 a
1474 3565 1538 3630 Oa-

173 3663 319 3740 pricorno
354 3660 395 3722 ed
416 3661 555 3724 Arietem
583 3670 647 3724 tres
670 3661 750 3725 tardi
781 3667 945 3743 sequnntur
969 3677 1101 3734 menses,
1135 3657 1252 3720 tardius
1278 3656 1371 3736 igitur
1400 3655 1539 3736 opinione

174 3751 264 3814 Luna
287 3749 342 3812 vel
366 3751 421 3812 sub
445 3750 547 3816 Solem
570 3760 624 3814 ant
645 3751 675 3813 in
700 3751 728 3813 ei
751 3753 921 3832 oppositam
944 3750 1080 3812 umbram
1101 3745 1235 3810 incurrit.
1282 3744 1332 3809 Ab
1346 3746 1452 3809 Ariete
1467 3763 1539 3808 vern
1565 3746 1566 3749 ’

254 3998 288 4071 ΙΙ’)
318 4001 410 4056 IGFD
438 4009 483 4057 cst
509 4003 706 4075 consequentia
732 4003 882 4076 signorum.
913 4003 975 4058 ¹AD
998 3997 1260 4073 prosthspbaeressi
1288 3997 1470 4066 diminuenda,
1498 4002 1538 4058 ΙΗ

172 4081 444 4153 proatbaphaeresis
459 4087 597 4155 augenda.
639 4085 706 4140 Cum
720 4102 789 4156 ergo
799 4084 859 4154 Jem
873 4101 1007 4154 ponamus
1022 4083 1051 4136 in
1064 4084 1077 4136 l
1090 4081 1187 4136 Ariete
1201 4079 1292 4134 Solem
1306 4080 1416 4152 lougius
1431 4081 1460 4136 iu
1474 4100 1537 4138 con·
1649 4095 1654 4102 ·

173 4162 327 4234 sequentia
352 4161 472 4228 distare,
500 4181 581 4234 quam
605 4158 633 4212 in
656 4167 763 4222 calculo
787 4165 937 4229 invenitur,
972 4163 1057 4218 distet
1079 4179 1148 4234 ergo
1169 4161 1246 4215 ultra
1268 4161 1290 4214 0
1314 4161 1343 4216 iu
1365 4161 1399 4216 N.
1441 4163 1480 4216 Et
1502 4163 1539 4217 sit

171 4242 444 4313 prostbaphaereais
459 4245 497 4298 IG
511 4244 599 4314 major
614 4261 696 4313 quam
709 4247 758 4300 IH.
800 4247 919 4299 Rursum
933 4243 1005 4298 enim
1019 4258 1150 4312 ponemus
1166 4241 1193 4293 iu
1204 4241 1231 4295 D
1244 4240 1331 4296 Libra
1345 4239 1436 4298 Solem
1450 4241 1538 4297 miuus

172 4322 200 4377 iu
214 4321 426 4394 consequentia
447 4323 560 4389 distare,
585 4341 667 4394 quam
690 4327 719 4380 in
733 4325 839 4379 calculo
855 4325 1002 4388 invenitur,
1027 4329 1083 4376 stet
1102 4339 1170 4393 ergo
1189 4327 1255 4375 aute
1269 4321 1293 4375 L
1308 4315 1411 4389 (locum
1426 4319 1537 4387 calculi)

171 4403 199 4458 iu
211 4404 241 4458 K
255 4411 288 4457 et
302 4402 345 4456 sit
358 4403 620 4474 prosthapbaeresia
634 4405 683 4460 FD
698 4406 787 4475 major
804 4421 913 4460 rursum
927 4421 1009 4475 quam
1022 4403 1082 4458 ED.
1125 4403 1192 4456 Cum
1206 4418 1274 4473 ergo
1287 4402 1368 4456 Luue
1390 4403 1537 4456 secundum

173 4484 314 4538 calculum
330 4481 438 4536 debeat
450 4500 537 4555 usque
551 4485 580 4539 in
592 4485 616 4540 L
630 4486 742 4551 moseri,
757 4491 789 4539 nt
802 4485 894 4541 Solem
908 4485 937 4538 in
950 4485 974 4539 E
989 4489 1163 4554 assequatur,
1188 4481 1370 4552 deprehendit
1383 4481 1461 4535 illum
1474 4479 1502 4534 iu
1514 4481 1549 4538 F.

172 4571 201 4618 et
220 4582 277 4619 uon
302 4579 379 4633 opus
394 4561 515 4618 baberet
535 4565 653 4619 ulterius
676 4565 729 4620 nisi
742 4565 771 4619 iu
785 4565 809 4629 Q
822 4565 963 4637 progredi.
1005 4563 1050 4618 Sic
1064 4581 1125 4618 oum
1147 4562 1290 4618 existimet
1309 4562 1430 4614 calculus
1444 4560 1537 4622 Solem

173 4643 200 4697 iu
212 4645 241 4698 Η
255 4648 408 4714 repertum
421 4641 455 4697 iri
468 4644 583 4715 ideoque
596 4645 704 4700 Lunam
718 4646 746 4702 iu
759 4647 782 4700 T
796 4647 964 4700 solummodo
984 4645 1143 4709 constituat,
1167 4649 1265 4697 contra
1278 4641 1326 4696 Sol
1339 4641 1415 4694 ultra
1427 4641 1455 4694 H
1468 4639 1498 4694 iu
1511 4647 1536 4701 G

172 4731 214 4780 eat
227 4731 258 4784 et
270 4725 379 4782 Lunae
390 4721 493 4778 diutius
507 4727 624 4782 eundum
638 4728 724 4782 donec
736 4727 841 4783 ultraT
855 4727 883 4781 iu
892 4726 919 4781 R
931 4725 1035 4782 veniat.
1054 4727 1133 4780 Haeo
1145 4731 1214 4796 puto
1232 4721 1316 4794 paulo
1330 4719 1459 4776 clariora.
1499 4724 1535 4780 K.
