3674 5528
705 280 737 331 ds
754 281 827 332 rebus
846 281 1007 348 astrologicis.
1466 279 1530 348 377

173 433 239 508 ΑΒ,
271 432 346 510 130,
382 431 447 498 OD.
487 435 551 500 iiio
583 436 609 499 si
632 439 792 502 Platonem
818 459 921 522 roges,
956 441 1075 506 cunrA
1106 459 1163 504 non
1196 450 1343 506 consonat
1374 459 1470 524 nsque
1492 445 1530 519 B,

174 542 270 605 neque
295 522 333 600 G,
359 543 455 604 neque
474 524 512 585 D.
558 525 651 588 Atei
677 526 732 590 CD
756 537 845 592 tonus
868 547 922 609 per
944 531 972 592 Ε
995 539 1114 593 secetur
1137 530 1166 591 in
1187 529 1250 600 ΟΕ,
1275 532 1394 607 lemma,
1418 538 1450 592 et
1464 532 1530 608 ΕΙ),

176 610 283 687 diesin,
308 612 354 674 sic
380 619 412 676 nt
434 613 462 674 Ε
486 631 552 674 cum
577 615 606 676 A
629 616 741 680 haheat
763 620 987 698 proportionem
1011 619 1168 698 epitriton,
1201 629 1272 682 tuno
1300 621 1378 682 inter
1401 620 1459 682 ΑΕ
1484 629 1533 684 εει

174 701 344 764 harmonia.
392 701 507 780 ltaque,
532 703 612 766 sicut
636 713 725 768 tonus
749 705 805 770 OD
828 725 882 788 per
905 708 1092 770 harmoniam
1114 708 1141 768 E
1166 707 1281 770 divisus
1305 716 1353 772 εει
1380 709 1410 770 in
1434 711 1531 772 minus

175 788 229 854 ΟΕ
253 795 287 850 ει
304 791 404 870 maJ‘us
427 789 498 862 ΕΙ),
529 791 574 852 sio
604 801 714 856 natura
741 795 890 858 hominem
912 815 1003 860 unum
1031 813 1085 876 per
1112 797 1315 876 generationis
1339 806 1528 877 apparatum,

176 879 287 960 quavis
310 877 467 940 harmonia
490 880 669 956 suaviorem,
694 883 799 946 divisit
821 885 850 946 in
874 886 1016 946 feminam
1040 894 1073 947 et
1094 904 1222 961 marem,
1247 905 1372 966 quprnm
1396 885 1447 947 alii
1471 887 1531 948 ali-

175 969 247 1050 quid
271 967 373 1042 deest,
398 967 465 1030 linio
488 968 631 1034 abundat.
679 973 790 1034 Patere
813 975 907 1045 enim,
939 983 972 1036 ut
996 975 1072 1035 hanc
1096 973 1224 1054 gratiam
1249 983 1372 1055 tangam
1396 983 1531 1038 extremo

175 1056 284 1136 digito,
308 1064 344 1117 ut
365 1063 450 1118 tectu
475 1055 712 1136 experimentum
736 1062 852 1142 capiam
877 1063 1029 1142 corporis,
1055 1064 1140 1142 cujus
1164 1063 1261 1126 forma
1284 1063 1399 1126 eminus
1423 1071 1529 1126 tanto-

173 1163 247 1225 pere
274 1144 378 1206 arrisit
401 1145 505 1208 oculis.
552 1145 632 1210 Nam
661 1169 714 1211 cnr
738 1169 795 1212 non
825 1152 928 1232 juvem
952 1151 1171 1226 Reinhardum,
1202 1152 1419 1231 jucundissime
1450 1154 1531 1214 allu-

174 1235 300 1296 dentem
325 1252 364 1294 ex
385 1233 602 1313 Trismegisto,
627 1243 660 1300 et
682 1238 824 1302 feminam
848 1241 967 1319 quidem
991 1241 1070 1302 infra
1093 1239 1306 1316 collocantem,
1331 1249 1365 1304 nt
1387 1259 1443 1321 par
1466 1248 1530 1302 est:

174 1342 233 1384 non
258 1327 332 1382 sunt
354 1321 431 1382 enim
456 1323 570 1385 ferendi
593 1325 660 1401 viri,
685 1327 734 1407 qui
759 1328 859 1392 ferunt
881 1347 952 1390 suas
977 1329 1104 1391 feminas
1130 1336 1161 1391 ει
1182 1337 1290 1393 contra
1309 1331 1418 1392 flumen
1441 1329 1530 1392 navi-

173 1403 260 1490 gant.
310 1409 386 1484 „Dis
410 1429 527 1472 sursum
560 1413 670 1490 fumat,
702 1417 800 1479 stillat
822 1417 909 1480 Jovis
939 1418 1018 1479 unda
1042 1417 1211 1480 deorsum.“
1258 1418 1323 1480 Nec
1346 1418 1532 1481 invenustior

173 1507 224 1560 est
248 1498 302 1559 illa
325 1498 390 1560 duri
414 1499 570 1580 mollisque
594 1505 844 1570 accommodatio.
889 1506 1023 1568 Rursum
1047 1506 1124 1569 enim
1148 1506 1252 1570 suavis
1275 1506 1325 1569 ille
1348 1515 1450 1576 tactus
1472 1525 1531 1586 no-

173 1596 259 1651 stros
283 1587 404 1666 jndices
436 1588 566 1662 aduocat
593 1592 637 1653 rai
666 1593 883 1673 lepidissimae,
928 1614 993 1657 cum
1023 1615 1061 1656 ex
1089 1593 1287 1676 Trismegisto
1317 1597 1399 1657 solos
1428 1595 1531 1658 oculos

173 1676 351 1749 erudiisset,
377 1694 415 1738 ex
437 1677 566 1741 Platone
589 1699 690 1762 aures.
736 1684 859 1746 Etenim
882 1685 988 1746 durum
1011 1689 1131 1763 oportet
1154 1703 1239 1760 esse,
1266 1685 1343 1766 qnod
1367 1683 1529 1753 infinditur‚

172 1765 266 1828 molle
290 1783 364 1827 vcro
387 1783 495 1844 corpus
524 1775 556 1830 ει
577 1769 607 1852 in
632 1787 664 1831 εε
688 1773 813 1848 cedens,
844 1774 922 1853 quod
946 1773 1049 1834 durum
1077 1774 1151 1836 illud
1180 1772 1292 1852 excipit
1320 1774 1474 1851 locumque
1503 1773 1532 1833 ei

174 1856 239 1917 dat.
287 1851 358 1924 Qua
381 1855 556 1918 titillatione
578 1857 769 1923 Reiuhardus
793 1861 939 1924 excitavit
953 1879 1049 1924 rueurn
1065 1861 1225 1942 ingenium,
1251 1869 1284 1924 ut
1303 1861 1432 1924 labuerit
1447 1880 1532 1944 sym-

175 1943 255 2006 bolis
279 1962 347 2004 cnm
371 1943 425 2004 illo
448 1952 575 2022 certare,
601 1948 708 2027 quibus
732 1951 810 2013 oculi
833 1951 921 2013 simul
945 1958 977 2012 ει
999 1951 1099 2030 digiti,
1125 1950 1214 2013 simul
1237 1959 1270 2012 ει
1292 1949 1420 2014 hominis
1445 1950 1533 2029 inge-

175 2033 255 2094 nium
290 2033 482 2112 facultasque
506 2037 681 2099 nnmerandi
705 2039 744 2101 ad
773 2039 970 2120 judicandum
994 2049 1085 2119 atque
1109 2039 1339 2102 discernendum
1363 2041 1441 2100 inter
1464 2059 1533 2100 ma-

176 2139 238 2184 rem
262 2128 296 2182 et
319 2121 462 2182 feminam
485 2122 678 2189 advocentur.

264 2209 329 2272 Sed
354 2209 545 2272 ratiocinatio
568 2214 687 2291 prolixa
710 2223 768 2278 est.
815 2217 849 2278 ln
873 2214 1041 2294 geometria
1063 2215 1140 2277 ratio
1165 2221 1214 2277 εει
1236 2214 1316 2276 iuter
1334 2215 1409 2276 duos
1424 2215 1531 2276 termi-

175 2317 239 2373 nos,
263 2298 422 2379 proportio
446 2300 594 2362 rationum
618 2303 782 2366 similitudo
806 2311 864 2367 εει.
911 2305 960 2366 Ad
976 2303 1199 2384 proportionem
1219 2302 1313 2383 igitur
1327 2311 1454 2382 quatuor
1469 2311 1533 2364 ter-

175 2389 245 2450 mini
270 2387 473 2469 requirnutur.
521 2388 610 2459 Quod
640 2393 665 2454 si
694 2393 784 2456 medii
812 2393 869 2454 dno
902 2393 931 2454 in
955 2410 1045 2454 unum
1068 2399 1192 2465 coeant,
1226 2393 1378 2472 proportio
1405 2393 1533 2453 efficitur
1621 2419 1623 2426 v

175 2479 337 2548 continua,
371 2482 434 2538 tres
463 2477 580 2540 habens
609 2490 679 2544 actu
707 2481 866 2555 terminos,
898 2489 1053 2562 potestate
1085 2489 1222 2561 quatuor.
1270 2481 1354 2542 luter
1377 2481 1533 2542 continuas

175 2566 390 2648 proportiones
414 2583 503 2628 unnm
522 2567 673 2647 singulare
698 2589 792 2650 genus
816 2579 866 2632 est
888 2570 1091 2651 proportionis
1115 2570 1251 2644 divinae,
1286 2587 1352 2630 cnm
1377 2569 1534 2631 extribus

176 2655 315 2718 terminis
339 2654 398 2714 duo
421 2654 551 2718 minores
575 2667 707 2737 aequant
730 2661 887 2740 majorem,
911 2679 965 2722 sen
989 2678 1056 2721 cnm
1079 2666 1176 2720 totum
1199 2659 1243 2720 ita
1267 2664 1389 2720 secatur
1412 2657 1441 2719 in
1466 2658 1534 2729 dno,
1653 2667 1658 2676 '

176 2751 210 2806 ut
236 2745 319 2806 inter
345 2751 450 2820 partes
481 2752 633 2808 ettotam
667 2749 708 2809 sit
731 2748 873 2810 continua
903 2748 1066 2829 proportio.
1113 2748 1211 2826 HnJ'us
1234 2746 1436 2826 proportionis
1459 2746 1535 2807 haec

177 2842 224 2895 est
246 2831 437 2914 proprietas,
469 2841 504 2894 ut
527 2853 564 2896 ex
594 2837 707 2916 majore
741 2836 869 2898 termino
900 2844 932 2898 et
955 2843 1021 2898 toto
1052 2853 1168 2898 rursum
1199 2841 1395 2913 componatur
1429 2834 1534 2894 similis

176 2921 344 3001 proportio.
392 2918 451 2989 Qui
476 2922 556 2983 enim
582 2925 665 3004 prius
690 2933 757 2987 erat
779 2926 892 3008 maJ'or,
925 2926 987 3005 jam
1015 2925 1050 2986 iit
1072 2923 1184 2998 minor,
1218 2922 1297 3003 qnod
1319 2922 1402 3002 prins
1426 2929 1533 2994 totum,

173 3012 238 3089 jam
261 3011 298 3072 fit
321 3009 419 3087 major
443 3010 601 3086 terminus,
628 3021 660 3074 et
682 3013 879 3093 compositum
903 3033 941 3076 ex
964 3022 1090 3092 utroque
1106 3013 1170 3090 jam
1195 3011 1289 3073 habet
1312 3011 1460 3074 rationem
1482 3017 1534 3069 to-

178 3099 246 3162 tius.
296 3099 363 3159 Hoc
390 3097 420 3159 in
453 3099 618 3176 infinitum,
651 3121 770 3182 semper
800 3111 942 3165 manento
974 3101 1167 3180 proportione
1200 3099 1310 3162 divina.
1358 3099 1452 3192 Hanc
1478 3115 1535 3176 ego

177 3187 395 3268 geometricam
419 3189 657 3266 proportionem,
690 3199 776 3271 puto,
810 3193 910 3252 ideam
934 3191 1028 3252 fuisse
1052 3190 1195 3263 creatori,
1226 3189 1265 3249 ad
1289 3187 1536 3249 introducendam

177 3275 405 3356 generationem
429 3275 537 3338 similia
561 3297 598 3340 ex
622 3281 722 3352 simili,
748 3299 825 3360 quae
849 3287 898 3342 est
921 3279 1014 3340 etiam
1037 3277 1186 3359 perennis.
1234 3277 1335 3338 Video
1364 3277 1442 3337 enim
1467 3275 1535 3356 qui-

178 3366 294 3427 narium
316 3365 347 3425 in
371 3364 493 3426 floribus
517 3383 592 3444 pene
617 3369 762 3443 omnibus,
788 3369 837 3449 qui
862 3370 1000 3442 fructum,
1024 3369 1081 3429 lioc
1105 3373 1154 3428 εει
1168 3367 1393 3446 generationem
1407 3382 1536 3444 praece-

179 3455 261 3521 dunt.
288 3473 384 3533 neque
408 3461 477 3515 sunt
501 3455 538 3516 ob
563 3457 712 3536 seipsos,
737 3459 791 3519 sed
807 3458 844 3519 ob
860 3459 989 3519 fructum
1004 3462 1188 3536 sequentem.
1234 3453 1349 3516 Omnes
1369 3455 1431 3514 fere
1447 3455 1537 3514 flores

179 3542 300 3604 arborei
323 3550 395 3603 sunt
418 3543 447 3603 in
471 3543 527 3605 hoc
552 3563 658 3620 censu;
688 3546 781 3608 citros
804 3553 835 3608 et
858 3563 964 3625 pomos
988 3545 1141 3606 aurantios
1166 3545 1244 3605 forte
1268 3542 1406 3622 excipere
1431 3541 1536 3616 debeo,

180 3631 237 3692 etsi
260 3633 367 3693 liorem
391 3647 449 3692 uon
474 3632 544 3708 vidi,
569 3635 729 3696 exfructa
753 3635 850 3696 solnm
868 3653 927 3698 seu
952 3652 1038 3714 pomo
1057 3633 1169 3712 judico,
1196 3633 1245 3712 qni
1270 3649 1328 3692 non
1344 3638 1392 3692 est
1405 3630 1435 3691 in
1450 3631 1536 3692 loon-

173 3721 224 3786 ¹los
248 3719 376 3800 quinos,
411 3721 464 3780 sed
488 3730 644 3802 septenos,
668 3724 817 3797 undenos,
851 3741 983 3784 novenos
1008 3723 1130 3784 divisus.
1179 3719 1342 3791 Qninarius
1365 3737 1450 3794 vero,
1484 3737 1537 3780 seu

161 3809 397 3888 ,quinquanguli
420 3809 515 3888 ligura
538 3813 720 3874 construitur
744 3813 773 3875 in
798 3811 964 3891 geometria
988 3829 1043 3890 ope
1067 3810 1268 3889 proportionis
1294 3807 1424 3880 divinae,
1447 3826 1563 3886 qnam.

179 3899 247 3959 uolo
272 3897 471 3979 archetypum
495 3901 711 3978 generationis.
758 3901 898 3980 Amplius
914 3901 992 3962 inter
1006 3907 1120 3962 motum
1140 3897 1222 3960 Solis
1238 3901 1317 3972 (seu,
1342 3903 1376 3957 nt
1392 3915 1447 3975 ego
1464 3915 1537 3957 sen-

181 3986 232 4058 tio,
256 3985 405 4060 Telluris)
431 3994 463 4046 ει
487 3987 631 4064 Veneris,
658 4009 734 4070 quae
757 3997 880 4070 praeest
903 3989 1042 4050 facultati
1066 3987 1219 4056 seminali,
1243 3985 1397 4065 proportio
1420 3982 1466 4047 8:
1486 3983 1536 4058 13,

181 4093 257 4155 quae
280 4075 418 4158 proxime
442 4083 490 4136 est
513 4077 623 4152 divina,
659 4086 692 4139 ut
715 4080 879 4141 audiemus.
927 4078 1064 4156 Denique
1088 4077 1199 4138 Terrae
1223 4075 1338 4136 coelum
1365 4074 1395 4134 in
1421 4072 1538 4152 Ceper-

182 4165 246 4226 nico
278 4163 412 4229 medium
446 4171 495 4225 est
525 4167 604 4228 inter
636 4168 736 4229 coelos
769 4169 878 4230 Martis
910 4175 941 4228 et
969 4165 1114 4238 VeneriS,
1148 4164 1428 4243 proportionemque
1460 4162 1539 4222 inter

173 4253 248 4316 illos
272 4262 400 4318 nactum
423 4261 531 4332 estex
557 4255 744 4317 dodecaddro
769 4263 801 4318 et
823 4255 999 4329 icosaddro,
1025 4273 1100 4334 quae
1125 4261 1197 4314 sunt
1219 4252 1247 4313 in
1272 4251 1439 4331 geometria
1462 4251 1538 4311 duae

182 4343 301 4408 soboles
330 4342 535 4424 proportionis
568 4343 705 4419 divinae;
738 4345 768 4406 in
792 4346 886 4407 Terra
908 4361 980 4405 vero
1013 4349 1119 4404 nostra
1147 4348 1304 4403 exercetur
1334 4338 1539 4419 generationis

181 4449 263 4510 opus.
313 4430 398 4494 Vide
418 4430 493 4508 jam,
518 4434 664 4511 quomodo
689 4451 727 4494 ex
749 4434 942 4513 proportione
966 4431 1068 4493 divina
1096 4431 1224 4492 resultet
1252 4430 1368 4507 effigies
1391 4427 1483 4488 maris
1507 4433 1539 4484 et

113 4507 119 4520 ’
182 4520 319 4584 feminae.
369 4517 430 4578 Est
458 4537 523 4580 meo
553 4519 663 4600 jndicio
697 4522 802 4583 eadem
827 4521 914 4602 qnasi
945 4519 1100 4600 proportio
1125 4517 1332 4582 seminationis
1365 4515 1538 4594 plantarum

180 4610 216 4670 ad
240 4620 347 4674 actum
373 4607 578 4684 generationis
607 4609 795 4682 animalium,
829 4629 904 4690 quae
939 4615 987 4670 est
1014 4607 1215 4690 proportionis
1248 4603 1451 4686 geometricae
1485 4617 1538 4662 seu

179 4699 262 4763 lineis
297 4713 487 4780 expressae,
525 4697 564 4758 ad
595 4698 819 4779 proportionem
851 4689 1156 4762 arithmeticam⁸seu
1189 4693 1320 4756 numeris
1353 4705 1537 4793 expressam.

177 4789 244 4856 Jam
269 4808 348 4852 vero
376 4781 482 4848 divina
503 4785 658 4867 proportio
681 4786 812 4848 numeris
836 4789 960 4866 exprimi
983 4787 1117 4870 perfecte
1142 4783 1258 4868 nequit,
1288 4779 1413 4860 exprimi
1437 4784 1537 4840 tamen
