3718 5520
748 275 905 352 Astrologiae
927 287 1079 338 cantoribus.
1172 245 1176 254 ·
1523 286 1589 356 435

230 442 389 518 frumenti,
413 435 494 520 viui,
519 443 595 518 olei,
620 442 713 506 tritici
737 451 795 508 etc.
815 446 888 508 item
911 444 998 508 Jovis
1025 445 1055 507 iu
1084 446 1181 528 ligura
1203 447 1348 511 cardinali
1373 446 1587 527 dispositiones

229 531 395 593 vanissima
418 532 534 595 somnia
558 539 635 594 sunt.
665 530 795 603 Quaeris
818 553 870 597 cur
891 535 994 598 vinum
1016 535 1074 596 hoc
1097 554 1257 603 anuonon
1280 535 1475 616 provenerit?
1508 534 1587 607 Quia

229 619 356 700 frigidus
387 628 418 682 et
450 620 587 684 humidus
616 640 711 683 annus
736 621 801 687 luit.
849 621 908 695 Qui
931 624 988 685 hoc
1011 624 1181 704 praevidit,
1213 645 1251 686 ex
1281 625 1338 686 hoc
1367 625 1431 686 solo
1460 631 1492 686 et
1513 625 1588 688 illud

229 707 343 772 babuit.
391 707 454 772 Gur
476 728 596 772 annona
619 711 734 790 reliqua
757 712 843 774 dives
866 709 938 774 alibi
962 712 1038 785 fuit,
1053 712 1126 777 alibi
1148 713 1272 776 tenuis?
1310 710 1390 783 Quia
1412 731 1451 774 ex
1468 713 1587 777 iuterna
1651 763 1656 774 .

228 797 337 878 aliqua,
362 795 408 860 nti
431 817 522 878 supra
544 799 706 879 disputavi,
730 807 762 862 et
784 800 881 880 adhue
905 801 1025 863 occulta
1047 802 1158 864 Terrae
1182 802 1378 883 dispositione
1400 807 1505 880 partes
1527 802 1586 864 ali-

228 905 304 966 quae
328 887 487 949 Terrenum
510 887 650 951 humidae
678 889 779 964 fuere,
808 896 841 952 et
869 897 971 952 aestas
1004 899 1147 971 quantum
1178 893 1254 954 satis
1282 891 1339 954 fuit
1362 909 1483 966 serena;
1514 891 1585 953 alibi

227 993 298 1037 vero
322 976 445 1038 siccitas
469 977 535 1052 luit,
551 976 673 1040 inimica
689 977 841 1058 frugibus3
866 997 955 1061 qnam
970 985 1002 1040 et
1015 986 1116 1041 terrae
1130 987 1229 1042 motus
1249 987 1371 1042 secutus
1387 986 1446 1042 est.
1483 979 1584 1042 Inter-

228 1063 297 1126 dum
319 1065 395 1126 bene
420 1065 539 1146 quidem
562 1067 656 1129 habet
679 1085 788 1142 annus,
820 1067 874 1130 sed
907 1067 1007 1129 subito
1040 1074 1072 1130 et
1101 1087 1161 1136 nna
1189 1067 1236 1131 die
1260 1069 1367 1150 pruina
1397 1068 1446 1130 vel
1469 1069 1583 1148 grando

227 1152 384 1230 montosis,
418 1163 471 1216 aut
502 1155 657 1217 inundatio
690 1155 827 1238 partibus
860 1163 950 1219 nocet
981 1156 1159 1232 humilibus3
1197 1176 1291 1240 eaque
1328 1175 1418 1219 unum
1455 1157 1585 1239 aliquem

226 1249 367 1319 tractum,
391 1261 449 1324 quc
473 1251 581 1306 ventus
606 1244 710 1320 terrm,
736 1253 873 1326 occupat.
912 1242 1170 1315 Quemadmodum
1193 1246 1278 1308 etin
1300 1247 1457 1309 ventomm
1475 1255 1585 1310 natura

227 1349 338 1412 magna
369 1339 521 1394 momenta
550 1339 637 1402 suut,
669 1352 790 1414 quorum
821 1334 931 1414 plagae
959 1333 1005 1396 his
1032 1334 1144 1397 nostris
1166 1334 1339 1415 regionibus
1361 1333 1584 1404 inconstantis·

226 1419 320 1482 simae
357 1429 428 1482 sunt
465 1429 499 1483 ut
529 1420 696 1503 plurimum.
751 1421 971 1486 Stultissimum
1002 1423 1108 1502 igitur,
1141 1424 1245 1486 horum
1278 1432 1437 1487 eventuum
1473 1443 1583 1487 causas

227 1508 303 1571 alias
318 1527 476 1592 quaerere
503 1510 535 1573 in
562 1511 665 1591 figuris
689 1511 906 1587 cardinalibus,
939 1529 1006 1576 cum
1029 1511 1207 1576 manifestas
1231 1533 1340 1576 causas
1363 1529 1520 1575 cernamus
1545 1512 1582 1574 ob

194 1621 211 1647 0
226 1599 339 1662 oculos.
385 1600 432 1661 Ac
456 1617 494 1661 ne
517 1618 612 1662 novus
635 1600 724 1663 bomo
748 1609 844 1665 artem
867 1601 1036 1664 convellere
1059 1601 1173 1679 videar,
1199 1603 1237 1665 ad
1253 1601 1387 1668 Uardani
1410 1609 1443 1664 et
1460 1603 1582 1686 Tyuho-

225 1687 272 1750 uls
296 1688 509 1751 auctoritatem
531 1706 673 1770 provoco.

766 1777 900 1840 Thesis
924 1777 1038 1840 LXVI.

314 1862 447 1927 Causam
479 1883 568 1928 unam
598 1884 654 1946 ego
687 1865 894 1942 considerabo,
911 1873 1142 1950 *tempestatem
1170 1885 1237 1929 cum
1260 1867 1298 1929 de
1321 1867 1431 1930 ceteris
1452 1866 1582 1929 noudum

224 1960 352 2018 constet.
400 1953 466 2017 Ver
495 1962 645 2017 maturum
672 1955 702 2016 iu
726 1955 972 2018 meridionalibus
1000 1954 1075 2016 locis
1099 1974 1234 2036 gemmas
1257 1955 1399 2038 arborum
1424 1956 1583 2037 protrudet

225 2051 295 2106 aute
317 2047 449 2122 ternpus,
472 2044 577 2126 quibus
602 2043 699 2106 adhuc
723 2043 837 2105 teneris
861 2043 1074 2125 superveniens
1097 2045 1316 2124 intemperatus
1340 2045 1470 2108 Martius
1493 2045 1581 2107 dam·
1695 2041 1700 2050 “

224 2151 294 2195 uum
317 2132 437 2194 inierat.
473 2125 519 2194 'Iu
550 2140 654 2196 nostro
687 2131 807 2194 climate
841 2151 876 2194 eo
908 2141 1044 2212 tempore
1073 2132 1111 2194 ob
1127 2132 1235 2214 =trigas
1259 2134 1381 2198 solitum
1405 2141 1437 2198 et
1459 2133 1583 2196 boream

224 2221 355 2284 nondum
388 2221 546 2304 quicquam
579 2231 683 2284 extare
716 2221 806 2285 solet.
858 2221 925 2285 Ver
954 2221 1142 2285 commodum
1169 2223 1319 2304 lrugibus‚
1354 2223 1408 2286 sed
1444 2219 1494 2285 10.
1533 2221 1584 2289 11.

226 2308 276 2373 12.
300 2309 378 2390 Maji
399 2310 431 2372 in
454 2311 587 2391 periculo
616 2318 679 2387 est,
710 2317 745 2373 ut
776 2329 867 2390 supra
895 2311 1017 2373 dictum.
1063 2309 1171 2373 Junius
1204 2312 1323 2374 florenti
1354 2311 1410 2374 viti
1442 2313 1583 2381 minatur,

224 2417 294 2460 nam
324 2393 356 2462 et
387 2398 435 2462 bic
465 2407 496 2462 et
530 2399 579 2480 qui
609 2399 744 2482 seqnitur
765 2399 864 2462 Julius
889 2407 943 2462 aut
964 2399 1055 2462 nimio
1078 2399 1200 2468 humore
1224 2409 1278 2463 aut
1299 2400 1444 2483 grandine
1467 2399 1583 2480 passim

225 2487 335 2550 damna
358 2487 482 2551 dabunt.
529 2491 696 2570 Augustus,
721 2486 911 2568 September,
936 2485 1071 2550 October
1093 2489 1162 2550 vinc
1186 2489 1325 2553 videntur
1348 2491 1582 2569 faverequan·

223 2582 286 2639 tum
310 2584 408 2639 restat
430 2577 460 2639 in
483 2577 628 2660 palmite,
656 2577 807 2659 etiamque
831 2579 990 2641 frumento.
1037 2573 1100 2639 Sed
1128 2585 1230 2641 umen
1259 2586 1292 2641 et
1315 2576 1369 2644 20.
1394 2577 1583 2660 Septembris

224 2665 254 2728 in
278 2665 388 2729 vicinia
411 2683 467 2728 sua
488 2666 653 2748 periculum
675 2665 776 2728 habet

610 2817 613 2823 .
762 2754 893 2816 Theais
916 2753 1045 2817 LXVlI.

313 2839 402 2914 Quod
425 2843 545 2905 morbos
568 2841 696 2921 attinet,
721 2842 795 2905 illud
818 2843 1029 2905 universaliter
1055 2859 1158 2904 verum
1188 2841 1287 2905 sciunt
1310 2843 1437 2917 medici,
1461 2844 1582 2907 turbato

225 2939 296 2994 atre
318 2949 445 3012 corpora
468 2932 560 2994 etiam
583 2941 689 2994 nostra
710 2930 836 2995 turbari.
882 2932 989 3013 Itaque
1017 2949 1084 2994 cnm
1105 2931 1212 3014 hyems
1233 2931 1402 3014 inaequalis
1429 2933 1582 3012 significe-

225 3025 282 3097 tur,
306 3021 392 3084 multi
416 3019 508 3084 etiam
531 3019 627 3084 morbi
646 3029 750 3097 erunt,
774 3021 935 3102 praecipue
963 3020 992 3082 iu
1015 3019 1162 3102 principio
1185 3019 1290 3082 Martii
1317 3028 1349 3083 et
1370 3021 1456 3102 Maji.
1505 3019 1582 3085 Cum

226 3117 325 3172 autem
350 3117 381 3174 et
404 3118 509 3173 aestas
532 3119 679 3192 appareat
701 3109 831 3184 turbida,
856 3117 1015 3173 autumnus
1039 3129 1167 3191 sequens
1191 3107 1230 3171 ob
1249 3126 1444 3190 congressum
1458 3107 1583 3174 Saturni

225 3207 258 3262 et
288 3199 398 3262 Martis
431 3200 590 3262 admodum
623 3198 682 3261 erit
704 3198 855 3280 putridus,
880 3199 965 3262 multi
992 3199 1088 3262 morbi
1112 3199 1317 3276 autumnales,
1342 3199 1451 3262 alicubi
1474 3201 1581 3280 pestis,

193 3323 195 3328 ·
225 3307 283 3370 quo
306 3295 416 3350 ventus
439 3287 545 3350 noxius
570 3288 664 3363 feret;
690 3288 872 3368 praesertim
900 3287 926 3349 si
955 3288 1020 3369 quis
1048 3288 1176 3368 eclipses
1200 3306 1236 3350 eo
1260 3306 1317 3368 quo
1342 3287 1470 3351 diximus
1495 3291 1582 3352 modo

134 3368 138 3376 ’
226 3376 405 3442 consideret.
452 3377 487 3438 lu
510 3395 630 3458 genere,
663 3394 854 3458 quoscunque
878 3374 944 3438 dies
971 3377 1075 3440 notavi
1099 3376 1273 3458 aspectibus
1306 3376 1419 3440 crebris
1442 3377 1581 3455 infestos,

226 3465 249 3529 ii
272 3473 304 3528 et
326 3463 446 3528 morbos
469 3466 551 3528 cient
573 3465 602 3527 in
627 3465 773 3547 subjectis
795 3464 921 3541 idoneis,
937 3465 1044 3546 etjam
1063 3465 1291 3547 aegrotantibus
1307 3465 1489 3529 difficiliores
1505 3475 1584 3530 sunt.

228 3551 305 3618 Cum
329 3563 430 3618 autem
453 3555 542 3618 homo
566 3555 676 3635 aliquis
696 3554 763 3634 jam
786 3553 953 3630 decumbit,
978 3561 1032 3617 aut
1054 3574 1121 3617 oum
1144 3555 1285 3618 humores
1308 3555 1411 3619 vitiosi
1425 3557 1492 3635 jam
1506 3557 1583 3618 fluc-

226 3649 316 3706 tuant
337 3644 377 3716 in¹
391 3662 529 3725 corpore:
554 3651 625 3707 tunc
648 3663 722 3706 saue
746 3663 804 3706 nou
829 3642 966 3723 amplius,
991 3651 1025 3706 ut
1047 3644 1193 3707 hacteuus
1218 3662 1273 3725 ego
1298 3643 1365 3721 ieci,
1390 3645 1503 3726 negligi
1526 3645 1581 3708 de-

226 3731 300 3793 bent
323 3731 573 3813 configurationes
596 3733 701 3795 Lunae
731 3753 798 3796 curu
820 3732 969 3813 planetis,
1003 3733 1163 3813 praecipue
1187 3751 1255 3795 cum
1277 3731 1359 3796 Sole.
1406 3733 1486 3796 Nam
1510 3755 1582 3816 par-

228 3819 383 3883 ticularius
407 3820 588 3904 disponunt,
619 3829 650 3884 et
673 3829 795 3884 movent
816 3822 956 3884 humores
988 3820 1083 3902 (quod
1109 3828 1244 3884 testatur
1266 3841 1406 3902 magnum
1428 3823 1500 3886 illud
1524 3825 1582 3886 hu-

229 3926 343 3972 morum
367 3910 459 3974 chaos
483 3914 629 3986 oceanus)
653 3930 708 3974 uec
732 3910 878 3992 negarim,
899 3910 930 3973 iu
944 3910 1093 3973 medicina
1108 3911 1249 3973 facienda
1259 3910 1375 3973 utiliter
1388 3911 1582 3976 considerari.

228 3997 340 4062 Parcet
363 4018 454 4081 aegro
478 4001 611 4064 medicus
639 4000 832 4063 vehementer
859 3999 1036 4075 debilitato,
1070 3998 1097 4062 si
1129 4005 1248 4080 potest,
1280 3999 1367 4062 Luna
1397 3999 1426 4062 in
1457 4009 1583 4083 aspectu

228 4087 299 4151 forti
322 4097 474 4153 versante.
521 4089 601 4154 Nam
625 4089 749 4173 quilibet
773 4096 915 4170 aspectus
941 4107 997 4169 per
1024 4097 1208 4152 sanaturus
1231 4088 1371 4169 purgatio
1395 4097 1451 4152 eet
1489 4092 1533 4153 At
1557 4089 1583 4152 si

226 4177 336 4240 validis
368 4177 598 4260 purgationibus
630 4196 704 4260 opus
738 4186 804 4252 est,
836 4178 932 4260 eligat
959 4177 1093 4241 vicissim
1115 4178 1209 4241 fortes
1233 4179 1494 4260 configurationes.
1541 4178 1584 4241 Et

227 4285 300 4330 sane
324 4275 422 4330 totum
444 4267 566 4331 crisium
588 4266 742 4348 negotium
765 4287 784 4328 a
807 4267 909 4330 Lunae
933 4267 1031 4329 reditu
1055 4275 1087 4330 et
1109 4267 1342 4349 configuratione
1366 4267 1582 4350 complanatis

226 4355 387 4438 dependet,
411 4357 582 4440 frustraque
606 4355 677 4420 alibi
700 4355 862 4439 quaeritur.

751 4443 883 4507 Thasia
906 4443 1053 4507 LXVIII.

315 4531 351 4596 In
375 4533 466 4596 rebus
490 4532 621 4615 politicis
645 4541 677 4596 et
698 4532 816 4596 bellicis
840 4534 1011 4614 aecologos
1035 4550 1108 4594 sane
1131 4539 1234 4594 votum
1257 4532 1379 4614 aliquod
1401 4531 1502 4608 habet,
1522 4551 1580 4614 po-

230 4619 295 4684 sitis
318 4621 367 4694 iis,
392 4640 469 4704 quae
493 4641 584 4704 supra
608 4622 793 4686 fundamenti
825 4623 892 4684 loco
915 4621 978 4685 dixi
1001 4621 1038 4683 de
1062 4621 1228 4683 animorum
1251 4641 1398 4684 consensu
1421 4639 1487 4682 cum
1505 4639 1580 4683 oon-

229 4707 454 4790 liguraticnibus
469 4711 663 4774 coelestibus.
703 4710 886 4792 vigentibus
901 4709 979 4773 enim
994 4709 1102 4773 validis
1117 4709 1298 4790 aspectibus,
1313 4711 1401 4772 omne
1417 4708 1581 4774 auimomm

231 4814 333 4876 genus,
368 4800 524 4882 quodlibet
555 4799 586 4864 in
619 4819 673 4862 sno
705 4817 795 4880 opere
817 4799 997 4863 naturaliter
1018 4807 1160 4880 vegetum
1182 4805 1231 4860 est
1254 4805 1285 4860 et
1307 4799 1421 4874 alacre,
1450 4799 1580 4862 maxime

1308 4903 1368 4957 28*
