3542 5528
688 272 848 322 Prooemium.
1029 225 1030 231 ἵ
1107 267 1109 275 ’
1154 285 1159 296 ·
1420 271 1441 338 3

114 433 213 496 mundo
233 432 432 514 partibusque,
445 432 626 514 coelestibus,
645 431 678 494 lit
695 431 837 510 initium,
867 432 922 496 sed
949 432 1090 497 brevibus
1117 433 1171 496 illa
1193 433 1311 514 paginis
1335 434 1440 498 absol-

113 549 225 613 runcum
252 522 412 620 praecipua
439 558 509 601 vero
536 539 603 602 libri
631 538 724 601 moles
754 540 960 620 complectitur
988 539 1204 618 descriptiones
1233 541 1386 621 regionum
1409 551 1441 604 et

113 647 225 708 urbium.
268 647 374 727 ltaque
396 646 503 724 vulgus
527 645 770 727 cosmographiae
793 663 847 725 pro
870 645 1070 726 geographiae
1095 644 1224 707 dictione
1247 647 1356 711 utitur:
1380 646 1439 710 im-

112 753 254 834 posuitque
272 771 330 814 vox
353 752 424 827 ista,
447 771 465 814 a
483 752 589 814 mundo
606 738 680 815 licet
698 752 836 826 deducta,
860 751 986 814 officinis
1011 751 1150 829 librariis,
1174 752 1268 834 iisque
1284 754 1333 834 qui
1351 762 1438 816 cata-

113 859 189 938 logos
209 858 346 921 librorum
378 859 583 933 conscribunt,
614 866 648 920 ut
675 859 806 921 libellum
833 878 928 922 meum
957 859 1034 920 inter
1060 858 1261 940 geographica
1284 861 1439 924 referrent.

111 965 272 1046 Mysterinm
296 971 397 1028 autern
418 971 481 1045 pro'
496 983 604 1027 arcano
629 967 785 1045 usurpavi,
809 977 840 1028 et
861 983 915 1045 pro
938 966 992 1028 tali
1016 965 1169 1026 venditari
1193 965 1343 1028 inventurn
1367 967 1438 1029 hoc:

112 1072 206 1152 quippe
229 1071 258 1134 in
281 1072 391 1134 nullius
412 1072 581 1152 philosophi
606 1071 679 1133 libro
702 1071 777 1132 talia
799 1088 926 1150 unquam
950 1070 1111 1150 legeram.“

187 1179 220 1240 ln
251 1176 414 1240 Prodromo
452 1177 518 1260 ipso
551 1177 616 1240 falli
647 1177 793 1252 dminus,
826 1176 879 1258 qni
911 1176 993 1257 leges
1025 1176 1102 1238 istas
1137 1185 1303 1258 quaerant;
1343 1177 1439 1257 magis

109 1291 198 1344 autem
213 1283 374 1354 falluntur,
399 1285 425 1348 si
450 1285 498 1366 qui
521 1293 635 1348 certum
658 1286 714 1348 viui
737 1285 774 1346 de
798 1284 960 1365 astrologia
985 1283 1124 1366 judicium
1148 1303 1181 1344 se
1206 1283 1439 1366 deprehensuros

107 1397 217 1468 putant,
243 1389 282 1452 ab
308 1409 417 1472 eoque,
447 1391 497 1473 qui
520 1392 595 1454 artis
617 1411 673 1454 sua
695 1391 781 1454 initia
802 1398 911 1473 ponat,
940 1397 1037 1452 totam
1061 1389 1243 1470 astrologiae
1266 1407 1439 1470 compagem

107 1497 162 1576 peti
183 1503 268 1576 atque
291 1495 459 1577 impugnari
482 1498 650 1578 opinantur.
687 1497 825 1560 Etenim.
842 1498 892 1560 vix
921 1497 1073 1578 digressus
1097 1517 1116 1558 a
1142 1503 1354 1577 praeceptore,
1375 1495 1439 1571 cui,

107 1601 226 1682 quamuis
249 1603 344 1664 invito
361 1599 399 1677 ¹),
425 1603 607 1684 astrologiae
631 1611 711 1666 certe
735 1622 879 1666 summam
902 1604 1040 1666 tradendi
1063 1622 1168 1666 munus
1192 1611 1274 1666 esset
1297 1602 1438 1675 delatum,

105 1708 299 1791 tumetipse
323 1709 449 1771 eandem
473 1717 568 1772 artem
590 1709 722 1790 profiteri
744 1709 861 1789 publice
885 1727 977 1788 nuper
995 1690 1097 1789 jussus
1117 1715 1208 1780 esset,
1231 1709 1258 1770 si
1279 1709 1437 1772 destruen-

106 1815 154 1888 dis,
175 1808 247 1896 quae
270 1815 416 1878 hactenus
439 1815 626 1892 obtinebant,
651 1816 809 1878 sententiis
834 1817 943 1894 famam
967 1824 1132 1895 quaereret,
1157 1814 1256 1878 nimiis
1275 1815 1437 1878 difficulta-

106 1921 174 1984 tibus
196 1922 414 2007 implicabatur.
452 1923 592 2002 ldemqut
613 1923 652 1985 ad
674 1921 821 2002 imagines
845 1922 987 1984 viridiore
1011 1923 1109 1984 auimo
1133 1921 1342 2002 concipiendas
1365 1939 1438 2002 prn-

104 2029 205 2103 clivior,
229 2046 286 2090 non
309 2036 433 2110 poterat
456 2047 513 2090 non
534 2029 660 2110 probare
679 2029 876 2109 disciplinam,
901 2048 977 2110 quae
1000 2028 1101 2090 sidera
1125 2028 1153 2089 vi
1177 2029 1305 2110 quadam
1329 2047 1440 2104 arcana

104 2135 203 2198 adres
224 2136 370 2198 humanas
394 2135 572 2217 omninoque
597 2144 754 2199 terrestres
782 2136 883 2199 valere
912 2143 1077 2213 statueret,
1108 2145 1140 2196 et
1163 2135 1201 2196 ad
1225 2133 1440 2196 astronomiam

104 2242 197 2304 melion
215 2243 372 2316 colendam
390 2250 422 2303 et
441 2244 607 2324 augendam
626 2251 690 2306 toto
708 2251 830 2323 pectore
849 2242 997 2318 incensus,
1022 2241 1074 2303 illa
1092 2241 1168 2322 ipsa,
1193 2261 1282 2321 quam
1301 2241 1439 2316 diximus,

104 2356 216 2410 naturae
238 2349 339 2411 indole
364 2348 554 2412 deferebatur
577 2349 615 2412 ad
638 2349 699 2411 ista
722 2369 840 2412 arcana
877 2349 923 2411 De
947 2349 993 2410 his
1017 2357 1117 2412 autem
1141 2349 1169 2410 in
1188 2349 1351 2411 Prodromo
1374 2349 1440 2429 ipso

104 2453 211 2516 ncnuird
232 2473 330 2534 pauca
353 2453 595 2534 deprehenderis.
627 2455 756 2528 ,Verum
780 2455 862 2518 libris
885 2455 1011 2536 posthac
1042 2451 1234 2535 conscriptis,
1266 2473 1332 2517 cum
1360 2454 1439 2530 aliis,

103 2559 340 2634 tumHarmonia,
367 2561 445 2622 haud
465 2562 558 2625 semel
577 2563 696 2624 illarum
720 2580 816 2624 rerum
839 2562 949 2624 mentio
974 2561 1111 2644 injicitur,
1137 2579 1222 2641 quae,
1247 2561 1439 2642 quotiescun-

103 2685 154 2744 que
174 2677 342 2743 occurrunt,
365 2663 458 2750 prope
482 2669 636 2750 attingunt
658 2669 704 2755 id,
728 2669 805 2750 quod
829 2668 876 2731 hic
899 2667 1017 2730 libellus
1042 2669 1133 2730 habet
1155 2669 1349 2750 propositum.

181 2771 276 2843 Quam
299 2774 330 2836 in
355 2774 579 2854 quaestionibus
602 2773 796 2836 instituendis
818 2782 937 2836 secutus
957 2774 998 2836 sit
1017 2775 1104 2848 viam,
1129 2792 1195 2836 cum
1208 2774 1356 2853 Keplerus
1376 2773 1440 2854 ipse
1555 2781 1556 2786 ’

102 2886 129 2940 et
147 2879 173 2941 in
190 2881 378 2960 praefatione
394 2890 425 2943 et
444 2881 543 2944 libello
562 2883 638 2963 ipso,
664 2884 741 2964 quod
764 2882 841 2944 idem
862 2882 892 2943 in
912 2881 994 2944 libris
1012 2879 1140 2964 posthac
1163 2879 1339 2959 conscriptis
1360 2880 1440 2952 iecit,

102 2985 171 3048 satis
192 3005 245 3049 nos
273 2987 416 3063 edoceat,
449 2988 523 3051 haec
551 2996 669 3050 tautum
698 2989 919 3069 praemittenda
949 2997 1028 3050 sunt.
1075 2989 1117 3052 Ut
1140 2997 1252 3052 certam
1281 2989 1439 3072 quandam,

102 3111 171 3174 quas
191 3096 393 3159 intercederet
415 3095 494 3160 inter
517 3096 717 3160 revolutiones
742 3105 773 3159 et
795 3096 956 3160 distantias
984 3095 1187 3176 planetarum,
1219 3093 1365 3158 rationem
1391 3093 1439 3156 in-

103 3201 216 3276 ueniret,
239 3203 378 3282 primurm,
405 3203 483 3278 „ria
507 3203 611 3274 mirum
634 3223 722 3286 qnam
743 3204 881 3277 audaci,“
905 3202 1036 3285 planetis
1050 3201 1120 3264 Jovi
1139 3210 1170 3264 et
1183 3201 1285 3276 Marti,
1309 3201 1439 3283 pariter-

101 3325 151 3386 que
172 3307 282 3370 Veneri
310 3317 342 3370 et
368 3309 518 3372 Mercurio
546 3309 756 3390 interpositum
785 3309 842 3372 sibi
869 3309 1002 3391 fingebat
1028 3327 1137 3372 novum
1163 3309 1316 3388 planetam
1347 3327 1441 3390 ,qnos

101 3413 167 3476 duos
194 3415 270 3477 sorte
303 3415 341 3477 cb
370 3415 537 3479 exilitatem
564 3434 621 3478 non
651 3416 837 3478 videamus“.
890 3413 958 3486 Qua
985 3415 1035 3476 via
1064 3433 1151 3496 quum
1178 3415 1275 3476 minus
1303 3414 1333 3477 id
1363 3414 1440 3494 quod

100 3518 185 3580 vellet
205 3527 428 3600 assequeretur,
453 3539 499 3594 ea,
524 3539 611 3601 quarn
634 3521 728 3600 figura
750 3519 848 3602 prima
871 3520 899 3582 in
918 3522 1104 3601 praefatione
1122 3520 1245 3602 Kepleri
1266 3522 1368 3596 refert,
1391 3521 1441 3582 via

100 3625 235 3688 rationem
249 3626 334 3688 illam
348 3626 571 3708 deprehendere
586 3627 737 3698 studebat,
756 3627 955 3702 intervallum,
975 3646 1033 3709 quo
1047 3628 1171 3708 planeta
1185 3647 1204 3689 a
1218 3626 1288 3690 Sole
1304 3627 1440 3701 distaret,

100 3739 129 3792 ut
149 3732 241 3795 einum
264 3751 386 3798 versum
408 3752 540 3814 ponens,
572 3734 654 3814 cujus
682 3741 795 3796 motum
825 3742 966 3814 tanquam
994 3734 1127 3797 cosinum
1153 3754 1272 3797 versum
1295 3735 1334 3795 ad
1356 3733 1439 3796 illum

98 3847 194 3914 posset
214 3839 337 3902 referre.
384 3837 473 3912 Quod
500 3859 566 3903 curn
594 3841 776 3922 improspere
806 3840 1020 3917 successisset,
1051 3842 1081 3903 in
1109 3840 1294 3921 explicandis
1322 3840 1438 3920 magnis

98 3944 346 4024 conjunctionibus
369 3946 557 4026 planetarum
579 3947 665 4010 Jovis
689 3956 721 4008 et
743 3945 867 4008 Saturni
891 3947 1204 4028 colligebat„lineas,
1235 3946 1339 4027 quibus
1363 3963 1436 4036 con-

95 4048 254 4128 junctiones
278 4051 357 4114 istae
381 4041 621 4134 depingerentur,
648 4053 691 4116 ita
714 4073 747 4116 se
771 4071 890 4129 secare,
914 4065 947 4115 ut
968 4054 1102 4137 punctis,
1127 4053 1232 4134 quibus
1255 4059 1436 4127 secarentur,

98 4175 183 4220 noros
205 4159 333 4222 circulus
357 4159 532 4236 efficeretur,
557 4161 641 4239 cujus
665 4161 766 4222 radius
788 4160 878 4241 paulo
897 4161 993 4240 major
1011 4169 1102 4230 esset,
1128 4178 1216 4241 quam
1234 4158 1357 4240 majoris
1376 4158 1436 4219 cir-

97 4264 149 4324 culi
165 4264 267 4328 radius
287 4264 438 4328 dimidius.
475 4246 678 4340 (0,5225:1.
712 4265 861 4346 Compara
879 4267 1004 4347 figuram
1022 4267 1185 4330 secundam
1202 4265 1231 4328 in
1250 4261 1436 4345 praelatione

98 4369 237 4452 Kepleri.)
275 4371 393 4444 Quodsi
411 4373 507 4436 lineae
526 4374 645 4454 trigona
664 4374 848 4454 aequilatera
867 4359 1029 4442 efficerent,
1053 4392 1084 4434 re
1104 4391 1176 4434 vera
1192 4373 1342 4435 radiorum
1359 4369 1435 4432 ratio

98 4489 172 4540 esset
193 4459 247 4550 0,'5
265 4501 274 4542 :
294 4478 322 4542 i.
359 4478 428 4540 Jam
451 4497 521 4542 vero
544 4499 612 4542 curn
636 4479 712 4543 inter
735 4480 908 4542 distantiam
930 4465 1017 4543 Jov'ie
1040 4488 1072 4540 et
1094 4477 1217 4542 Saturni
1239 4476 1316 4540 ratio
1338 4476 1433 4537 inter-

97 4584 177 4648 cedat
198 4587 261 4648 sere
290 4581 384 4659 1:2,
415 4581 483 4659 (5,2
499 4605 507 4646 :
524 4581 593 4659 9‚5)
622 4585 801 4676 trigonum
823 4594 896 4666 apta
919 4586 965 4648 his
982 4585 1118 4666 planetis
1141 4585 1236 4666 figura
1258 4599 1324 4644 esee
1347 4576 1432 4637 vide-

97 4689 183 4756 batur.
228 4690 324 4756 Hand
345 4689 436 4754 aliter
458 4691 497 4754 ad
520 4689 638 4755 ceteros
660 4691 798 4772 planetas
822 4693 951 4772 reliquas
975 4693 1083 4773 figuras
1107 4691 1269 4770 regulares,
1293 4705 1318 4746 e.
1344 4701 1369 4744 c.
1394 4680 1432 4786 ad

374 4793 376 4798 ,
1181 4793 1222 4842 1*
