3542 5528
676 268 1075 347 m·
1407 269 1527 338 9¹

102 427 152 478 a'bil
167 426 237 479 labat
253 433 280 479 et
296 429 388 480 nititrrr
405 429 496 481 moui
514 429 689 496 simplorum
707 445 725 482 a
741 445 768 484 ae
785 431 842 482 olim
860 431 934 482 edito.
971 430 1064 482 varum
1081 445 1131 482 non
1148 429 1240 488 dubito,
1258 431 1316 498 quin
1333 431 1428 482 utatur

101 499 162 548 'urit
177 497 227 548 olim
244 499 348 565 abipso
368 502 534 566 conscriptus,
554 507 702 568 antequam,
720 516 784 568 quae
801 503 922 568 penitiora
938 501 1010 566 buius
1028 502 1147 552 edendae
1165 507 1237 560 aunt,
1260 501 1355 566 plantus
1373 518 1428 567 per-

102 576 207 621 rarutatm
221 570 311 622 iuerat
350 573 386 622 At
402 573 468 636 quod
485 573 582 632 acribia,
600 579 626 624 te
643 589 726 624 meum
744 575 878 626 auditorem
896 589 950 626 erae
967 573 1043 630 velle,
1060 573 1087 624 id
1104 574 1217 630 obsecro,
1240 573 1353 626 diaerb‘ua
1369 575 1429 624 mibi

102 641 298 706 suplicandum
317 645 385 694 anun
402 658 466 694 amn.
504 641 573 707 (Vid.
591 644 702 697 Danaeia
719 660 744 711 p.
764 642 802 709 ³.)

156 712 273 778 wem
291 714 359 768 baec
375 714 517 780 respoudit:

677 839 710 904 S.
734 841 769 904 P.
793 840 833 904 D.

173 961 291 1026 literas
305 971 386 1039 tuas,
402 961 578 1026 Clarissimo
590 963 717 1028 Domine
731 963 922 1047 Praeceptor,
938 959 959 1027 4
973 964 1045 1027 Feb.
1060 963 1199 1044 scriptas,
1215 961 1246 1029 4.
1261 960 1300 1028 14
1315 964 1429 1044 Aprilis
1501 975 1508 990 ⁸

99 1052 239 1131 accepiet
260 1053 301 1114 ad
326 1071 380 1114 eas
402 1071 456 1133 per
477 1053 726 1116 Emdachochium
747 1053 904 1135 respondi,
932 1061 1092 1134 propterea
1115 1054 1191 1134 quod
1213 1054 1429 1117 humanitatem

98 1149 167 1203 tuam
187 1141 351 1204 intricatae
373 1160 457 1204 meae
479 1160 585 1204 manus
607 1143 735 1206 lectione
759 1143 918 1206 liberatam
931 1143 1087 1204 volebam:
1109 1143 1243 1224 quodque
1262 1143 1335 1206 nihil
1354 1151 1429 1214 erat,

98 1229 164 1308 quod
185 1231 348 1294 tacendum
371 1239 462 1294 esset.
507 1231 587 1295 Nam
610 1251 685 1313 quae
710 1232 824 1314 etjam
847 1240 910 1295 turn
933 1229 980 1294 bic
1004 1232 1197 1312 gerebantur,
1227 1239 1258 1294 et
1285 1233 1430 1294 hacteuus

96 1317 170 1398 plura
190 1319 376 1390 acciderunt,
399 1339 475 1400 quae
498 1321 693 1384 mutationem
716 1328 816 1384 status
838 1321 897 1384 mei
919 1327 1067 1400 spectant,
1093 1320 1197 1402 quibus
1221 1321 1312 1384 etiam
1335 1339 1429 1402 expe-

97 1407 199 1470 diendis
220 1415 272 1472 tuo
296 1408 371 1471 mihi
394 1409 517 1472 consilio
541 1428 615 1490 opus
642 1417 709 1472 est:
739 1409 792 1474 illa
819 1409 918 1480 omnia
940 1409 978 1472 D.
1002 1409 1041 1473 D.
1066 1409 1197 1490 Papio,
1227 1410 1337 1473 fautori
1363 1429 1429 1472 meo

98 1496 224 1578 singulari
256 1516 362 1560 coram
391 1497 527 1560 recensui
554 1507 586 1561 et
612 1500 682 1580 quia
708 1499 759 1563 ille
786 1501 887 1563 omnia
909 1499 974 1581 jam
1002 1499 1117 1579 pridem
1145 1498 1263 1562 sciebat
1289 1518 1336 1562 me
1364 1499 1430 1579 ipso
1528 1535 1531 1540 ‹

96 1586 170 1666 longe
191 1586 314 1663 rectius,
338 1599 428 1668 atque
452 1588 528 1650 adeo
551 1587 661 1651 certius
684 1588 795 1652 referre
819 1589 873 1652 tibi
895 1595 1033 1650 oretenus
1051 1594 1163 1669 potest,
1189 1607 1276 1668 quarn
1298 1606 1354 1668 ego
1377 1607 1431 1670 per

98 1675 204 1736 literas:
233 1676 303 1738 ideo
327 1675 426 1758 ipsum
448 1676 664 1740 officiosissime
687 1677 785 1753 oravi,
814 1697 850 1739 ne
873 1676 958 1752 mihi,
987 1676 1203 1740 nbiH.‘D1am
1227 1678 1450 1753 convenisset,-

96 1763 143 1826 bac
163 1782 254 1844 opera
278 1764 411 1828 deesset.
457 1763 516 1838 Qui
539 1785 597 1828 nou
620 1767 716 1829 solum
738 1765 769 1830 id
791 1784 824 1829 se
853 1767 999 1828 facturum
1025 1766 1151 1846 recepit,
1183 1768 1237 1829 sed
1265 1767 1357 1829 etiam
1383 1785 1431 1829 me

97 1853 236 1932 praesenti
259 1861 294 1916 et
317 1855 442 1929 salutari
466 1855 591 1917 consilio
618 1855 780 1918 instruxit:
814 1855 890 1918 adeo
920 1862 953 1917 ut
979 1854 1053 1918 nihil
1078 1861 1192 1930 restet,
1225 1875 1313 1937 quarn
1335 1863 1369 1919 ut
1390 1853 1430 1920 H.

97 1941 178 2004 Τιιιι
190 1942 338 2023 majorem
351 1942 382 2005 in
397 1943 515 2007 modum
529 1962 639 2025 rogem,
664 1964 701 2007 ne
715 1943 934 2024 dedigneturin
953 1943 1012 2006 mei
1030 1944 1159 2025 gratiam
1179 1945 1217 2007 ab
1236 1945 1287 2008 illo
1306 1944 1429 2019 discere,

95 2049 159 2110 quse
172 2051 217 2094 ure
236 2051 350 2096 causae
365 2040 516 2108 moveant,
540 2034 695 2114 quominus
715 2033 976 2100 existimemtmihi
1000 2033 1110 2096 diutius
1134 2041 1224 2116 atque
1247 2034 1279 2097 in
1301 2053 1430 2115 sequen-

95 2129 146 2182 tem
163 2141 271 2184 annum
286 2117 330 2187 96
350 2121 401 2184 bic
420 2122 678 2186 commorandum:
708 2123 815 2186 deinde
838 2141 908 2200 vero
931 2122 1086 2204 perpensis
1109 2123 1147 2186 iis
1169 2123 1269 2186 causis
1292 2143 1339 2187 me
1363 2143 1430 2188 cer-

95 2210 188 2272 tiorem
200 2210 324 2282 reddat,
347 2211 417 2292 quid
436 2211 686 2275 consultissimum
707 2211 869 2276 existimet.
906 2209 1037 2292 Cumque
1052 2212 1143 2276 nolim
1156 2213 1312 2295 quicquam
1326 2221 1432 2276 contra

95 2297 295 2380 obligationem
318 2319 416 2363 meam
438 2301 555 2362 facere:
584 2299 657 2363 illud
681 2301 771 2363 etiam
795 2301 871 2364 scire
895 2307 1019 2381 expeto,
1044 2303 1263 2365 consulendane
1286 2302 1327 2365 sit
1349 2301 1432 2365 curia

94 2386 164 2466 prius
185 2395 277 2470 atque
305 2388 374 2451 bino
397 2408 444 2451 mo
468 2390 618 2452 conferam
641 2390 792 2454 aliorsum.
836 2391 930 2453 Putat
952 2388 1030 2452 enim
1052 2389 1091 2453 D.
1115 2391 1242 2473 Papius,
1272 2406 1369 2473 posse·
1384 2410 1431 2453 me

95 2477 207 2540 honesto
221 2477 346 2554 salario,
370 2497 436 2542 cunr
460 2479 558 2558 aliquo
581 2479 725 2560 discipulo
743 2480 772 2543 in
792 2479 922 2560 aliquem
937 2479 1122 2542 academiam
1141 2481 1303 2543 discedere.
1334 2479 1431 2542 Deni-

96 2585 144 2646 que
164 2566 190 2628 si
212 2586 288 2647 opus
311 2567 425 2630 habeat
444 2567 485 2629 ff
510 2567 575 2630 'Dra
598 2567 771 2631 dilucidiore
798 2567 1015 2648 explicatione,
1044 2576 1134 2650 atque
1161 2569 1193 2631 id
1219 2569 1291 2631 milri
1315 2565 1431 2650 siguifi-

95 2655 196 2718 caverit
211 2656 367 2730 .(iortasse
391 2657 483 2720 etiam
499 2656 562 2718 sine
581 2656 652 2730 hoc)
675 2677 732 2739 ego
754 2657 869 2738 prolixe
893 2656 1032 2720 scribam.
1069 2658 1208 2722 Nondum
1231 2677 1314 2733 sane,
1336 2657 1431 2720 Prae-

96 2751 188 2824 ceptor
198 2744 492 2818 benevolentissime,
518 2751 636 2828 tempus
656 2753 713 2823 est,
736 2754 770 2809 ut
787 2753 1052 2809 messem'tuorum
1074 2746 1281 2814 beneficiorum
1304 2765 1342 2810 ex
1364 2766 1432 2810 mea

97 2833 268 2912 gratitudine
299 2833 435 2916 colligas.
483 2832 584 2906 Quare
612 2835 688 2898 hanc
715 2854 803 2916 porro
832 2841 995 2898 sementem
1024 2834 1123 2897 facere
1153 2855 1190 2899 ne
1219 2836 1342 2915 pigeat:
1375 2836 1431 2896 hac

96 2929 168 2984 certa
185 2941 249 3003 spe,
274 2923 337 2985 lore
356 2933 391 2986 ut
404 2924 551 2986 cumulate
566 2923 725 3005 aliquando
744 2925 951 3005 respondeam,
974 2942 1040 2985 cum
1055 2923 1138 2986 Deus
1160 2924 1232 2986 mihi
1256 2924 1431 2986 facultatem

96 3027 141 3088 pro
158 3031 212 3074 aua
226 3011 387 3076 clementia
400 3012 527 3092 largitus
542 3012 640 3076 luerit.
674 3013 735 3077 Sed
757 3033 815 3075 non
839 3014 925 3094 plura
948 3011 1035 3086 addo,
1059 3020 1094 3074 ut
1114 3013 1163 3074 vel
1185 3013 1279 3074 semel
1302 3011 1433 3074 breuiter

37 3147 41 3160 .
98 3101 231 3173 scribam,
259 3120 316 3164 nec
343 3109 375 3163 te
403 3109 436 3164 et
460 3109 514 3165 tna
541 3102 663 3183 negotia
685 3102 805 3165 nimium
826 3102 1006 3182 perturbem.
1051 3100 1117 3163 Deo
1140 3119 1194 3163 vos
1222 3120 1324 3167 omnes
1347 3120 1431 3164 com·

98 3190 202 3252 nendo.
235 3190 274 3252 Η.
291 3191 373 3254 ‘lirae
396 3190 514 3273 conjugi
535 3191 765 3254 honestissimae
789 3191 951 3254 officiosam
974 3189 1102 3254 salutem
1125 3190 1202 3271 dico.
1235 3190 1304 3252 Erit
1325 3191 1375 3254 ubi
1394 3189 1434 3252 ad

98 3275 129 3338 D.
141 3287 366 3360 praeceptorem
381 3277 509 3342 Gellium
524 3279 663 3355 scribam,
687 3281 712 3343 si
732 3281 802 3362 quid
824 3281 894 3342 novi
916 3280 991 3342 baec
1010 3288 1112 3344 aestas
1130 3280 1313 3360 produxerit.
1345 3280 1432 3343 Nunc

98 3368 185 3430 omnia
211 3388 312 3431 coram
338 3369 377 3434 D.
407 3369 518 3449 Papius
548 3370 724 3434 recensebit.
775 3367 920 3432 Omnibus
949 3374 1049 3438 autern
1082 3369 1157 3433 meis
1188 3369 1432 3452 praeceptoribus

99 3456 336 3520 officiosissimam
358 3458 488 3521 salutern
511 3458 587 3522 dico.

175 3546 250 3610 Vale
274 3545 305 3610 7.
334 3545 373 3611 17
396 3547 470 3629 Maji
493 3566 569 3610 anno
589 3543 641 3612 95.
877 3546 915 3609 Η.
938 3545 973 3608 Τ.
999 3545 1203 3611 deditissimus
1227 3545 1389 3629 discipulus
1441 3577 1453 3592 κ

993 3635 1039 3698 Μ.
1063 3635 1115 3698 Jo.
1138 3633 1268 3719 Kepler.
1486 3669 1490 3688 ·

159 3791 235 3854 Quam
252 3809 330 3864 supra
341 3795 403 3846 dicit
413 3793 542 3860 Raptatus,
561 3793 672 3845 Joannea
685 3793 813 3860 Papius,
831 3793 967 3845 nomadum
978 3793 1131 3845 Eusebium
1149 3794 1198 3845 huo
1215 3808 1292 3860 uaque
1310 3797 1433 3861 amasii
1456 3847 1461 3860 ,

99 3863 236 3916 Maria
252 3868 356 3918 rectoria
372 3881 474 3918 munere
490 3866 589 3917 iunctm
607 3871 674 3922 erat.
694 3867 747 3929 jam
764 3879 822 3916 vero
839 3863 978 3931 Tubingam
996 3867 1112 3928 accersit,
1131 3866 1174 3917 ubi
1191 3867 1324 3917 triennium
1342 3868 1433 3934 exegit,

99 3935 148 3984 iude
165 3932 306 3996 Ou‘oldiarn,
329 3944 417 4002 postea
432 3937 623 4004 Βιροιιοιωιι
644 3942 827 4002 onagrorum,
851 3937 894 3986 ubi
916 3951 1003 3987 manua
1027 3937 1100 3988 aulici
1118 3936 1234 3989 uchiatri
1252 3943 1278 3988 et
1294 3937 1434 3990 medicinae

99 4007 227 4068 menaea
243 4023 289 4074 par
305 4009 453 4060 damaim
470 4010 559 4075 gessit,
585 4022 651 4060 anno
670 4005 739 4058 1622
761 4015 870 4058 mortuus
888 4013 933 4058 sat.
970 4007 1025 4058 Alio
1043 4007 1097 4060 loeo
1114 4009 1222 4072 pluribus
1240 4009 1358 4060 diaeum
1376 4011 1432 4060 erit.

101 4075 163 4136 Quae
179 4078 311 4144 Raptam
329 4093 422 4130 causae
439 4083 570 4140 moverint,
594 4085 622 4130 ut
638 4079 670 4130 de
689 4079 756 4130 abitu
775 4093 789 4129 e
807 4077 892 4142 styria
915 4079 1048 4146 cogitaret.
1071 4079 1151 4131 nullas
1169 4079 1288 4132 habemns
1305 4081 1352 4130 nisi
1371 4080 1434 4131 lorta

99 4146 156 4198 luae
168 4163 247 4270 prum
264 4151 337 4217 Papii
355 4151 489 4202 (Πιοιιιιιιι
506 4157 534 4203 st
555 4151 702 4202 offensiones
724 4149 843 4216 quasdam
865 4151 892 4200 tn
915 4153 1056 4217 gymario,
1081 4165 1143 4217 quaa
1165 4153 1248 4218 tangit
1271 4153 1298 4202 in
1321 4154 1434 4217 aequanti

162 4291 231 4344 Circa
252 4293 301 4344 lrce
325 4292 391 4343 idam
414 4299 524 4359 tempus.
549 4306 595 4358 quo
620 4294 712 4358 priores
735 4292 768 4344 ad
789 4291 949 4343 Maeadinum
972 4292 1040 4344 dedit
1061 4293 1160 4351 buras,
1184 4298 1268 4344 mente
1291 4293 1433 4356 concepisse

100 4361 185 4413 *idm
199 4363 321 4430 Κφῑιηι
338 4363 471 4430 primordia
487 4364 599 4428 Myatarr'i
623 4367 661 4414 aui
687 4364 880 4430 cosmograpbici
904 4361 994 4428 (comp.
1017 4365 1094 4428 praei.
1112 4363 1214 4430 Kepleri
1237 4369 1381 4430 mquautem
1399 4361 1432 4412 ad

101 4433 195 4496 piam
210 4431 364 4497 amaeam),
383 4449 462 4501 eaque
478 4437 605 4488 nunciavit
622 4433 753 4487 Maertlino
770 4449 856 4486 manae
872 4435 946 4497 tutio,
966 4441 995 4486 ut
1012 4451 1042 4486 ex
1058 4435 1097 4486 bia
1115 4442 1219 4501 apparet
1234 4437 1319 4487 litania

687 4591 720 4658 S.
743 4593 779 4658 P.
802 4594 840 4657 D.

181 4715 282 4780 Tertia
302 4717 382 4780 baec
400 4715 527 4796 epistola
547 4717 620 4793 erit,
648 4715 821 4782 clarissime
839 4718 877 4781 D.
890 4718 1086 4799 Praeceptor,
1111 4716 1147 4778 de
1170 4715 1275 4779 eedem
1293 4708 1431 4775 materia.

104 4799 222 4878 tunm
243 4805 312 4869 dedi
335 4805 517 4897 littingensi
539 4806 698 4873 tabellario
720 4805 884 4894 Steiqlino,
908 4807 962 4872 sub
985 4809 1074 4881 linem
1092 4803 1187 4876 nostri
1204 4799 1285 4874 Julii.
1321 4794 1433 4868 Alteri
