3586 5518
816 311 927 376 nysam
948 311 1147 376 mumque

851 524 972 624 Caput
997 521 1120 598 XVII.

719 680 825 746 Aliud
847 683 887 744 de
909 681 1072 746 Mercurio
1095 681 1256 744 mortitam.

395 824 475 890 lliud
499 822 596 904 magis
620 822 784 898 mirabere,
812 843 879 886 cnm
906 823 1115 904 promiserim,
1148 823 1225 884 velle
1250 839 1297 884 me
1320 822 1497 904 corporibus
1521 822 1598 902 ipsis
1623 821 1670 882 iu-

307 916 438 982 scribere
461 913 611 993 plauetas,
637 931 688 973 cur
711 911 891 976 Mercurium
915 933 974 974 non
998 911 1141 975 octaedro
1166 910 1381 990 insumpserim,
1406 912 1460 974 sed
1478 929 1590 992 passus
1615 911 1674 972 sim

306 1023 373 1068 eum
396 1005 426 1066 in
451 1001 563 1064 circulo
587 1000 687 1081 aliquo
711 1000 792 1062 ultra
814 1001 915 1064 orbem
940 1000 1136 1079 inscriptilem
1160 1000 1198 1060 ad
1224 999 1362 1079 quadrati
1378 1001 1544 1064 acmedrici
1561 999 1673 1080 ampli·

307 1093 440 1156 tudinem
463 1088 641 1170 exspatiari.
687 1089 767 1152 Nam
791 1109 884 1171 supra
907 1107 974 1172 cap.
1003 1086 1042 1152 13
1067 1097 1099 1150 et
1124 1084 1164 1150 ld
1193 1105 1247 1167 pro
1271 1086 1336 1150 577
1366 1107 1488 1152 numero
1517 1087 1600 1152 urhis
1624 1089 1674 1150 iu·

306 1181 411 1263 scripti
441 1179 583 1258 usurpavi
615 1175 694 1251 707,
724 1197 879 1241 numerum
908 1178 1011 1240 circuli
1034 1176 1173 1257 inscripti
1198 1177 1357 1257 quadrato.
1405 1177 1536 1241 Causam
1561 1177 1673 1239 dicam.

307 1271 449 1343 Primum,
475 1267 545 1349 quia
569 1267 633 1346 ejus
654 1264 760 1328 aSole
775 1267 925 1348 digressio
944 1265 1063 1346 longior
1084 1265 1205 1327 minime
1226 1266 1292 1346 pati
1314 1268 1415 1344 potuit
1437 1276 1499 1328 tam
1525 1274 1674 1347 augustos

308 1375 461 1430 carceres,
494 1357 601 1418 deinde
632 1356 702 1435 qnia
735 1361 767 1416 et
793 1357 957 1418 octaedrou
986 1355 1065 1417 inter
1093 1373 1220 1434 corpora
1248 1363 1280 1415 et
1302 1363 1403 1416 motus
1426 1355 1571 1418 Mercurii
1593 1355 1675 1415 inter

307 1449 448 1529 planetas
471 1445 623 1526 peculiare
648 1444 719 1522 quid
742 1451 774 1505 et
797 1453 951 1508 commune
971 1444 1098 1505 invicem
1116 1443 1241 1505 habent.
1278 1443 1357 1506 Nem
1381 1443 1411 1505 iu
1436 1445 1501 1506 solo
1526 1442 1675 1506 octaedro

309 1554 401 1618 super
416 1535 558 1616 angulum
574 1541 674 1594 erecto
689 1552 744 1595 usu
758 1536 850 1604 venit,
875 1541 910 1595 ut
923 1533 1102 1614 quadratum
1122 1532 1244 1594 directis
1269 1531 1415 1594 lateribus
1438 1533 1517 1596 viam
1541 1532 1675 1612 aliquam

241 1627 245 1636 '
310 1632 461 1690 monstret
484 1621 622 1702 ampliori
645 1621 766 1696 circulo,
792 1641 880 1703 quam
898 1629 947 1684 est
969 1621 1052 1685 orbis
1076 1621 1249 1702 inscriptus,
1273 1640 1327 1701 per
1341 1621 1469 1684 medium
1485 1620 1674 1686 transeundi.

307 1713 342 1778 ld
366 1713 446 1794 quod
473 1710 503 1773 iu
536 1712 617 1772 nullo
650 1711 709 1774 alio
743 1730 867 1793 corpore
901 1711 1162 1792 quomodocunque
1190 1710 1292 1772 voluto
1320 1730 1376 1774 usu
1404 1712 1496 1774 venit
1544 1709 1674 1790 Semper

306 1802 386 1866 enim
409 1809 587 1864 transverse
610 1817 665 1880 per
688 1801 818 1865 medium
840 1807 873 1864 et
895 1798 1041 1880 impedita
1063 1799 1205 1862 incedent
1227 1799 1336 1862 latera.

475 1903 521 1952 ttr-
536 1898 571 1944 Ἀ
808 1891 843 1952 ln
868 1889 924 1951 hoc
947 1888 1104 1951 schemate
1128 1895 1256 1969 quatuor
1287 1888 1384 1951 lineae
1418 1895 1574 1950 extremae
1603 1895 1676 1949 sunt

508 1959 539 2006 ²
746 1987 874 2059 quatuor
903 1977 1169 2058 perpendiculares
1193 1977 1320 2039 totidem
1343 1979 1499 2057 planorum
1528 1976 1559 2038 iu
1583 1985 1674 2038 octa·

746 2069 829 2130 edre.
867 2066 905 2142 R,
931 2068 955 2140 1,
976 2066 1010 2140 T,
1031 2066 1063 2126 V
1082 2074 1153 2127 sunt
1171 2083 1272 2128 eorum
1295 2067 1450 2146 planorum
1474 2072 1591 2139 centra,
1617 2065 1675 2125 de-

617 2149 647 2198 V
746 2155 941 2219 terminantia
960 2153 1187 2233 amplitudinem
1207 2155 1289 2216 orbis
1307 2155 1455 2236 inscripti,
1480 2154 1518 2216 de
1541 2171 1602 2234 qno
1626 2151 1675 2214 hic

650 2243 653 2252 '
747 2245 832 2306 vides
857 2243 999 2307 circulum
1023 2242 1193 2305 maximum.
1241 2240 1299 2312 Qui
1324 2245 1405 2306 urbis
1434 2242 1460 2304 si
1483 2241 1677 2324 intelligatur

724 2333 828 2426 Svolvi
852 2352 941 2414 super
964 2331 1082 2412 punctis
1106 2332 1145 2393 ad
1164 2331 1210 2408 X,
1235 2331 1275 2402 H,
1300 2331 1374 2394 dnos
1399 2333 1525 2410 angulos
1549 2332 1675 2410 figurae,

748 2425 879 2504 reperiet
902 2423 931 2484 in
954 2421 980 2484 P
1004 2421 1170 2502 quadrante
1195 2441 1214 2482 a
1240 2421 1318 2502 polis
1346 2421 1540 2484 circumcirca
1563 2419 1675 2500 ampli-

747 2513 881 2578 tudinem
905 2511 1038 2592 aliqnam
1070 2511 1233 2590 majorem,
1266 2529 1357 2590 quam
1386 2517 1438 2574 est
1465 2507 1509 2574 01
1541 2509 1592 2571 rel
1621 2505 1676 2571 ΟΡ

628 2587 650 2639 Ψ
745 2601 971 2664 semidiameter
988 2597 1079 2672 orbis,
1103 2603 1210 2677 nempe
1227 2597 1295 2670 OQ.
1333 2599 1514 2662 Differentia
1537 2599 1604 2678 ejus
1628 2605 1676 2658 est

745 2688 810 2761 PQ.
848 2689 892 2752 Et
914 2697 1002 2751 tanta
1025 2697 1074 2750 est
1097 2687 1226 2750 latitudo
1249 2688 1367 2764 circuli,
1393 2688 1443 2768 qui
1466 2687 1548 2750 ultra
1571 2685 1675 2750 orbem

514 2781 542 2840 1
746 2796 922 2852 excurrens,
954 2779 1051 2840 instar
1074 2775 1236 2838 horizontis
1261 2777 1388 2857 alicujus
1411 2777 1440 2838 in
1464 2776 1600 2856 sphaera
1623 2794 1675 2838 ar·

309 2870 441 2944 millari,
473 2885 528 2948 per
560 2867 690 2929 medium
723 2867 859 2930 octaedri
891 2867 1022 2928 transire
1052 2874 1166 2946 potest.
1214 2863 1345 2936 Qenim
1369 2865 1446 2929 etS
1475 2873 1547 2928 sunt
1575 2863 1677 2928 media

311 2967 424 3038 puncta
447 2958 571 3018 duorum
595 2956 739 3032 laterum,
763 2955 888 3035 proinde
912 2965 944 3017 et
966 2953 1103 3036 proxima
1126 2954 1200 3017 orbi.

402 3043 559 3116 Quomodo
584 3045 610 3106 si
634 3045 783 3108 animatus
806 3045 927 3126 quidam
958 3045 1081 3123 planeta
1107 3061 1162 3124 per
1189 3043 1318 3104 medium
1348 3043 1523 3105 octaedrum
1553 3059 1675 3104 currere

306 3135 484 3218 juberetur,
514 3142 546 3195 et
573 3135 699 3215 angulos
723 3136 799 3196 duos
826 3153 880 3214 pro
909 3133 1005 3214 polis,
1037 3131 1265 3212 amplitudinem
1289 3131 1425 3212 inscripti
1448 3151 1503 3212 pro
1526 3131 1676 3194 curriculo

311 3222 494 3286 observare:
527 3242 585 3284 non
609 3223 709 3285 hercle
734 3224 853 3297 mirum,
884 3223 911 3284 si
934 3221 1078 3284 invitatus
1102 3221 1155 3284 illa
1184 3219 1393 3301 amplitudine,
1427 3220 1477 3283 ubi
1504 3219 1609 3283 nullae
1633 3219 1677 3282 illi

310 3321 411 3374 metae
436 3311 595 3372 obstarent
618 3329 670 3392 per
693 3321 789 3376 totum
809 3312 963 3385 ambitum,
988 3310 1176 3373 exorbitaret
1190 3309 1361 3392 aliquando,
1386 3317 1419 3371 ut
1433 3309 1594 3372 Phaethon
1616 3308 1677 3384 ille,

314 3401 476 3480 tantisper,
510 3401 577 3460 doru
602 3401 799 3480 repelleretur
822 3403 860 3463 ab
885 3400 1054 3464 occurrenti
1078 3400 1183 3462 latere.
1231 3397 1321 3470 Quod
1343 3417 1397 3478 per
1415 3399 1519 3478 jocum
1543 3397 1623 3472 dixi,
1646 3395 1694 3460 id¹

313 3489 392 3550 serio
416 3488 504 3568 ajunt
527 3488 657 3552 artifices
682 3492 802 3554 evenire
825 3491 985 3552 Mercurio.
1033 3486 1109 3550 Cum
1139 3489 1219 3550 enim
1246 3488 1339 3550 ceteri
1367 3507 1471 3551 omues
1494 3487 1525 3549 iu
1549 3487 1678 3566 singulis

315 3575 550 3639 revolutionibus
579 3578 755 3641 describant
781 3579 915 3659 ejusdem
946 3576 1151 3658 amplitudinis
1183 3577 1311 3639 circulos
1344 3578 1503 3656 (quantum
1533 3577 1617 3638 enim
1641 3575 1679 3637 ab

315 3685 372 3726 una
396 3677 483 3745 parte
509 3667 676 3741 discedunt,
701 3677 818 3730 tantum
843 3685 879 3728 ex
903 3668 1002 3729 altera
1024 3666 1091 3726 viae
1111 3674 1199 3748 parte
1217 3667 1365 3728 accedunt
1383 3666 1422 3727 ad
1437 3663 1569 3741 Solem),
1595 3667 1678 3728 solus

312 3753 480 3815 Mercurius
506 3755 543 3815 ab
568 3755 731 3817 artificibus
757 3757 892 3829 obtinuit,
919 3765 952 3817 ut
976 3755 1135 3836 aliqnando
1159 3755 1320 3834 majorem,
1347 3755 1507 3835 aliquando
1532 3755 1678 3816 minorem

315 3841 457 3905 circulum
483 3843 653 3906 describere
680 3845 847 3915 diceretur,
877 3845 965 3926 idque
989 3844 1178 3924 privilegium
1201 3863 1313 3906 merum
1338 3843 1474 3905 haberet.
1490 3847 1518 3916 ⁸)
1565 3843 1679 3905 Dicunt

476 3947 520 3996 ru.
535 3944 570 3988 ²⁶·
767 3935 844 3996 enim
860 3935 942 3994 illum
957 3933 1100 3995 accedere
1117 3945 1148 3996 et
1169 3933 1310 3994 recedere
1330 3954 1349 3993 a
1368 3942 1471 3996 centro
1487 3932 1534 3994 sui
1550 3931 1675 3994 orbis0

592 4015 611 4126 *q
718 4015 732 4138 ’q
770 4043 825 4104 per
847 4023 955 4084 lincam
973 4035 1087 4084 rectam
1101 4021 1166 4098 YZ,
1192 4021 1240 4084 ubi
1264 4021 1488 4084 semidiameter
1509 4019 1570 4082 ΟΥ
1590 4023 1678 4102 louge

610 4131 617 4203 q
770 4108 913 4174 minorem
933 4111 1074 4174 circulum
1094 4111 1247 4185 describit,
1263 4131 1353 4192 qnam
1367 4109 1438 4174 OZ:
1461 4111 1541 4174 Nam
1557 4119 1678 4174 ceteras

256 4267 259 4276 k
333 4248 346 4290 ο
771 4201 1004 4280 inaequalitates
1017 4219 1119 4262 omnes
1135 4219 1200 4262 curu
1216 4199 1284 4262 aliis
1300 4199 1468 4280 aequaliter
1479 4199 1608 4262 sortitus
1619 4209 1676 4274 est,

714 4270 726 4311 ²
771 4290 940 4369 nullamque
955 4308 1020 4364 cum
1031 4289 1088 4350 hac
1099 4290 1319 4351 exorbitatione
1332 4289 1538 4352 commutavit.
1559 4288 1678 4352 Etcum

770 4387 936 4441 ceterorum
953 4385 1173 4439 eccentrctetes
1189 4396 1302 4454 omnes,
1328 4378 1354 4439 si
1377 4397 1436 4438 uon
1461 4379 1679 4458 proportiona-

770 4469 849 4542 liter,
861 4467 904 4528 sic
914 4475 1014 4528 tamen
1027 4468 1211 4541 decrescant,
1223 4475 1257 4528 ut
1267 4467 1389 4529 minoris
1400 4483 1520 4547 semper
1530 4468 1630 4529 minor
1639 4469 1679 4529 sit

311 4563 542 4627 ecceutricitas:
572 4563 654 4624 solus
677 4557 845 4624 Mercurius
869 4555 1029 4618 immanem
1053 4556 1155 4630 habet,
1169 4554 1198 4630 b)
1223 4574 1329 4636 nempe
1353 4555 1510 4636 decuplum
1534 4555 1676 4631 Veneris,

311 4673 377 4716 oum
405 4653 463 4732 ipsi
491 4661 525 4712 ut
556 4651 690 4714 inferiori
718 4649 814 4712 minus
848 4643 939 4706 etiam
969 4645 1137 4706 deberetur.
1190 4643 1292 4716 Quare
1317 4646 1373 4706 etsi
1398 4644 1481 4706 illam
1505 4644 1676 4726 inaequali·
1783 4681 1784 4684 =

311 4749 406 4802 tatem
429 4741 580 4821 privatam
604 4740 735 4802 noudum
763 4751 830 4795 cum
862 4732 920 4793 hac
948 4733 1050 4796 circuli
1078 4735 1116 4796 ab
1146 4735 1217 4796 orbe
1246 4734 1417 4796 differentia
1440 4733 1675 4807 conciliaverint,

312 4846 367 4890 uec
392 4847 428 4890 ea
451 4829 582 4892 fortasse
607 4824 760 4892 conciliari
785 4821 893 4904 possit.
917 4829 951 4885 ut
971 4821 1094 4903 prodita
1117 4830 1167 4886 est
1189 4824 1227 4886 ab
1247 4823 1422 4900 artificibus,
1447 4823 1488 4887 ad
1511 4823 1673 4889 amussim:
