3674 5528
303 265 369 334 348
732 270 833 321 literae
850 269 954 334 Kepleri
972 271 1124 336 aliorumque
1141 277 1243 322 mutuae

306 429 435 510 Opticis.
482 429 525 492 'liu
550 425 664 492 contra'
679 430 740 492 aie:
768 426 800 503 1)
824 429 973 510 puriorem
997 429 1058 493 illis
1082 449 1149 493 esse
1174 436 1284 494 aerem.
1330 431 1375 494 At
1397 448 1456 492 non
1480 430 1617 510 sequitur
1630 437 1663 492 et

304 517 498 580 humiliorem.
547 516 641 582 Calor
663 525 825 594 extenuat,
859 519 997 581 tenuiora
1019 519 1151 599 puriora.
1198 518 1290 584 Calor
1314 537 1400 598 ergo,
1434 519 1485 598 qui
1507 518 1659 598 puritatis,

303 607 383 669 idem
398 605 565 668 altitudinis
579 626 681 682 censa,
699 605 768 688 quia
782 616 873 684 anget
888 614 1009 669 aerem:
1036 607 1065 669 in
1081 614 1152 670 aare
1173 608 1251 670 enim
1266 607 1399 688 quotidie
1416 607 1558 686 gignitur,
1582 607 1661 687 qnod

260 713 264 721 ’
304 694 333 758 in
358 700 446 758 nocte
469 696 578 758 itemm
601 696 720 777 cogitur
742 697 771 758 in
790 713 874 756 rores
897 714 952 774 per
975 695 1070 775 frigus
1093 713 1263 773 snpemum.
1311 693 1347 769 2)
1372 695 1449 756 Ais:
1474 695 1534 757 cito
1549 713 1662 774 perva-

304 783 375 846 dere
398 791 613 865 tempestates,
645 804 714 846 esse
737 783 829 864 igitur
852 783 993 846 humilem
1017 783 1058 846 ibi
1083 791 1193 846 aerem.
1240 786 1357 846 Bonum
1381 791 1605 864 argumentum,
1636 783 1663 844 si

303 872 412 934 bonnm
435 879 520 934 esset
543 879 717 936 assumtum.
756 873 835 934 Nam
858 892 924 934 cum
947 873 977 936 in
1001 873 1133 936 borealis
1156 872 1262 936 oceani
1277 871 1471 952 navigatione
1491 872 1559 954 lego
1575 871 1661 933 subi-

302 971 353 1022 tas
376 969 586 1040 tempestates,
612 967 804 1042 argumentor
826 960 891 1041 ipse
916 981 1042 1043 quoque,
1066 961 1208 1024 humilem
1231 981 1299 1022 esse
1323 967 1433 1034 adrem,
1458 961 1553 1022 itant
1567 978 1663 1040 vapor

303 1069 341 1112 ex
365 1058 448 1113 terra
471 1051 637 1112 ascendens
661 1051 761 1112 subito
785 1049 814 1110 in
839 1049 934 1129 frigus
958 1050 1131 1113 aethereum
1156 1051 1302 1123 incurrat,
1338 1056 1481 1129 superato
1506 1048 1586 1112 airis
1612 1049 1661 1110 fa-

304 1137 405 1217 stigio.
450 1139 493 1201 Et
515 1147 547 1200 tu
570 1139 724 1219 pulchram
753 1138 995 1201 observationem
1025 1138 1125 1212 addis,
1155 1139 1345 1200 utilissimam
1374 1137 1575 1216 speculationi
1600 1137 1655 1198 ful·

304 1225 425 1296 minum,
451 1229 528 1306 quod
552 1227 632 1308 apud
656 1246 709 1290 voe
733 1245 790 1288 non
815 1225 860 1289 ita
882 1227 1075 1289 fulminantur
1098 1234 1192 1302 tecta,
1217 1227 1292 1290 utin
1310 1223 1476 1288 Germania
1495 1226 1661 1305 superiore.

305 1313 408 1378 Causa
439 1325 540 1378 tamen
572 1316 663 1397 paulo
690 1315 779 1377 aliter
811 1315 1004 1396 accipienda,
1037 1334 1144 1396 nempe
1177 1335 1236 1376 non
1269 1321 1322 1377 aer
1345 1322 1465 1388 terrae,
1500 1314 1554 1376 aed
1580 1323 1665 1376 terra
1752 1319 1758 1324 '

304 1403 367 1466 adri
391 1412 439 1466 est
461 1405 590 1484 propior.
635 1403 727 1466 Aeris
751 1423 864 1484 aequor
886 1403 1037 1485 aequabili
1060 1403 1231 1484 superficie,
1261 1403 1373 1466 Terrae
1402 1411 1473 1465 sunt
1499 1402 1661 1482 profundi-

302 1499 401 1566 tatee,
435 1499 469 1555 ut
496 1500 641 1554 montana
664 1493 727 1554 slnt
749 1491 835 1572 quasi
864 1492 998 1572 scopuli,
1026 1499 1058 1553 et
1081 1492 1217 1571 superior
1247 1491 1412 1553 Germania
1439 1493 1525 1570 quasi
1549 1502 1660 1573 syrtes.

301 1580 343 1642 Et
366 1579 448 1642 soleo
471 1580 540 1641 hinc
564 1580 776 1660 argumentari,
801 1599 894 1660 quare
918 1580 1074 1643 cacumina
1098 1579 1308 1642 fulminantur:
1338 1579 1461 1658 spiritus
1485 1580 1563 1642 enirn
1588 1598 1660 1659 per-

302 1669 416 1748 rumpit
436 1667 586 1730 humidum
611 1675 725 1743 adrem,
761 1688 819 1749 qua
842 1668 1046 1731 tenuissimus.
1094 1668 1155 1731 Sed
1179 1677 1280 1731 tamen
1306 1668 1381 1728 haec
1404 1669 1527 1728 obstare
1552 1668 1661 1729 viden-

301 1764 368 1819 tur:
410 1755 443 1830 l)
466 1757 613 1819 Bohemia
635 1777 692 1819 uon
717 1757 820 1819 crebro
844 1757 958 1836 petitur
981 1757 1163 1830 fulminibus,
1189 1765 1362 1820 esttamen
1387 1757 1469 1829 alta,
1495 1757 1534 1816 ad
1559 1756 1662 1819 fontes

301 1865 344 1908 sc.
369 1843 473 1920 Albis;
498 1845 527 1908 id
551 1845 728 1927 praesertim
744 1844 978 1926 circaPragam.
1025 1844 1061 1920 2)
1086 1845 1226 1908 Secunda
1245 1864 1347 1919 causa,
1372 1863 1424 1906 cur
1438 1853 1585 1907 montana
1600 1844 1661 1906 ful-

300 1934 458 2009 minentur,
483 1943 540 2010 est,
566 1934 636 2015 quia
658 1941 776 1996 montes
801 1942 871 1996 sunt
895 1933 1032 1996 officinae
1057 1943 1267 1996 meteororum.
1316 1930 1353 2013 3)
1378 1929 1458 1994 Sunt
1471 1942 1575 1995 certae
1592 1953 1660 1994 ma-

301 2022 407 2097 teriae,
432 2043 507 2102 qnae
531 2024 636 2086 crebro
661 2022 864 2085 fulminantur.
912 2022 1009 2102 igitur
1031 2023 1171 2084 videntur
1194 2021 1333 2082 emittere
1358 2021 1553 2100 spirituosnm
1577 2021 1660 2082 bali-

301 2119 373 2186 tum,
397 2111 447 2192 qui
471 2111 625 2174 fulminum
648 2111 793 2191 impetum
815 2110 846 2172 in
870 2129 937 2172 sese
962 2109 1155 2172 similitudine
1171 2108 1317 2172 materiae
1337 2110 1478 2171 invitant.
1524 2106 1562 2184 4)
1586 2109 1662 2170 Ful-

203 2275 205 2282 y
301 2199 412 2262 minum
434 2209 544 2262 natura
566 2200 683 2274 eadem,
707 2218 785 2279 quae
809 2198 874 2262 auri
898 2198 1031 2261 fulminei
1055 2195 1290 2278 (Schlaggold);
1322 2197 1475 2259 incensum
1499 2199 1578 2260 euim
1604 2217 1662 2258 non

301 2307 420 2349 sursum
444 2287 558 2361 nititur,
583 2289 636 2350 sed
661 2289 810 2360 deorsum,
836 2285 865 2349 in
885 2289 1044 2349 adversum
1064 2286 1150 2367 quasi
1167 2286 1292 2348 humori.
1339 2285 1381 2347 Et
1403 2286 1433 2346 in
1450 2285 1561 2347 fodinis
1577 2286 1662 2346 nuri-

231 2439 233 2446 ,
303 2375 375 2437 feris
404 2377 504 2437 solent
531 2396 569 2438 ex
594 2376 730 2457 fuligine,
765 2393 841 2456 quae
875 2375 1019 2436 lateribus
1053 2375 1229 2456 abyssorum
1263 2373 1469 2450 adhaerescit,
1504 2375 1661 2455 ingruente

301 2462 424 2526 humida
447 2472 627 2544 tempestate
652 2465 783 2526 existere
807 2483 897 2526 casus
921 2464 1075 2526 fulminum
1098 2463 1249 2532 similium,
1274 2463 1323 2544 qui
1339 2469 1449 2524 necant
1471 2463 1610 2526 homines
1632 2461 1660 2522 in

301 2561 458 2632 puteorum
481 2551 646 2627 (Schucht)
671 2553 781 2615 fundis.
830 2550 965 2616 Oenseut
987 2551 1160 2626 metallarii,
1185 2551 1339 2630 fuliginem
1353 2551 1436 2613 illam
1460 2571 1584 2612 auream
1604 2551 1660 2611 hu-

302 2641 381 2703 mido
404 2647 475 2703 aire
498 2641 636 2716 incendi,
670 2660 763 2723 quare
787 2641 835 2703 hic
866 2659 982 2721 quoque
1011 2641 1123 2702 fulmen
1157 2639 1213 2700 huc
1246 2657 1367 2700 aureum
1396 2640 1543 2718 profunde
1572 2640 1659 2721 petit.

303 2729 367 2791 Hae
392 2729 576 2809 objectiones
600 2730 725 2812 ancipiti
757 2737 789 2792 et
820 2749 912 2791 caeca
943 2748 1046 2810 pugna
1081 2729 1216 2790 feruntur
1248 2728 1276 2788 in
1301 2747 1424 2789 causam
1449 2736 1549 2800 tuam,
1584 2745 1661 2808 quae

302 2817 379 2880 alitis
403 2819 473 2880 mihi
497 2837 612 2898 quoque
635 2839 694 2879 non
718 2818 867 2896 displicet.
914 2815 975 2878 Sed
1001 2826 1068 2878 utut
1091 2816 1140 2891 sit,
1167 2824 1243 2886 esto,
1268 2815 1316 2876 ubi
1342 2815 1421 2877 citae
1446 2823 1659 2895 tempestates,

302 2914 336 2968 ut
359 2906 398 2968 ibi
422 2907 543 2968 humilis
567 2914 629 2980 ner,
656 2906 721 2968 dico
746 2907 810 2973 tibi,
835 2905 890 2966 sub
913 2906 1029 2966 torrida
1053 2923 1111 2966 non
1135 2903 1213 2965 citas
1227 2912 1438 2983 tempestates.
1478 2905 1557 2966 Nam
1581 2905 1659 2965 unde

301 3003 332 3056 tu
356 2995 486 3074 probas?
523 2993 603 3066 Quia
626 2995 777 3057 adortum
798 2993 962 3055 nubeculae
986 2993 1091 3055 statim
1106 2993 1195 3054 adest
1220 2993 1300 3054 furor
1322 3001 1489 3056 ventorum.
1527 2993 1660 3055 Pulchra

303 3083 488 3157 observatio;
513 3083 624 3146 similia
645 3084 675 3147 in
699 3083 795 3145 sacris
816 3083 973 3157 babemus,
999 3101 1065 3144 cum
1089 3080 1175 3143 Elias
1199 3081 1315 3143 coelum
1329 3080 1499 3144 recluderet
1512 3081 1658 3144 imbrem·

303 3190 358 3251 que
383 3172 411 3232 in
436 3171 555 3233 Achabi
579 3178 671 3252 caput
693 3170 918 3254 praecipitaret.
965 3167 1028 3232 Sed
1057 3189 1115 3231 non
1139 3169 1233 3231 vincit
1259 3170 1455 3248 propositum.
1501 3169 1661 3232 Nubecula

303 3259 420 3338 signum
444 3267 493 3320 est
516 3259 742 3340 copiosissimae
761 3259 916 3332 materiae,
937 3259 1002 3338 jam
1024 3257 1054 3319 in
1068 3257 1224 3337 procinctu
1247 3258 1368 3332 stantis,
1394 3277 1451 3318 non
1474 3276 1579 3332 cauea,
1605 3278 1660 3319 non

302 3355 410 3409 mater.
456 3345 508 3409 Sic
533 3348 562 3409 in
587 3347 705 3430 Styria,
730 3367 796 3411 cum
819 3347 906 3409 ulons
930 3345 1060 3409 Schekel
1083 3345 1163 3426 pileo
1188 3344 1318 3424 tegitur,
1351 3347 1456 3425 phrasi
1484 3347 1659 3420 incolarum,

301 3441 440 3498 manente
462 3433 542 3515 pileo
565 3455 621 3499 nec
644 3455 794 3519 quoquam
808 3437 933 3512 dimoto,
957 3435 1063 3497 existit
1076 3434 1190 3515 pluvia,
1214 3433 1349 3495 oriuntur
1372 3434 1411 3495 ad
1426 3434 1546 3496 oculum
1568 3437 1660 3496 nubes

302 3525 329 3586 in
353 3523 490 3604 pertibus
514 3524 590 3587 coeli
613 3525 737 3600 serenis,
761 3524 897 3588 collectis
921 3543 964 3587 sc.
989 3531 1021 3586 et
1044 3523 1083 3585 ad
1106 3523 1224 3586 oculmn
1248 3521 1385 3584 densatis
1409 3523 1582 3605 vaporibus.

371 3629 562 3681 Fabricius:
587 3627 651 3680 Solis
674 3636 701 3682 et
725 3630 813 3682 Lunae
837 3629 941 3694 eclipses
962 3629 1140 3693 utplurimum
1165 3628 1288 3679 inducunt
1314 3627 1373 3679 illae
1401 3634 1498 3687 aestu.
1524 3630 1661 3688 siccitates,

301 3701 349 3752 hae
367 3700 535 3751 humiditasee.
573 3701 611 3751 Tu
628 3702 655 3750 in
673 3702 751 3752 Terre
768 3703 928 3766 praecipuam
947 3714 1050 3752 cansam
1067 3700 1180 3766 qnaeris,
1206 3699 1251 3749 sed
1268 3699 1341 3750 valde
1360 3700 1473 3750 absurde.
1510 3700 1591 3750 Terra
1609 3702 1661 3766 qui-

301 3772 356 3822 dem
374 3786 478 3835 vapores
497 3777 523 3820 at
540 3771 591 3821 alie
609 3779 687 3830 creat,
707 3772 750 3822 sed
770 3787 785 3822 a
804 3773 921 3838 singulari
940 3774 1030 3822 virtute
1048 3772 1141 3822 Terrae
1159 3771 1204 3821 illa
1222 3770 1317 3820 extrudi
1335 3785 1386 3820 non
1405 3770 1494 3828 credor
1514 3771 1613 3821 coelum
1631 3785 1662 3821 es

301 3843 375 3892 elicit.
411 3841 548 3892 Ventorum
567 3858 662 3907 quoqne
686 3844 760 3893 flatus
780 3843 868 3892 diversi
889 3845 972 3892 irrites
990 3857 1066 3905 saepe
1089 3841 1195 3891 reddunt
1219 3850 1366 3905 aspectuum
1384 3843 1548 3905 operationes.
1588 3841 1660 3898 Vide,

300 3927 332 3962 ne
351 3925 440 3962 noram
459 3913 630 3963 constituendo
649 3915 849 3979 meteorologiam
874 3914 943 3964 coelo
961 3914 1076 3976 inluuiem
1095 3913 1190 3970 facias,
1208 3926 1252 3976 pro
1271 3911 1378 3976 planetis
1396 3913 1502 3963 induces
1517 3912 1661 3977 Neptunum

301 3989 327 4034 et
346 3983 408 4034 alios
428 3982 503 4033 Deos.

389 4071 593 4151 Keplerus:
618 4071 849 4136 Absurditatam
863 4072 1005 4152 Neptuno
1028 4091 1095 4134 meo
1120 4069 1283 4151 ἑηοσιγαιῳ
1298 4071 1440 4152 imputas,
1465 4091 1561 4135 cansa
1580 4075 1662 4135 nulla

301 4161 416 4234 allata;
442 4160 591 4223 tacuisses
605 4162 711 4224 eodem
726 4161 857 4224 foenore.
896 4161 991 4240 igitur
1014 4161 1108 4222 verba
1121 4167 1175 4222 tna
1190 4161 1351 4239 usurpabo,
1376 4161 1533 4224 sententia
1550 4181 1660 4224 versa:

300 4249 417 4312 coelum
441 4250 559 4329 quidem
583 4251 721 4313 stimulat
743 4251 876 4324 Terram,
902 4252 956 4312 sed
980 4269 999 4312 a
1022 4249 1167 4330 singulari
1192 4249 1322 4329 quadam
1346 4249 1458 4312 virtute
1482 4249 1561 4312 coeli
1585 4251 1663 4314 citra

300 4337 430 4401 Telluris
454 4357 576 4418 operam
599 4357 728 4420 vapores
752 4359 789 4400 ex
813 4338 908 4401 Terra
930 4337 999 4400 elici
1023 4357 1080 4399 non
1105 4336 1212 4411 credu;
1236 4337 1332 4400 Terra
1355 4357 1408 4400 eos
1432 4339 1581 4401 extrudit.

389 4427 436 4490 De
467 4435 625 4490 ventorum
653 4427 778 4508 imperio
806 4427 835 4488 in
864 4433 1067 4508 tempestates
1095 4426 1193 4488 sentio
1222 4433 1332 4488 tecum.
1378 4428 1424 4489 At
1447 4428 1607 4492 circuitum
1631 4439 1662 4490 et

300 4516 383 4578 vices
398 4534 501 4578 eorum
525 4534 628 4578 omnes
652 4516 846 4596 inquirendas
870 4516 1076 4597 relinquamus·
1096 4514 1209 4577 nostrie
1231 4515 1373 4594 posteris.
1404 4510 1525 4579 'Pauca
1549 4517 1661 4581 scimus

302 4605 339 4666 de
363 4603 585 4667 universalibus
609 4623 646 4666 ex
672 4603 911 4667 GustaJesnita.

371 4710 553 4760 Fabricius:
582 4709 729 4771 Quaeritur,
756 4725 791 4760 en
808 4710 891 4761 lumen
910 4709 949 4758 rel
974 4709 1041 4760 calor
1061 4709 1124 4759 Solis
1149 4713 1176 4758 et
1194 4706 1321 4758 stellarum
1346 4709 1379 4757 sit
1406 4708 1546 4759 vehiculum
1564 4711 1661 4760 virtutis

300 4779 365 4829 illins
383 4781 481 4832 astrdb
499 4781 537 4832 rel
556 4781 701 4832 influentiae
720 4781 894 4846 astrologicae.
933 4779 998 4830 Sunt
1015 4779 1135 4838 nonnulli,
1155 4779 1196 4846 qui
1215 4783 1318 4845 negant.
1338 4785 1437 4843 praeter
1449 4779 1512 4830 lucis
1531 4787 1558 4831 et
1573 4782 1661 4833 emona
