3674 5528
763 253 863 305 Literae
882 254 984 318 Kepleri
1004 255 1153 318 aliorumque
1172 262 1274 306 mutuae

840 411 875 462 Ut
892 413 924 462 sit
943 415 965 462 Δ
985 427 1124 478 apogaeum
1143 412 1261 478 epicycli,
1290 412 1464 479 Oapopaeum
1483 413 1603 472 eccentrl,
1619 413 1687 472 B,c

769 489 863 545 puncta
888 483 1040 542 reflexicuis,
1069 483 1167 549 quando
1194 490 1306 534 centrum
1333 485 1437 548 epicycli
1461 485 1487 532 in
1513 483 1586 534 nodo.
1624 483 1687 534 Tunc

768 553 815 602 AD
844 553 882 603 rel
900 553 944 603 HI
972 555 1060 606 eadem
1083 556 1139 618 ipsa
1163 555 1230 604 linea
1254 555 1360 619 apogaci
1389 554 1492 618 epicycli
1519 556 1601 604 unitur
1618 554 1686 618 eclip-

757 624 847 682 ‘ticae,
872 631 898 674 et
924 628 960 674 sic
987 625 1009 674 Β
1036 625 1064 674 tt
1092 625 1132 682 K,
1158 631 1184 674 et
1208 623 1228 673 G
1255 623 1284 674 fit
1308 625 1346 686 Τ,
1375 627 1434 690 quia
1461 623 1512 676 AD
1536 625 1686 688 perpendicu-

768 693 854 744 lariter
877 695 940 746 ers
959 695 1095 746 descendit.
1134 693 1175 746 Sic
1195 693 1249 755 Qlt
1267 697 1292 744 iu
1310 696 1357 745 isto
1376 697 1430 746 loco
1449 703 1488 746 est
1505 697 1609 760 apogaei
1629 697 1690 746 linea

769 766 986 829 perpendicularis,
1006 765 1098 816 Vrero
1117 773 1156 818 est
1173 780 1220 830 apo
1239 779 1312 816 aeum
1330 767 1434 830 epicycli
1446 767 1555 832 vulgare,
1575 774 1601 816 et
1618 766 1639 828 Q
1656 777 1690 816 cet

770 850 924 900 apogaeum,
954 851 970 886 a
994 853 1042 902 quo
1070 839 1190 888 distantia
1209 782 1296 902 {pro
1313 837 1447 888 latitudine
1471 836 1616 902 inquirenda
1633 841 1689 886 sumi

771 906 852 958 debet.
889 907 960 958 Data
982 909 1057 974 igitur
1083 903 1241 968 distantia&
1265 909 1297 958 ab
1323 922 1436 972 apogaeo
1457 908 1565 972 vulgari,
1593 907 1691 957 addatur

768 977 803 1028 illi
823 977 956 1028 distantiae
976 981 1053 1028 uentri
1072 979 1174 1042 epicycli
1195 979 1226 1028 ab
1243 993 1355 1044 apogaeo
1373 980 1506 1029 ecceutrici
1525 978 1651 1036 distantia,
1668 987 1691 1028 et

767 1048 845 1100 babes
863 1056 943 1099 totam
961 1042 982 1110 Q
1002 1048 1146 1100 distantiam
1165 1049 1197 1099 ab
1216 1063 1328 1114 apogaeo
1348 1049 1451 1112 epicyeli
1469 1048 1589 1113 parallelo
1613 1049 1689 1098 latim·

768 1120 860 1170 diuum.
898 1120 1016 1170 Circellua
1038 1135 1127 1184 parvus
1151 1116 1217 1182 (EF)
1245 1135 1320 1186 prope
1338 1119 1440 1169 Terram
1464 1121 1543 1170 ricem
1568 1121 1691 1169 eccenutci

768 1193 832 1258 gerit
858 1190 1053 1256 quodammodo,
1078 1193 1099 1240 ai
1124 1191 1233 1255 superior
1257 1204 1315 1254 pare
1334 1189 1355 1239 E
1374 1193 1427 1254 ejus
1445 1190 1568 1246 dccduet,
1600 1191 1692 1240 inferior

767 1277 825 1326 pars
843 1261 863 1311 F
881 1261 952 1312 uuita
969 1263 1003 1310 ait
1028 1262 1109 1312 bneae
1137 1260 1171 1310 ad
1196 1261 1337 1324 eclipticam
1362 1260 1505 1324 productae.
1544 1261 1571 1311 Si
1589 1269 1691 1310 centrum

768 1334 900 1384 eccentrici
918 1335 943 1382 iu
957 1333 977 1382 E
989 1334 1107 1396 superiori
1116 1337 1196 1396 parte,
1215 1338 1275 1382 tunc
1293 1331 1361 1381 linea
1380 1345 1397 1380 a
1407 1331 1485 1383 Terra
1502 1347 1548 1396 par
1562 1331 1622 1381 illud
1639 1346 1690 1381 ceu-

766 1411 829 1454 trum
848 1405 981 1454 eccentrici
1001 1404 1092 1454 educta
1110 1401 1219 1452 ostendit
1238 1401 1429 1452 declinationem
1448 1403 1480 1453 ab
1500 1403 1624 1466 ecliptica.

414 1473 444 1522 In
462 1472 561 1524 Venere
579 1479 648 1539 puto,
667 1489 743 1526 unam
761 1475 916 1527 latitudinem
935 1481 1033 1523 tanturn
1052 1488 1120 1532 esse;
1139 1473 1296 1523 reflexionem
1314 1472 1430 1522 videlicet
1447 1475 1589 1530 eccentrici,
1607 1472 1692 1522 unllam

340 1559 398 1594 vero
417 1544 607 1595 declinationem
628 1543 677 1608 (ti,
697 1561 753 1596 cum
772 1547 835 1596 adeo
853 1559 932 1610 parra
952 1579 957 1592 .
978 1581 985 1593 .
1006 1580 1012 1594 .
1033 1580 1039 1593 .
1061 1541 1097 1606 (i)
1117 1579 1124 1593 .
1144 1578 1151 1593 .
1171 1577 1177 1590 .
1198 1557 1263 1608 qnae
1285 1543 1349 1593 forte
1366 1544 1426 1592 vitlo
1445 1544 1623 1595 observationis
1639 1543 1691 1594 Pto·

338 1617 462 1666 lemaicae
480 1616 518 1665 lta
536 1616 651 1667 ordinata
669 1619 723 1668 luit

411 1685 502 1736 ludica
519 1692 548 1736 tn
567 1687 597 1738 de
615 1687 664 1738 hao
682 1688 860 1752 speculatione,
878 1689 920 1751 qui
940 1686 1150 1736 observationibus
1163 1683 1329 1748 Tycboniauis
1347 1683 1414 1734 haud
1427 1684 1500 1734 dubie
1516 1686 1650 1736 instructus
1661 1699 1691 1734 ea

415 1755 556 1822 Diligenter
575 1773 671 1824 quoque
690 1774 720 1808 ex
738 1759 906 1823 parallaxibus
924 1757 963 1806 rel
982 1751 1417 1819 evariatiouibus(evagationibusi)
1437 1757 1502 1805 visus
1522 1755 1692 1806 attendendum

342 1827 427 1890 judico
445 1826 476 1877 de
495 1825 612 1878 Mercurii
631 1829 717 1878 visuali
735 1830 885 1894 quantitate,
905 1843 937 1878 au
956 1825 973 1874 4
992 1829 1068 1891 signis
1089 1827 1120 1877 ab
1139 1828 1251 1890 epogado
1269 1832 1378 1874 mmotue
1395 1839 1482 1876 revera
1501 1829 1585 1892 magis
1596 1827 1629 1876 ed
1639 1827 1692 1875 'ler-

343 1912 397 1948 ram
416 1899 603 1962 appropinquet,
622 1913 696 1964 quam
714 1902 740 1949 iu
758 1902 884 1964 peripaeo,
903 1899 941 1949 rel
961 1913 992 1948 au
1012 1898 1071 1948 illud
1089 1898 1135 1947 liat
1152 1911 1196 1960 per
1207 1902 1302 1945 motum
1318 1896 1434 1946 dia-effi
1443 1898 1693 1962 §mevaniam

343 1969 382 2020 vel
400 1969 505 2033 epiaycli
522 1971 720 2033 majorationem,
739 1973 820 2020 uteie
839 1969 936 2020 deam?

367 2071 412 2119 ris·
441 2072 461 2108 ⁶·
592 2057 795 2136 Keplerns:
827 2057 886 2119 llic
908 2075 956 2118 me
971 2073 1063 2118 vocas
1086 2056 1114 2116 in
1139 2055 1327 2138 labyrinthos
1342 2066 1410 2118 tnos
1434 2057 1471 2118 de
1495 2057 1644 2119 Mercurio
1666 2066 1693 2118 et

433 2187 447 2228 ὁ
504 2145 636 2207 Venere.
667 2146 736 2209 Nou
761 2146 845 2209 lubet
867 2145 967 2226 sequi:
1001 2144 1079 2206 citra
1102 2145 1249 2208 rationem
1281 2145 1422 2226 setigeris
1455 2147 1601 2208 munius
1623 2146 1691 2207 Pto-

505 2233 612 2294 lemaei
635 2234 767 2312 placitis,
793 2255 869 2316 quae
900 2242 965 2296 tarn
987 2233 1083 2294 multa
1113 2233 1193 2296 falsa
1207 2233 1480 2314 deprehenduntur.
1527 2234 1607 2296 Mihi
1633 2235 1692 2295 sul-

504 2321 567 2382 ficit
590 2323 668 2384 scire
691 2323 749 2385 boc
772 2323 809 2385 de
833 2323 1010 2396 Venereet
1033 2321 1183 2384 Mercurio
1207 2341 1245 2383 ex
1268 2322 1547 2391 observationibus,
1573 2321 1692 2384 inclina-

504 2410 602 2472 tiones
616 2411 773 2490 planorum
793 2415 885 2493 (quae
901 2419 972 2473 sunt
986 2411 1163 2472 Ptolemaeo
1178 2411 1320 2492 epicycli)
1344 2411 1383 2472 ad
1400 2411 1522 2490 planum
1543 2411 1692 2491 eclipticas

508 2517 575 2560 esse
600 2507 789 2576 constantes,
815 2509 848 2562 et
870 2499 981 2561 variari
1005 2517 1095 2579 posse
1112 2500 1303 2562 latitudinem
1327 2500 1619 2562 seuincliuationem
1632 2518 1690 2560 ma

505 2587 625 2663 xlmam,
652 2589 770 2668 quando
794 2590 941 2666 contingit
964 2588 993 2649 in
1016 2585 1101 2664 όΘ
1128 2609 1146 2649 a
1172 2587 1183 2650 1
1202 2583 1216 2619 ⁰
1237 2588 1266 2649 in
1294 2583 1361 2650 10⁰
1383 2588 1430 2649 vel
1457 2585 1493 2650 11
1507 2585 1535 2662 ⁰,
1562 2597 1597 2650 ut
1617 2589 1693 2650 vides

434 2741 436 2746 ,
506 2675 535 2736 in
560 2675 680 2754 adjecto
704 2677 869 2740 schemate.
915 2675 985 2738 Erit
1009 2675 1120 2751 969
1146 2695 1237 2756 supra
1262 2673 1339 2751 11⁰,
1368 2677 1449 2739 iufra
1475 2673 1517 2738 1ο
1539 2696 1568 2740 c.
1592 2695 1618 2738 c.

594 2767 739 2827 Fortasse
766 2766 864 2828 minus
893 2767 963 2846 quid
991 2763 1166 2841 dicendum,
1200 2773 1233 2826 ut
1259 2765 1389 2826 alterurn
1417 2765 1545 2828 alterius
1574 2767 1615 2827 sit
1641 2784 1692 2826 non

434 2891 435 2894 =
505 2853 716 2933 undecuplum,
751 2855 804 2919 sad
828 2855 995 2934 octuplum,
1030 2862 1083 2915 aut
1107 2855 1183 2916 i'orte
1213 2853 1419 2914 tantummodo
1443 2854 1630 2934 sextuplum,
1660 2853 1692 2914 de

360 2989 371 3006 .
423 2953 425 2958 ’
504 2960 562 3020 quo
585 2960 642 3003 non
666 2959 775 3022 pugno.
824 2941 947 3005 circelli
970 2941 1119 3004 libratorii
1142 2941 1220 3004 ultro
1236 2943 1356 3014 cadunt,
1383 2941 1502 3003 bisocta
1516 2940 1691 3005 eeceutrici-

504 3037 569 3091 tate
584 3031 706 3092 Terrae.
744 3031 791 3092 Ex
807 3031 949 3113 epicyclie
964 3031 1037 3091 fient
1054 3029 1224 3105 eccentn'ci,
1249 3030 1375 3110 quilibet
1389 3049 1455 3091 cum
1470 3050 1523 3093 suo
1540 3040 1692 3112 aequante.

504 3119 634 3181 Tentavi
658 3128 729 3181 ante
753 3139 847 3182 annos
872 3117 892 3180 6
915 3119 963 3182 vel
988 3117 1023 3193 73
1056 3119 1161 3182 videor
1183 3118 1369 3193 meminisse,
1393 3137 1452 3180 nou
1476 3137 1570 3198 posse
1593 3119 1691 3182 Ptole-

441 3217 455 3266 ὁ
505 3206 583 3270 maai
606 3207 721 3286 placite
745 3209 915 3270 transfundi
938 3208 968 3270 iu
990 3206 1228 3287 Copernicanam
1252 3209 1377 3270 formam
1401 3207 1478 3268 citra
1501 3209 1692 3270 mutationem

343 3316 527 3374 quaeamus
550 3313 666 3368 eorum,
700 3315 776 3376 quae
809 3315 847 3358 ex
874 3295 1067 3358 Ptolemaicie
1101 3303 1274 3376 sequuntur.
1321 3295 1530 3375 Triangnlatio
1561 3294 1693 3359 Mercurii

342 3390 485 3463 suspecta
508 3391 566 3452 cst,
591 3385 675 3463 quia,
700 3393 842 3465 quantum
866 3385 897 3446 id
921 3384 1024 3446 estin
1046 3384 1272 3458 clamatore,
1297 3385 1377 3464 quud
1398 3383 1579 3448 Ptolemaeo
1601 3385 1693 3447 mian-

343 3470 526 3551 gulationem
548 3474 717 3550 persuasit,
747 3475 778 3536 id
801 3481 913 3550 totum,
939 3492 1033 3554 coque
1056 3474 1155 3554 majus
1188 3472 1301 3554 aliquid
1330 3473 1552 3536 observationis
1577 3472 1692 3538 incerti·

344 3560 441 3624 tudini
463 3557 552 3622 tnbni
574 3570 688 3641 potest.
735 3563 777 3624 Et
800 3571 901 3624 tamen
926 3562 952 3623 si
976 3581 1014 3624 ex
1037 3563 1172 3643 epicyclo
1197 3562 1232 3624 fit
1255 3563 1454 3636 ecccntricua,
1487 3562 1693 3625 eccentricitas

344 3649 397 3710 fiet
419 3668 545 3728 magua,
570 3652 701 3714 ovalitas
725 3651 867 3730 insignis,
893 3650 1066 3714 occasiones
1090 3651 1319 3730 multae„quae
1343 3651 1517 3712 Ptolemaeo
1538 3652 1578 3713 ad
1602 3651 1692 3712 trian-

342 3738 525 3817 gulationcm
548 3739 667 3817 praeire
692 3748 864 3818 potuerunt.
912 3739 1031 3802 Addam
1062 3747 1094 3800 et
1121 3738 1165 3814 id,
1200 3739 1237 3799 de
1266 3756 1328 3818 quo
1353 3738 1445 3801 toties
1475 3741 1615 3820 quaeris,
1648 3755 1695 3800 cur

344 3825 431 3886 hodie
461 3827 823 3908 cunctaeclongationes
857 3827 1005 3889 maximae
1035 3846 1091 3889 non
1129 3834 1259 3907 aequent
1287 3827 1438 3910 antiquas.
1484 3827 1554 3890 Non
1585 3825 1694 3906 disperi

344 3913 415 3992 quid
439 3913 535 3974 dicas.
582 3913 645 3978 Sed
667 3917 820 3978 inventum
854 3936 978 3991 moneo,
1012 3925 1046 3978 ut
1077 3935 1178 3978 sumes
1215 3915 1424 3995 elongationes
1457 3936 1477 3977 a
1503 3917 1603 3978 medio
1634 3916 1694 3977 loco

289 4067 295 4090 ,
343 4001 436 4076 Solis,
462 4021 519 4063 non
544 4023 562 4064 a
586 4023 670 4080 vero,
696 4013 857 4086 ceteraque
881 4006 946 4067 Tua
970 4005 1083 4067 trustra
1105 4023 1173 4066 cum
1195 4004 1391 4066 Ptolemaicie
1414 4005 1620 4084 comparabis,
1653 4002 1693 4062 sin

336 4109 382 4150 ax
406 4091 574 4153 observatis
598 4094 671 4155 Tuis
697 4094 844 4174 loquaris:
869 4094 911 4155 nil
935 4093 1048 4169 mirum,
1075 4093 1101 4155 ei
1125 4094 1297 4172 discrepent
1320 4113 1338 4154 a
1360 4092 1480 4172 placitis
1495 4089 1693 4155 Ptolemaicis.

345 4178 422 4240 Puto
446 4179 509 4257 lieri
533 4199 590 4242 non
613 4201 720 4261 posse,
744 4191 777 4244 nt
800 4182 881 4244 intra
904 4192 986 4244 tuam
1011 4191 1145 4244 aetatem
1160 4181 1273 4242 cadant
1295 4181 1464 4261 hujusmodi
1479 4181 1693 4262 elongationes,

344 4286 402 4330 una
425 4266 587 4338 matutina,
619 4271 717 4332 altera
739 4271 927 4350 vespertine,
961 4271 1010 4333 ubi
1036 4271 1202 4334 Mercurius
1235 4269 1324 4331 simul
1348 4269 1453 4331 eodem
1483 4272 1526 4332 sit
1555 4271 1620 4332 loco
1650 4265 1693 4328 sui

344 4354 485 4438 cpicycli,
509 4356 656 4438 simulque
681 4360 773 4421 cadat
790 4359 820 4421 in
844 4359 1065 4438 elongationem
1089 4357 1264 4435 maximam,
1294 4366 1328 4420 ut
1350 4357 1471 4439 quidem
1493 4357 1600 4422 sumsit
1621 4357 1693 4418 Pto-

344 4446 486 4507 lemarus.

412 4531 590 4583 Fabricius:
611 4531 742 4594 Narratur,
761 4533 896 4584 Dracum
914 4536 941 4584 lu
959 4533 1098 4584 elevatione
1109 4533 1159 4598 poli
1172 4530 1225 4582 41⁰
1242 4539 1352 4598 tempore
1371 4534 1464 4584 aestivo
1483 4546 1602 4598 magnum
1619 4532 1693 4595 fn'gus

342 4605 473 4662 invenisse,
492 4617 540 4654 noc
558 4611 657 4669 propter
670 4605 776 4672 glaciem
794 4606 819 4654 ln
838 4605 916 4654 litoris
934 4605 1042 4656 Peruanl
1065 4607 1120 4654 sinu
1147 4606 1254 4672 quodam
1270 4607 1400 4655 inemtam
1418 4603 1519 4654 ultanus
1536 4604 1635 4669 migrari
1652 4617 1691 4664 po·

273 4681 280 4690 “
342 4677 427 4726 tuisse.
465 4674 538 4736 Quae
556 4689 634 4727 cauea
650 4676 724 4740 liujus
742 4675 833 4726 insoliti
852 4674 967 4742 trigoris?

432 4746 640 4828 Keplerus:
672 4749 719 4811 De
748 4748 859 4828 frigore
889 4749 920 4810 in
950 4747 1089 4811 litoribus
1113 4745 1258 4819 Quivirae
1280 4753 1354 4828 puto
1377 4765 1425 4810 me
1449 4745 1605 4828 scripsisse
1635 4744 1691 4823 jam
