3674 5528
331 273 396 345 374
438 240 445 250 Ι
751 279 852 330 literae
869 277 972 342 Keplerl
990 277 1142 342 dictunque
1157 281 1261 328 numae

333 439 460 501 necdum
484 437 586 511 linita,
615 437 704 500 simul
727 436 796 516 ipsa
818 437 948 498 musices
971 435 1067 515 hujus·
1084 435 1220 497 suavitas
1243 434 1356 500 inritat
1377 454 1439 510 me,
1470 441 1505 494 nt
1528 431 1690 513 epistolam

332 526 470 607 sequenti
493 524 625 587 diatriba
648 526 756 588 finiam.
803 525 935 586 Veteres
959 524 987 584 in
1010 541 1118 584 ‘vocum
1141 524 1310 586 intervallis
1325 523 1521 605 quaesierunt
1543 522 1585 595 id,
1611 521 1691 600 qnod

333 624 382 678 est
413 613 582 689 minimum,
620 622 654 674 ut
686 633 724 674 ex
756 633 791 676 eo
825 632 878 674 cen
920 613 1069 675 elemento
1108 620 1322 692 componerent
1354 612 1538 674 diastemata
1565 610 1690 671 harmo-

331 704 408 777 nica,
426 719 492 788 ¹qua
509 721 543 763 re
557 701 715 783 plurimum
738 701 817 782 lapsi
832 709 912 774 sunt,
937 709 967 762 et
982 719 1051 762 sese
1075 700 1243 764 indometa
1260 699 1482 763 inextricabilia
1496 698 1691 761 induremut.

271 831 278 838 -
330 791 366 853 In
398 807 472 852 voce
505 809 633 870 namque
666 805 773 870 suapte
807 798 916 852 natura
947 809 1006 851 non
1038 788 1128 852 datur
1157 789 1308 851 minimum
1341 789 1586 859 intervallorum,
1621 787 1693 866 qnia

331 879 523 942 intervallum
561 887 609 940 est
641 880 826 959 comparatio
860 879 983 940 duarum
1023 877 1226 958 inaequalium
1264 879 1467 958 quantitatum
1504 874 1691 950 sonantium,

330 975 491 1049 potestque
520 967 661 1030 infinities
682 968 796 1030 variari
824 985 861 1026 ex
885 976 993 1028 natura
1016 967 1229 1046 quantitatum.
1276 966 1372 1044 Igitur
1395 963 1548 1028 contraria
1572 963 1695 1026 ratione

331 1057 418 1118 nobis
446 1056 604 1136 agendum.
651 1054 851 1126 Quaerendae
884 1074 993 1117 causae
1018 1055 1231 1135 diastematum
1267 1054 1518 1126 harmonicorum,
1554 1060 1588 1115 ut
1612 1052 1689 1113 hac·

331 1153 419 1206 tenus
444 1163 499 1224 ego
525 1145 596 1206 ieci:
630 1144 714 1218 inde,
747 1143 971 1222 comparatione
996 1143 1079 1206 facta
1102 1144 1318 1210 diastematum
1342 1143 1461 1217 horum,
1496 1139 1694 1204 resultabunt

331 1233 410 1296 ultro
434 1233 619 1294 diastemata
637 1239 741 1293 cetera
763 1251 821 1294 non
845 1230 1027 1306 harmonica,
1052 1231 1169 1294 usitata
1191 1239 1292 1294 mmen
1325 1241 1357 1294 et
1378 1249 1434 1311 per
1449 1249 1526 1311 quae
1550 1229 1691 1292 canendo

332 1321 391 1384 itur
414 1328 505 1400 atque
528 1320 651 1394 reditur,
677 1319 909 1400 apparebitque,
934 1321 987 1382 illa
1010 1339 1068 1381 non
1091 1321 1194 1383 valere
1218 1320 1283 1381 solo
1305 1340 1375 1393 usn,
1401 1319 1456 1381 sed
1481 1326 1591 1380 nature
1615 1315 1691 1390 niti;

331 1427 427 1490 neque
451 1408 531 1471 iuter
554 1427 622 1470 sese
647 1409 863 1470 communicare
888 1407 986 1488 aliquo
1010 1408 1139 1483 minimo,
1165 1409 1244 1487 quod
1267 1410 1310 1471 sit
1332 1407 1418 1470 unius
1442 1407 1534 1470 modi.
1582 1405 1691 1486 Igitur,

331 1497 358 1560 si
381 1497 538 1560 hannonia
561 1497 757 1579 aequalitatis
781 1497 917 1558 solvatur
941 1497 969 1557 in
993 1497 1051 1558 duc
1076 1497 1229 1578 aequalia,
1258 1498 1335 1560 dnae
1357 1503 1463 1576 partes
1487 1503 1575 1558 erunt
1599 1495 1691 1558 chor-

337 1587 403 1661 dae,
429 1604 551 1666 quarnm
576 1585 729 1666 quaelibet
751 1605 819 1646 cum
843 1592 909 1647 tota
932 1593 1023 1646 sonat
1046 1591 1207 1648 ὅιαιιασωι.
1255 1583 1289 1647 Si
1320 1585 1360 1646 ad
1383 1592 1478 1646 totam
1508 1583 1538 1646 io
1564 1580 1585 1648 3
1611 1582 1690 1644 divi-

337 1693 402 1736 sam
426 1691 582 1754 compares
607 1693 710 1736 sonum
734 1673 864 1753 partium
889 1672 926 1747 2,
950 1673 1053 1736 existit
1076 1679 1223 1748 deunana,
1253 1681 1345 1736 etex
1369 1673 1433 1753 ejus
1456 1673 1631 1734 differentia
1653 1670 1691 1732 ad

335 1767 489 1825 διαπασωι
520 1763 629 1825 existit
654 1768 867 1842 διαιισσαρωι.
914 1763 995 1826 Nam
1021 1763 1053 1824 in
1083 1763 1178 1824 tribus
1208 1763 1346 1836 vocibus,
1380 1779 1504 1843 quarum
1534 1769 1691 1822 extremae

335 1856 489 1913 ὄιαιιασωι
512 1851 643 1922 distant,
668 1850 768 1913 medis
792 1870 859 1912 oum
881 1851 941 1912 ima
964 1859 1096 1914 tranans
1120 1849 1248 1926 iaciens,
1278 1851 1351 1914 facit
1375 1868 1441 1912 cnm
1466 1867 1609 1929 suprema
1633 1855 1691 1912 tec·

333 1959 505 2018 τισσαρωι,
538 1948 591 2002 ant
614 1949 729 2002 contra.
776 1939 846 2000 Jam
874 1939 980 2019 igitur,
1015 1939 1042 2001 si
1065 1959 1220 2020 compares
1252 1948 1284 2002 et
1314 1947 1431 2020 partem
1456 1957 1531 2018 qnae
1557 1943 1691 2002 ὄιαιιιηι

334 2037 366 2090 et
389 2045 465 2108 quae
488 2035 695 2108 trassucupcr
717 2027 791 2090 facit
818 2045 885 2089 cum
915 2029 1020 2089 eadem
1044 2036 1127 2104 tota,
1160 2037 1193 2091 ut
1216 2030 1242 2090 ei
1266 2028 1378 2091 chorda
1406 2027 1434 2088 in
1463 2023 1501 2089 12
1525 2027 1690 2100 dividatur,

335 2125 405 2178 mon
429 2135 519 2179 sonus
542 2117 673 2196 partium
696 2115 718 2179 8
742 2116 865 2182 sonabit
888 2115 1038 2196 diapente,
1063 2117 1192 2196 partium
1216 2115 1236 2182 9
1260 2117 1460 2188 diatessaron,
1488 2125 1558 2178 tunc
1575 2135 1616 2178 ex
1634 2116 1691 2177 hae

334 2203 556 2285 comparatione
580 2205 674 2267 oritur
696 2213 786 2266 tonus
809 2205 904 2285 major
927 2206 1006 2268 inter
1029 2205 1171 2268 chordam
1189 2201 1261 2269 tna
1285 2203 1413 2267 divisam
1437 2212 1470 2266 et
1493 2221 1601 2266 sonum
1616 2223 1690 2286 par-

328 2293 407 2354 tium
429 2290 470 2368 83
503 2293 610 2354 dicitnr
632 2293 791 2372 dacyocoe,
825 2312 864 2355 cx
885 2295 971 2374 cujus
995 2294 1233 2356 accumulatione
1262 2303 1396 2367 veteres,
1431 2311 1488 2354 nno
1513 2293 1690 2355 Ptolemaeo

332 2387 470 2459 excepto,
495 2381 558 2455 sed,
584 2382 662 2461 quod
686 2381 813 2456 mireris,
838 2381 999 2444 etiamnum
1023 2381 1186 2458 Boethius,
1218 2383 1320 2446 conati
1343 2389 1413 2444 sunt
1437 2398 1618 2460 componere
1642 2382 1691 2444 in-

331 2469 461 2530 tervalla
485 2469 668 2532 harmonica.
715 2471 836 2552 ltaque,
867 2469 892 2532 si
917 2478 1092 2551 quaeratur,
1123 2488 1215 2552 quare
1244 2489 1346 2532 omnes
1370 2471 1446 2531 adeo
1470 2468 1610 2532 homines
1634 2489 1688 2533 ca·

329 2557 427 2618 nendo
450 2577 504 2637 per
527 2558 582 2619 hoc
605 2559 796 2622 intervallum
820 2568 892 2622 eant
914 2561 963 2630 (ut
985 2552 1015 2620 in
1041 2559 1213 2634 ,victimae
1236 2558 1377 2620 Paschali
1402 2559 1509 2620 laudes
1532 2559 1692 2622 immolent

330 2642 528 2721 Christiani“,
552 2636 641 2710 tonus
665 2646 762 2725 major
784 2655 834 2709 cst
855 2649 934 2709 inter
956 2667 1048 2710 voces
1074 2649 1134 2724 „im
1157 2649 1261 2724 mo“)‚
1286 2646 1493 2727 respondetur,
1519 2647 1591 2728 qnia
1615 2649 1690 2710 haec

329 2732 371 2794 sit
402 2733 572 2797 differentia
604 2735 727 2812 duarum
761 2734 920 2814 primarum
951 2737 1187 2808 harmoniarum,
1224 2755 1300 2816 quae
1332 2735 1362 2796 in
1388 2741 1541 2798 ὅιαιιασωι
1574 2737 1688 2799 insum.

331 2820 480 2902 Amplius,
498 2823 525 2885 si
539 2823 691 2886 dividatur
706 2823 852 2902 diapason
867 2823 896 2886 in
913 2822 943 2898 3,
960 2823 989 2897 5,
1016 2821 1045 2898 6,
1069 2833 1104 2886 nt
1118 2843 1209 2886 sonus
1223 2823 1353 2904 partium
1373 2821 1474 2886 heum
1492 2844 1568 2886 sono
1584 2826 1689 2900 totins,

331 2928 383 2972 seu
397 2911 527 2990 partium
543 2907 573 2988 6,
590 2911 683 2973 faciat
697 2912 826 2974 diatrion
838 2913 941 2976 molle:
958 2913 1051 2975 saciet
1065 2914 1144 2975 idem
1154 2927 1245 2974 sonus
1256 2909 1416 2991 partium5
1430 2931 1495 2974 curn
1512 2932 1587 2975 sono
1600 2913 1689 2975 dimi-

332 2998 400 3060 diae
415 2999 544 3062 chordae
569 3019 621 3061 sen
645 3001 774 3080 partium
791 2997 820 3075 3,
846 3019 921 3080 quae
947 3021 1005 3062 vox
1028 3009 1077 3063 est
1096 3000 1240 3081 superior,
1265 3001 1450 3063 harmoniam
1475 2999 1508 3062 dr‘
1524 2997 1558 3074 ἐξ
1572 3002 1689 3064 duram.

332 3086 532 3168 comparetur
556 3107 627 3168 ergo
657 3081 691 3170 Ἰ,
722 3088 760 3149 ad
793 3088 924 3168 priorem
962 3085 994 3170 Ἰ,
1028 3109 1080 3152 seu
1114 3099 1266 3169 quartam,
1298 3089 1357 3152 sibi
1386 3088 1571 3169 propiorem,
1607 3091 1638 3151 ιι.
1663 3112 1688 3152 e.
1788 3093 1793 3098 '

315 3169 403 3256 Νι,
434 3178 473 3238 ad
502 3171 572 3259 ⁰l,‚,
607 3177 720 3239 existet
752 3185 822 3238 tunc
846 3185 935 3240 tonus
969 3179 1065 3240 minor
1093 3172 1166 3258 ¹11„
1202 3189 1235 3240 ut
1267 3177 1347 3240 iuter
1369 3196 1460 3240 voces
1495 3179 1688 3258 „paschali.“

332 3263 366 3324 ln
383 3266 472 3344 scala
494 3265 586 3343 igi-tur
609 3264 746 3328 cantoria
764 3264 909 3328 habemns
933 3267 1102 3329 naturalem
1126 3265 1272 3346 originem
1296 3265 1316 3328 5
1340 3285 1461 3342 vocum,
1486 3285 1535 3341 re,
1562 3267 1609 3339 ia,
1634 3267 1688 3342 sol,

234 3345 239 3356 '
332 3352 375 3424 la,
402 3352 461 3425 sol,
485 3356 534 3425 sa,
562 3353 612 3415 vel
634 3353 664 3416 in
688 3354 814 3435 hymno:
854 3354 1015 3429 ,victimae
1038 3356 1177 3434 paschali
1202 3356 1306 3418 laudes
1330 3355 1486 3418 immolent
1509 3353 1688 3428 Christiani,

330 3457 426 3519 agnus
440 3441 510 3502 rede
527 3443 568 3515 (-
583 3441 639 3504 mit
654 3443 774 3530 oves)5“
813 3443 962 3522 Amplius,
988 3443 1014 3504 ei
1030 3444 1180 3506 dividatur
1195 3444 1341 3524 diapason
1360 3445 1390 3505 in
1406 3439 1436 3518 4,
1453 3441 1482 3518 5,
1500 3441 1531 3518 8,
1548 3451 1584 3506 ut
1597 3465 1689 3506 sonus

329 3526 494 3608 partium5
505 3549 571 3592 cum
586 3548 659 3592 sono
675 3531 778 3605 totins,
804 3549 858 3592 sen
871 3532 1001 3611 portium
1016 3529 1046 3608 8,
1072 3533 1165 3594 faciat
1179 3531 1212 3593 ti
1227 3529 1258 3606 ἐξ
1272 3532 1370 3608 molle,
1396 3533 1488 3594 faciet
1501 3531 1583 3594 idem
1598 3552 1690 3595 sonus

330 3617 461 3698 partium
486 3617 506 3682 5
531 3638 598 3680 enm
622 3637 696 3680 souo
721 3619 862 3682 dimidiae
886 3620 1025 3695 chordae,
1051 3641 1104 3682 seu
1128 3621 1258 3701 partium
1283 3617 1313 3696 4,
1340 3639 1416 3700 qnae
1440 3639 1500 3683 vox
1523 3630 1573 3682 est
1595 3641 1690 3701 supe-

329 3705 400 3780 rior,
424 3707 611 3769 harmoniam
635 3713 771 3786 omspros
790 3709 904 3771 duram.
952 3708 1151 3789 Comparetnr
1184 3729 1255 3790 ergo
1286 3703 1320 3792 ‘l⁸
1353 3711 1392 3771 ad
1419 3709 1506 3791 prius,
1533 3709 1690 3773 inventam

330 3793 387 3856 sibi
401 3795 571 3875 propiorem
592 3789 643 3878 Ἃ,
670 3814 723 3858 seu
745 3791 813 3878 “ln
840 3798 879 3858 ad
901 3791 987 3880 ¹⁸12„
1013 3798 1125 3859 existet
1146 3798 1212 3860 hinc
1228 3799 1371 3860 usitatum
1386 3798 1578 3860 intervallum
1592 3799 1690 3862 minus

331 3882 436 3945 minori
460 3891 542 3954 tono,
563 3885 639 3964 qnod
669 3885 739 3946 ideo
764 3883 956 3948 semitonium
980 3887 1135 3966 appellere
1159 3887 1258 3961 soleo,
1297 3879 1382 3968 “Ι,,,
1415 3906 1458 3950 sc.
1482 3885 1562 3949 inter
1585 3887 1691 3951 claves

330 3970 364 4043 d,
389 3970 450 4047 dis,
475 3974 522 4034 rel
546 3989 637 4035 voces
661 3973 703 4046 la,
729 3975 769 4048 ia,
796 3974 997 4036 ascendendo.
1044 3975 1129 4036 Idem
1152 3976 1205 4038 liet
1229 3977 1257 4036 in
1282 3984 1372 4038 cantu
1397 3977 1486 4053 duro,
1515 3978 1542 4040 si
1566 3977 1688 4040 divida-

298 4065 379 4126 ‚tnr
402 4060 548 4140 diapason
573 4063 600 4122 in
626 4061 660 4136 5,
686 4060 725 4137 8,
754 4060 808 4134 10,
833 4069 904 4125 tunc
932 4055 984 4146 Ἃ,
1014 4064 1355 4143 earnemcarnem,
1393 4063 1471 4128 iuter
1495 4063 1539 4140 G,
1565 4065 1600 4140 h,
1635 4068 1690 4129 sed

335 4139 370 4226 Ἰ,
399 4155 446 4210 est
478 4149 510 4212 δι’
537 4143 570 4223 ἐξ
592 4151 690 4225 molle,
717 4151 796 4213 inter
820 4151 854 4222 h,
888 4170 916 4231 g.
962 4149 1045 4213 Tunc
1073 4145 1125 4232 Ἃ,
1153 4154 1200 4215 vel
1240 4147 1273 4236 Ἰ,
1307 4172 1372 4216 oum
1392 4153 1527 4233 proximo
1549 4149 1584 4236 Ἰ,
1604 4174 1689 4218 com-

329 4244 478 4315 paratum,
504 4259 546 4302 sc.
580 4234 645 4321 ¹7„
674 4259 740 4301 eum
771 4231 857 4322 stiae»
881 4237 980 4319 gignit
1010 4233 1102 4322 ¹¹11„
1127 4240 1207 4304 inter
1222 4244 1271 4314 mi,
1297 4243 1339 4313 ia,
1363 4243 1410 4304 vel
1435 4241 1464 4316 h,
1489 4261 1519 4318 o,
1544 4243 1575 4303 in
1601 4262 1688 4306 com-

329 4325 536 4403 pensationem
560 4327 598 4400 b,
624 4347 658 4406 g;
692 4336 723 4388 et
746 4329 772 4390 si
796 4328 948 4390 dividatur
971 4326 1117 4408 diapason
1140 4329 1170 4391 in
1196 4327 1229 4405 5,
1255 4325 1291 4406 6,
1330 4327 1381 4402 ΙΟ,
1412 4337 1484 4392 tunc
1513 4325 1566 4412 Ἃ,
1595 4339 1688 4395 sonat

329 4410 362 4473 di
387 4409 420 4488 ἑξ
465 4414 633 4486 deremet
662 4408 694 4495 ll,
724 4423 771 4478 tec
794 4439 884 4496 apros
905 4418 1004 4490 molle,
1031 4427 1063 4480 et
1086 4427 1291 4498 comparatum
1312 4413 1366 4502 Ἃ,
1395 4419 1444 4480 vel
1469 4412 1501 4502 Ἰ,
1530 4439 1600 4482 cnm
1615 4440 1687 4500 pro-

328 4501 407 4564 ximo
438 4495 491 4579 ²1„
516 4505 565 4566 vel
594 4499 645 4594 Ἃ,
675 4524 741 4566 cum
771 4499 839 4585 ¹⁰1„
869 4506 967 4587 gignit
995 4499 1066 4588 'lm
1091 4515 1125 4568 ut
1148 4507 1227 4569 inter
1251 4508 1285 4582 d,
1311 4529 1343 4582 e,
1371 4507 1417 4568 vel
1440 4527 1489 4583 re,
1515 4509 1567 4571 mi.
1615 4507 1686 4571 Jam

329 4589 420 4670 igitur
444 4601 510 4654 tota
533 4601 643 4654 octava
666 4594 752 4655 nobis
776 4613 829 4674 per
852 4595 974 4674 gradus,
997 4613 1052 4674 per
1076 4595 1158 4674 quos'
1174 4605 1283 4658 natura
1297 4597 1386 4658 docet
1410 4597 1544 4659 canendo
1560 4597 1615 4674 ire,
1639 4605 1687 4658 est

331 4677 439 4742 divisa.
485 4681 565 4745 Nam
589 4681 647 4743 etsi
671 4682 800 4745 noudum
825 4684 944 4764 quidem
966 4701 1057 4744 voces
1081 4684 1135 4760 mi,
1169 4684 1249 4748 iuter
1271 4704 1318 4759 re,
1353 4685 1384 4746 ia
1407 4694 1478 4746 snut
1506 4685 1686 4766 designatae

329 4765 360 4856 in
375 4767 484 4850 hymno
510 4769 600 4849 ,qnid
624 4768 738 4832 vidisti
761 4771 828 4847 in“,
853 4781 953 4834 tamen
977 4773 1116 4850 exemplo
1141 4771 1377 4854 asuperioribus
1397 4771 1568 4836 intervallis
1583 4774 1686 4848 ducto,
