3698 5516
782 221 945 276 imum·
1478 226 1545 293 ιιι

158 381 214 430 quos
237 373 326 422 etiarn
348 383 394 426 eet
415 378 629 428 Franolrcnr
647 378 835 440 Patricius,
861 382 903 446 qni
921 384 974 444 ejas
992 382 1143 433 mentionem
1161 383 1186 434 in
1205 383 1300 434 erudito
1328 384 1390 434 alias
1418 384 1459 436 De
1477 393 1549 438 'nors

158 437 324 506 Philosophia
344 447 488 498 volumine
507 445 588 510 (Nora
605 449 636 500 de
655 449 780 500 Unircmis
797 450 964 516 Philosophia,
982 453 1051 504 libris
1064 453 1093 502 L.
1113 451 1301 518 comprehensa)
1320 455 1390 516 iacit,
1408 457 1429 506 is
1448 457 1547 524 quidem

160 526 261 564 msam
281 529 342 566 ease
364 532 493 584 expresse
512 521 610 578 asserit,
635 521 680 570 sed
698 535 754 570 eam
778 523 815 571 its
840 525 959 587 pervertit
989 529 1014 573 et
1033 537 1076 588 per
1094 525 1261 590 ignorantiam
1278 526 1344 576 maie
1372 528 1546 578 accommodat

163 591 188 632 et
205 591 298 636 centn
316 603 383 639 mea
402 591 486 654 ipsius
503 592 628 654 postulata
646 599 672 641 et
690 599 801 642 ιιιιιιιιιιιι
814 607 871 643 cem
883 595 1028 658 coinquinat
1046 601 1071 644 et
1087 597 1234 656 insectatur,
1255 602 1283 645 ut
1299 597 1407 660 plurima
1424 599 1497 650 isthic
1516 613 1547 649 ex

166 655 241 718 ipsius
258 657 391 710 relatione
413 664 533 725 apposita
548 677 590 724 pro
608 664 670 712 meis
687 679 737 712 non
757 677 900 728 agnoscam,
919 666 986 729 quod
1003 666 1080 716 etiarn
1097 666 1194 730 publice
1212 669 1375 730 preteetshor.

239 725 291 777 Sed
310 729 345 779 de
364 730 502 795 hypothesi
520 733 568 784 hec
585 734 624 784 vel
643 735 754 784 alienon
767 734 871 784 multum
883 736 1073 793 altercabimur;
1092 739 1204 801 quaestio
1223 745 1269 796 eet,
1289 740 1342 802 quis
1355 752 1412 788 eam
1424 741 1545 790 ηιὶοιιοιιι

171 798 280 850 iuvenire
299 804 392 863 possit,
423 809 480 853 tsm
497 805 523 852 in
541 806 721 868 quantitatibus
740 811 766 855 st
784 807 932 856 motionibus
951 809 1074 857 continuis
1092 822 1166 871 quern
1185 809 1305 866 dscrsda
1325 816 1354 858 ιιι
1371 809 1547 872 phaenomena

173 868 295 920 coelestia
311 887 360 934 pes
379 876 467 924 ornnie
485 875 618 926 salventur.
656 876 727 934 ,Hoc
745 891 814 940 opus,
833 877 875 926 hic
893 878 962 928 labor
981 883 1027 938 est,
1047 884 1073 928 et
1091 881 1127 927 sic
1145 885 1286 942 spectemur·
1303 879 1427 944 egendo.“

244 941 331 1002 Porro,
353 944 478 1008 siquidem
498 947 530 994 ab
548 946 616 995 initio
632 948 746 1002 innuisti,
764 953 790 996 te
809 946 972 998 aMaestlino
984 951 1087 1012 primum
1104 950 1148 998 tibi
1167 963 1183 999 a
1200 965 1241 1000 me
1259 951 1391 1014 inscriptas
1409 953 1545 1015 accepisse,

174 1012 218 1075 qui
236 1013 322 1068 etiam,
343 1030 408 1078 ques
428 1016 548 1065 edilium
567 1017 691 1074 dederam,
710 1024 794 1067 tecum
813 1021 1116 1080 communicaritmiror,
1144 1022 1224 1084 ipsum
1242 1034 1289 1070 nec
1307 1021 1354 1070 illis
1380 1035 1465 1086 neque
1479 1021 1543 1082 aliis,

173 1096 238 1146 quas
256 1086 340 1146 prius,
367 1087 417 1134 imo
438 1093 497 1136 ente
521 1088 613 1152 aliquot
638 1103 717 1138 enncs
739 1090 868 1147 miseram,
893 1091 1018 1154 quippiam
1041 1097 1112 1141 tanto
1135 1097 1245 1155 tompore
1264 1092 1411 1156 respondere
1428 1093 1543 1142 voluisse.

175 1155 218 1202 An
236 1153 284 1202 hoc
303 1156 336 1205 sit
355 1159 400 1206 riri
418 1158 520 1222 ingenui
539 1166 565 1207 et
587 1159 769 1208 mathematicis
793 1161 925 1225 disciplinis
949 1162 1051 1212 solerter
1073 1163 1176 1220 imbuti,
1202 1169 1256 1212 tute
1280 1164 1394 1214 serumst.
1431 1161 1488 1212 Non
1507 1167 1546 1212 est

174 1224 242 1273 aliha
259 1225 321 1274 mihi
340 1230 430 1284 moris,
449 1231 548 1292 ignotos
566 1229 643 1278 literis
660 1231 817 1293 praevenire,
837 1231 882 1280 sed
899 1232 1058 1295 utplurimum
1077 1233 1109 1281 ab
1128 1233 1175 1282 iilis
1193 1235 1331 1296 praeveniri
1351 1233 1434 1294 soleo,
1454 1234 1545 1283 nedum

173 1303 205 1344 nt
225 1295 259 1344 sd
277 1311 349 1346 meas
367 1305 439 1348 tanto
457 1307 596 1362 temporum
613 1307 695 1350 tractu
708 1303 892 1364 responsionem
904 1303 997 1352 nullam
1009 1303 1135 1367 recipiam.
1165 1302 1215 1357 Sed
1233 1306 1259 1352 in
1277 1309 1402 1367 posterum
1421 1305 1453 1362 ei,
1472 1318 1545 1368 quem

174 1365 274 1428 plurimi
295 1383 393 1432 semper
410 1369 474 1426 ieci,
501 1371 538 1419 uti
560 1372 653 1436 scripte
670 1386 728 1422 mea
746 1374 771 1422 in
789 1373 915 1436 publicum
934 1375 1004 1424 edite
1021 1375 1106 1424 testari
1124 1380 1256 1438 poterunt,
1281 1375 1342 1426 meis
1365 1375 1485 1440 ingratis,
1507 1375 1545 1424 nti

173 1437 263 1494 rideo,
283 1439 362 1488 literis
381 1456 430 1488 non
450 1456 491 1490 ero
509 1442 633 1492 molestus.

248 1507 357 1560 Placent
375 1512 434 1568 tibi,
460 1526 530 1576 qnae
551 1513 584 1562 ed
607 1513 675 1562 illum
693 1519 719 1562 et
743 1520 770 1564 te
788 1513 819 1564 de
838 1530 864 1564 re
883 1517 1050 1567 astronomica
1067 1515 1161 1579 scripsi.
1198 1516 1274 1580 Atqui
1293 1530 1325 1566 ea
1343 1528 1370 1564 se
1388 1515 1424 1564 sic
1444 1515 1542 1582 omnino
1576 1537 1581 1544 ·

173 1577 381 1634 baberer'certo
401 1582 553 1646 exploratum
571 1583 668 1642 habeo,
694 1585 820 1649 multoque
842 1587 915 1648 plura
933 1586 1013 1636 ethis
1031 1589 1128 1648 maiora
1146 1585 1228 1636 adhuc
1247 1586 1361 1637 abstrusa
1383 1599 1453 1643 esse,
1478 1599 1543 1649 quse

175 1657 366 1701 antecessorum
392 1659 444 1702 tem
477 1661 586 1704 veterum
613 1669 686 1720 quam
711 1658 875 1706 recentiorum
898 1658 1052 1722 diligentiam
1070 1657 1203 1706 eluserunt.
1249 1657 1359 1713 Suades,
1386 1657 1435 1706 ime
1460 1655 1543 1704 multis

174 1722 327 1775 rationibus.
347 1738 408 1788 quas
427 1739 542 1789 egenen
561 1727 678 1789 improbo,
697 1728 846 1790 persuadere
865 1730 971 1786 conaris,
990 1735 1018 1777 ut
1030 1729 1213 1777 observationes
1226 1741 1295 1776 meas
1315 1727 1435 1777 coelestes
1452 1726 1545 1790 publici

172 1792 239 1851 juris
258 1792 369 1850 latiam,
390 1795 454 1859 quod
472 1795 570 1859 quidem
588 1811 632 1846 sno
651 1804 760 1861 tempore
778 1807 906 1862 praestare
925 1815 974 1848 non
993 1799 1151 1856 detrectabo,
1171 1811 1227 1847 cum
1244 1797 1298 1854 his,
1317 1811 1381 1863 quae
1401 1803 1429 1846 tu
1447 1796 1544 1846 affatim
1570 1793 1572 1802 ’

176 1861 291 1922 adducis,
311 1872 365 1914 turn
384 1866 437 1916 aliis
457 1866 487 1915 de
507 1869 596 1917 causis.
629 1866 721 1917 Verum
740 1875 792 1916 tam
811 1871 860 1918 cito
880 1871 905 1920 id
924 1869 1029 1929 efficere,
1050 1877 1184 1933 antequem
1201 1869 1318 1933 pleraque
1338 1883 1368 1918 ex
1385 1867 1425 1924 iis,
1444 1881 1508 1932 quae
1528 1880 1544 1917 e

175 1947 218 1981 me
237 1934 265 1982 in
285 1937 456 1986 astronomicis
474 1937 616 1988 instaurata
634 1944 692 1986 sunt
710 1945 784 2002 atque
803 1940 972 1990 selectioribus
991 1955 1021 1990 ex
1038 1940 1125 1989 iisdem
1144 1939 1353 1990 observationibus
1371 1937 1490 1994 lundata,
1517 1939 1544 1986 in

176 2003 260 2052 lucem
279 2007 424 2069 prodierint,
443 2023 493 2056 non
513 2008 651 2058 consultum
670 2009 748 2066 duc03
767 2024 826 2058 uem
837 2017 937 2073 praeter
950 2011 1002 2060 alia
1017 2009 1065 2059 hoc
1083 2011 1171 2072 ipsum.
1190 2009 1255 2072 quod
1273 2015 1301 2058 tu
1319 2010 1350 2060 de
1367 2007 1544 2075 hypothesibus

176 2077 240 2124 meis
257 2079 396 2140 praereptis
416 2079 491 2128 etde
512 2077 627 2143 Cypriani
646 2076 775 2141 (Leoritii)
794 2080 1006 2144 Ephemeridibns,
1026 2081 1081 2130 aliis
1099 2079 1180 2143 quoad
1198 2087 1293 2142 partem
1313 2080 1436 2130 attributis
1455 2085 1481 2129 et
1499 2078 1541 2128 de·

176 2149 298 2208 precatis,
317 2149 401 2206 refers,
422 2157 499 2198 terret
517 2158 591 2214 atque
610 2151 746 2201 dissuadet.
775 2150 923 2202 Obtinebitis
946 2158 1031 2201 tamen
1055 2151 1187 2214 aliquando
1206 2151 1305 2198 favente
1325 2149 1426 2200 coelesti
1444 2150 1544 2198 numine

179 2231 225 2272 ea,
242 2232 310 2283 quae
332 2233 405 2268 eme
423 2221 533 2284 plurimis
552 2223 625 2270 annis
642 2221 667 2270 in
686 2223 832 2271 coelestibus
852 2222 972 2272 denotata
989 2229 1062 2278 sunt,
1082 2237 1131 2270 nou
1149 2219 1247 2284 quidem
1265 2227 1318 2268 tam
1335 2232 1429 2270 manca
1446 2224 1472 2269 st
1489 2233 1542 2268 mu·

178 2288 240 2346 tila,
260 2304 293 2338 ne
313 2290 396 2339 dicem
414 2293 526 2348 incerta,
545 2298 618 2354 prout
635 2307 667 2342 ee
684 2299 755 2349 sunt,
783 2306 847 2356 qnae
865 2293 976 2356 pauculis
996 2293 1087 2342 chartis
1105 2291 1233 2340 mandarit
1251 2290 1383 2340 Wernerns
1407 2290 1446 2339 rei
1464 2291 1545 2353 potius

177 2357 234 2407 ioh.
255 2357 399 2411 Schdnerus
418 2358 489 2423 (nem
508 2361 619 2412 Werneri
637 2363 769 2412 observate
786 2363 856 2412 nulle
872 2363 937 2421 ridi;
958 2364 1025 2412 tusi
1043 2376 1107 2427 quae
1125 2361 1203 2412 habes
1222 2357 1398 2421 communies),
1417 2374 1433 2409 ιι
1450 2358 1544 2427 Regio·

179 2437 300 2479 montano
319 2439 346 2482 et
365 2431 500 2482 Gualthero
519 2433 616 2492 relicta,
634 2433 679 2482 sed
698 2441 788 2482 exacta
805 2435 899 2498 sibique
919 2434 1070 2490 constantis,
1092 2439 1166 2498 atquc
1184 2434 1211 2481 in
1230 2438 1304 2482 tanta
1322 2432 1395 2482 simul
1414 2432 1498 2496 copis,
1516 2437 1545 2480 ιιι

179 2501 219 2548 rix
236 2515 330 2566 rnegno
349 2503 455 2566 quodam
472 2503 595 2553 volumine
613 2505 747 2569 constringi
766 2513 866 2568 queant.

249 2573 395 2637 Adiungam
412 2581 512 2636 praeter
529 2574 616 2624 libmm
634 2574 860 2640 Epistularum.
885 2575 916 2626 ds
935 2590 982 2638 quo
1001 2589 1088 2638 supra,
1107 2573 1299 2624 Methanica
1316 2579 1403 2622 nostre
1420 2571 1468 2622 huc
1487 2586 1542 2636 spe-

179 2645 286 2700 ctantia,
305 2658 371 2707 qnae
389 2645 563 2698 instrumenta.
580 2647 667 2708 quibus
687 2645 752 2694 ultre
770 2643 804 2696 20
823 2659 902 2696 annos
921 2660 980 2696 usus
998 2661 1065 2701 sum.
1086 2645 1294 2708 complectuntur,
1313 2645 1335 2693 si
1353 2641 1480 2694 commode
1498 2643 1544 2710 tibi

179 2711 263 2779 Prega
282 2715 374 2763 adferri
392 2723 516 2779 poterunt.
545 2715 582 2764 Ex
600 2716 714 2780 Epistciis
734 2723 833 2780 praeter
852 2717 903 2766 alia
920 2718 987 2781 nnus
998 2717 1126 2766 insinuata
1142 2715 1283 2778 perspicies,
1303 2726 1392 2763 aneae
1404 2720 1457 2762 tam
1474 2713 1545 2776 perri

184 2787 304 2834 momenti
323 2793 398 2850 atque
417 2787 517 2836 inutiles
535 2789 599 2844 siut,
619 2787 693 2836 veluti
711 2802 771 2850 prae
790 2789 866 2837 animi
884 2789 1031 2852 impotentia
1049 2791 1198 2837 occaecatus
1216 2785 1257 2834 ille
1276 2798 1364 2834 censor
1381 2783 1446 2839 vult,
1466 2790 1493 2832 et
1510 2797 1544 2832 an

183 2855 374 2906 laudatissimae
393 2859 526 2906 memoriae
543 2857 700 2922 Landgrario
719 2857 849 2908 Wilhelmo
868 2859 993 2923 quidpiam
1012 2859 1139 2923 derogent,
1158 2856 1234 2905 veluti
1251 2854 1316 2904 idem
1334 2855 1497 2917 impudenter,
1515 2858 1545 2903 nt

181 2927 231 2974 lilio
250 2929 304 2988 ejus
324 2943 365 2978 me
383 2929 487 2976 inrisum
510 2929 639 2986 redderet,
665 2934 817 2978 commentus
841 2937 886 2980 est.
925 2929 962 2978 Lx
979 2928 1133 2979 Meshanicis
1159 2927 1274 2989 colliges,
1300 2933 1393 2988 quanto
1418 2923 1543 2973 molimine

181 2999 350 3048 astronomiae
369 2999 604 3062 redintegrationem
623 3014 754 3064 eggressus
773 3002 827 3056 sim,
846 3005 987 3065 quantaque
1005 3001 1031 3048 in
1049 2999 1087 3048 hie
1109 3012 1167 3046 usus
1184 2995 1315 3059 diligentia
1332 2996 1479 3059 quantisque
1497 2995 1543 3042 im·

179 3070 274 3130 pensis.
311 3069 425 3119 invenies
445 3071 521 3120 etiam
539 3071 630 3120 ibidem
649 3071 716 3120 circa
734 3072 892 3134 posteriorem
910 3075 1007 3133 partem
1026 3069 1237 3132 consignationem
1257 3080 1354 3122 eorum,
1373 3075 1438 3129 quas
1455 3063 1542 3116 hacte-

179 3155 226 3188 nus
238 3141 264 3188 in
278 3140 327 3190 hoc
346 3155 436 3204 genere
455 3140 592 3190 studiorum
605 3142 737 3198 exantlavi,
757 3155 869 3206 quaeque
887 3143 912 3190 iu
925 3147 1057 3204 posterum,
1078 3141 1204 3202 aspirante
1218 3137 1361 3186 coelestium
1374 3135 1469 3199 opifice,
1487 3150 1542 3199 per·

178 3211 291 3260 texenda
309 3217 415 3268 restent,
435 3217 489 3260 tum
507 3227 602 3276 qnoque
620 3211 704 3262 literas
722 3213 778 3261 illae
797 3213 916 3262 laudatae
934 3213 1068 3262 memoriae
1080 3209 1114 3260 D.
1128 3209 1217 3261 Jacobi
1231 3207 1308 3258 Crrrtii
1322 3213 1348 3256 et
1361 3205 1465 3272 Magini,
1485 3219 1547 3271 que·

178 3297 233 3330 rum
253 3289 335 3332 antea
352 3283 503 3332 mentionem
522 3283 578 3332 ieci.
607 3281 731 3333 Misissem
742 3283 908 3334 illuminatum
927 3279 976 3344 (uti
988 3278 1091 3340 vocant)
1110 3281 1243 3344 exemplar,
1262 3294 1310 3344 quo
1329 3280 1448 3343 promtius
1466 3277 1550 3327 omnia

177 3353 353 3410 discerneres,
373 3353 416 3402 sed
434 3367 500 3402 nnnc
520 3369 568 3402 non
588 3356 703 3418 suppetit.

252 3423 321 3474 Hinc
342 3425 395 3473 adit
413 3423 499 3487 Tycho
516 3423 675 3474 Prodromum
695 3425 808 3488 aliaque,
829 3439 894 3489 quae
911 3424 1028 3490 leguntur
1044 3436 1103 3487 pag.
1124 3418 1158 3470 46
1178 3427 1204 3471 et
1222 3417 1265 3468 47.

252 3494 283 3543 ln
304 3494 490 3558 „Postscripto“
509 3495 573 3546 haec
592 3497 675 3546 addit:
700 3495 727 3545 Si
746 3511 773 3546 se
792 3497 890 3545 occasio
904 3495 1034 3544 commode
1046 3493 1169 3550 obtulerit,
1188 3507 1257 3557 rogo,
1276 3498 1305 3540 nt
1316 3488 1477 3540 Maestliuum
1493 3503 1548 3538 mcc

174 3567 281 3614 nomine
300 3580 406 3616 moneas
427 3567 457 3616 de
476 3567 606 3630 eclipsibus
625 3568 657 3616 ab
676 3567 718 3616 illo
738 3567 872 3616 observatis
902 3581 958 3616 cum
977 3566 1038 3615 meis
1066 3563 1220 3614 conferendis
1245 3562 1275 3611 oh
1293 3561 1484 3611 meridianorum
1503 3559 1549 3608 dii·

171 3637 314 3686 ierentiam
334 3638 477 3687 eruendam.
506 3637 573 3686 Dum
592 3640 658 3687 enim
675 3638 759 3702 relego
778 3637 916 3701 exemplum
935 3637 1062 3686 literarum
1076 3636 1110 3685 ad
1122 3633 1285 3684 Maestlinum
1303 3628 1338 3696 (p.
1353 3628 1388 3680 44
1400 3625 1458 3694 sq),
1478 3629 1549 3680 rideo

172 3723 219 3756 me
237 3707 312 3758 isthic
332 3709 483 3758 mentionem
501 3707 590 3758 iecisse
609 3709 705 3772 eclipsis
725 3708 801 3768 Solis,
821 3723 885 3773 quae
904 3708 944 3758 die
964 3705 1005 3755 25.
1020 3707 1090 3756 Febr.
1111 3706 1170 3754 anni
1190 3701 1232 3754 98.
1254 3704 1371 3768 contigit,
1389 3702 1445 3758 ubi,
1465 3701 1550 3750 nescio

171 3793 227 3842 qua
245 3781 352 3838 incuria,
374 3780 444 3844 digiti
464 3779 570 3843 ecliptioi
590 3780 740 3830 denotantur
754 3777 842 3840 10¹1„
870 3779 935 3828 iorte
954 3777 1018 3842 quod
1037 3791 1081 3840 per
1099 3777 1205 3840 aliquem
1224 3790 1255 3824 ex
1272 3775 1334 3824 meis
1352 3772 1477 3854 studiosis,
1497 3771 1549 3854 cel·

173 3851 262 3899 cuium
275 3851 349 3900 nimis
369 3851 519 3900 festinanter
538 3857 727 3915 exsequentem,
754 3853 790 3901 sic
808 3863 937 3914 perpererit
955 3850 1049 3912 reperi;
1069 3863 1125 3898 oum
1143 3849 1222 3897 verior
1239 3846 1303 3896 ratio
1322 3860 1352 3893 ex
1369 3857 1431 3892 mers
1449 3843 1550 3900 terme,

172 3929 251 3982 prout
278 3923 386 3985 ipsemet
408 3929 499 3985 postea
523 3922 660 3987 disquisiri,
683 3923 805 3985 praebeat
822 3921 912 3986 digitos
932 3916 998 3981 9¹lr.
1025 3933 1075 3984 qua
1094 3920 1170 3968 etiam
1188 3917 1329 3982 quantitate
1349 3913 1391 3964 Sol
1410 3913 1516 3996 deiicere¹
1535 3927 1552 3962 a

172 3993 284 4054 quodem
313 4008 344 4042 ex
362 3995 426 4043 meis
446 3991 598 4058 Uranibnrgi
616 3993 689 4042 isthic
709 3991 749 4054 (ut
766 3989 783 4039 4
802 3993 955 4042 residuorum
972 3992 1198 4046 instrumentorum,
1218 4002 1284 4052 quse
1301 4000 1361 4050 prae
1379 3985 1551 4050 magnitudine

173 4063 259 4114 efferri
278 4073 331 4114 tam
351 4066 402 4113 cito
421 4064 568 4127 nequibant,
588 4079 673 4114 curam
691 4059 806 4124 haberet)
826 4063 914 4113 relicto
934 4062 1043 4112 studioso
1063 4059 1229 4124 deprehensus
1248 4063 1294 4114 est,
1314 4062 1340 4106 et
1358 4063 1471 4120 tempora
1489 4056 1552 4105 aliis

172 4149 220 4195 per
239 4137 362 4185 armiliam
382 4136 566 4200 aequetoriam,
587 4131 728 4199 sepedum
746 4136 771 4184 in
790 4135 921 4190 diametro,
940 4148 958 4183 a
974 4133 1092 4196 principio
1106 4145 1184 4194 usque
1197 4129 1230 4179 ad
1243 4129 1317 4178 finem
1338 4125 1397 4190 (fuit
1415 4128 1481 4177 euim
1498 4131 1550 4176 toto

174 4206 247 4256 isthic
266 4215 379 4272 tempore
398 4201 530 4267 serenum)
549 4221 619 4255 meae
639 4206 788 4255 resntutioni
808 4205 917 4268 apprime
937 4205 1100 4268 congruentia
1119 4201 1221 4250 coelitus
1245 4199 1367 4249 denotata
1389 4195 1459 4256 sunl,
1486 4211 1550 4262 quse

175 4285 246 4327 erent
265 4277 431 4344 eiuscemodi,
451 4283 482 4326 nt
500 4276 632 4340 deliquium
651 4278 772 4340 inciperet
790 4275 862 4326 isthic
881 4277 906 4326 lr.
928 4272 969 4323 10.
991 4272 1039 4331 10¹,
1058 4273 1132 4322 finem
1150 4272 1255 4321 heberet
1272 4270 1298 4320 h.
1321 4266 1428 4326 12.19‘,
1447 4269 1550 4351 ideoque

173 4351 278 4402 medinm
298 4354 425 4403 existeret
443 4348 470 4398 h.
493 4345 534 4396 11.
550 4345 602 4395 12‘.
640 4347 713 4397 Haec
741 4347 774 4396 ad
792 4345 969 4403 Maestlinnm,
996 4344 1094 4410 quando
1118 4343 1153 4392 illi
1179 4343 1319 4405 scripseris,
1344 4340 1435 4390 referre
1460 4344 1552 4402 potens

170 4421 296 4490 ipsumque
315 4437 411 4490 rogare
433 4424 513 4483 atque
533 4417 648 4476 efficere,
672 4425 701 4467 ut
719 4419 751 4469 ab
769 4419 822 4481 ipsc
842 4418 960 4482 eclipses,
979 4421 1033 4465 tam
1050 4415 1178 4474 Lunares,
1198 4427 1274 4479 quem
1293 4411 1407 4470 Solares,
1433 4411 1551 4474 quotquot

169 4491 286 4548 wicum
306 4492 473 4548 observarit,
494 4504 539 4553 per
557 4495 595 4548 te,
615 4489 733 4554 siqnidem
751 4489 793 4538 ilie
810 4489 871 4538 mihi
889 4487 1023 4538 rescribere
1041 4486 1117 4542 nolit,
1137 4485 1271 4534 obtineam.
1451 4547 1456 4559 Ι

230 4569 325 4635 Reperi
345 4570 421 4618 inter
441 4561 548 4612 chartas
565 4575 634 4610 mess
653 4559 792 4625 exemplum
813 4557 1127 4614 literarumcrameri,
1155 4556 1185 4605 de
1203 4569 1250 4620 quo
1268 4554 1335 4617 prins
1358 4548 1472 4602 memini.
1497 4548 1551 4608 im

159 4639 248 4694 dudum
291 4640 385 4692 nescio
407 4637 437 4684 in
458 4646 525 4697 quos
542 4646 613 4688 usne,
640 4631 802 4696 descriptum,
831 4630 896 4696 quod
921 4628 991 4679 hisce
1010 4629 1091 4687 addo,
1119 4633 1145 4677 et
1168 4625 1239 4675 simul
1268 4621 1404 4696 exemplum
1432 4615 1551 4679 epistolas

156 4681 283 4782 cniusdam
304 4714 343 4765 M.
366 4704 509 4761 iohannis
530 4701 733 4758 Christierni,
756 4701 838 4760 Deci,
865 4715 931 4752 nunc
950 4701 1066 4765 Lugduni
1084 4700 1236 4750 Batavorum
1255 4693 1390 4742 studiorum
1409 4699 1488 4737 cansa
1506 4685 1549 4736 de·

218 4804 313 4858 nrori
330 4793 450 4852 orer-1·
1298 4777 1330 4830 ts
