3698 5516
804 251 968 302 Mim-
1241 281 1245 284 ·
1503 252 1568 317 223

171 405 274 486 piuut.
327 403 462 469 Cetera
487 425 563 489 quae
587 407 722 488 allegas,
753 409 832 470 levia
861 417 947 471 sunt:
982 417 1210 490 praeceptorem
1234 411 1310 488 dixi,
1341 411 1411 491 quia
1438 431 1474 474 ex
1503 414 1569 492 ejus

176 495 257 558 libro
292 495 410 577 aliqua
446 499 606 559 hauseram
638 497 742 558 utilia:
777 497 996 560 nobilissimum
1025 517 1114 574 vero,
1157 499 1227 581 quie
1256 499 1303 562 his
1340 500 1370 561 iu
1407 501 1569 581 provinciis

183 585 436 664 Austriaccrum
462 585 616 649 nobilitati
640 585 730 648 datur
753 587 880 650 eruditio
909 593 941 648 et
962 607 1069 650 munus
1093 587 1230 651 aulicum.
1277 589 1470 672 Hypotbeses
1498 609 1569 653 vero

187 675 254 756 ejus
277 675 351 749 ieci,
379 676 413 737 iu
440 675 548 757 quibus
572 674 684 754 aliquid
707 675 847 737 mutavit.
894 676 975 739 Nam
999 676 1026 737 si
1051 676 1126 738 bene
1147 677 1279 751 memini,
1303 680 1427 742 Terram
1449 687 1481 740 et
1505 679 1569 759 ipse

191 765 302 838 voluit,
334 765 428 826 etin
452 763 564 826 Martis
587 763 706 825 circulo·
722 763 889 844 discrepat,
925 765 1004 840 sive,
1029 771 1064 826 ut
1087 765 1175 838 diois,
1207 775 1323 832 errat..
1345 767 1425 829 Nam
1448 769 1507 829 etei
1531 787 1568 828 ex

192 855 364 916 Maestlino
390 852 430 914 de
454 853 513 915 hac
536 859 566 913 te
589 852 669 915 inter
691 859 724 914 et
745 853 856 916 Ursum
883 853 1089 916 controversia
1117 854 1188 916 olim
1212 855 1432 932 inaudiveram,
1466 865 1568 916 tamen

196 964 262 1006 cum
296 951 331 1004 et
359 941 507 1023 Magiuus
535 942 565 1003 in
587 941 680 1004 Italia
703 947 735 1002 et
764 942 927 1004 Roeslious
959 943 990 1004 in
1023 943 1148 1005 Alsatia
1181 944 1292 1023 singuli
1324 963 1377 1024 pro
1409 963 1441 1005 se
1471 945 1568 1006 simile

196 1033 352 1114 quippiam
378 1049 419 1092 ex
442 1030 659 1112 hypothesibus
683 1027 843 1110 Copernici
867 1031 1067 1106 derivassent,
1093 1031 1306 1095 existimabam
1331 1033 1410 1094 idem
1434 1041 1466 1095 et
1488 1034 1568 1095 Urso

196 1122 375 1202 excogitem
389 1120 525 1198 proclive
540 1119 644 1181 luisse.
660 1114 686 1192 ²)
732 1120 868 1200 Denique
884 1120 962 1200 qood
977 1120 1044 1182 linis
1058 1119 1207 1200 principio
1233 1122 1398 1202 respondet
1420 1121 1493 1183 nihil
1508 1123 1568 1183 mi-

196 1229 274 1286 rum,
299 1229 356 1273 nec
370 1208 436 1269 ulla
449 1207 480 1269 in
495 1215 566 1270 voto
580 1207 770 1288 improbitas,
793 1216 828 1269 ut
841 1209 965 1282 „valeat
989 1209 1138 1271 sideribus
1154 1218 1186 1271 et
1204 1209 1383 1272 scientiae“.
1430 1210 1466 1272 Id
1482 1211 1566 1291 equi-

198 1301 267 1362 dem
292 1299 432 1374 studeat,
456 1296 627 1359 malediotis
651 1297 771 1358 omissis
796 1306 827 1358 et
854 1317 935 1360 vana
958 1297 1174 1360 ostentatione.
1221 1299 1344 1372 „Decus
1368 1305 1470 1360 autem
1486 1297 1567 1362 Ger·
1625 1289 1632 1308 ⁸

198 1388 345 1452 suaniae“
368 1385 444 1448 mibi
470 1386 597 1466 quilibet
620 1393 683 1461 est,
714 1386 762 1448 cui
785 1394 904 1448 tantum
927 1387 1039 1463 tribuo,
1065 1395 1206 1468 quantum
1222 1388 1266 1450 illi
1289 1387 1470 1462 tribuebam,
1500 1390 1571 1470 quia

198 1497 309 1560 nempe
342 1475 571 1537 mathemata
603 1493 724 1536 verum
756 1475 866 1536 deone
899 1484 985 1537 sunt
1015 1475 1122 1538 unius
1151 1474 1381 1542 Germaniae.
1412 1507 1452 1519 -
1483 1479 1567 1538 Haec

198 1569 276 1632 adeo
291 1563 418 1648 prolixe,
444 1579 509 1624 cum
524 1569 558 1624 ut
572 1564 706 1625 dolorem
719 1582 820 1624 meum
841 1571 974 1626 testarer
993 1565 1079 1644 justa
1098 1565 1229 1646 querela,
1253 1572 1315 1627 tum
1340 1574 1373 1628 ut
1396 1571 1566 1646 appareret,

198 1655 345 1720 arbitrari
367 1671 414 1714 me
438 1671 497 1714 non
521 1655 640 1714 omnino
663 1651 737 1714 nihil
761 1652 801 1714 ad
824 1672 923 1716 meam
946 1653 1204 1716 existimationem
1233 1653 1400 1734 pertinere,
1432 1655 1510 1734 qnod
1534 1662 1566 1714 tu
1617 1646 1620 1654 ’

198 1747 236 1808 de
260 1749 540 1902 mgdsegxtiiginum,
565 1837 691 1886 concludit
709 1836 845 1900 Keplems,
865 1837 898 1886 ed
917 1836 1079 1887 Maestlinum
1098 1837 1217 1902 loquens.
1247 1829 1364 1903 addidi,
1389 1847 1445 1890 non
1469 1829 1566 1894 videri

198 1925 323 2005 dignum
348 1918 499 2012 'l'ychonis
523 1917 745 1996 magnitudine,
779 1924 813 1978 ut
837 1925 899 1978 tam
923 1918 1122 1979 vehementer
1145 1918 1183 1978 ob
1211 1918 1289 1979 hanc
1317 1919 1565 1980 obtrectationem

197 2017 434 2076 commoveatur.
467 2007 621 2076 ‚Patietur
643 2005 744 2086 potius
768 2025 860 2086 opera
884 2025 937 2086 pro
963 2015 1092 2086 utroque
1117 2005 1208 2086 loqui,
1233 2026 1367 2082 securus,
1393 2006 1462 2087 quid
1485 2007 1565 2068 docti

198 2102 318 2164 sensuri
342 2100 413 2161 siut.

269 2275 374 2340 Tycho
391 2274 430 2323 his
448 2271 552 2336 Kepieri
569 2270 645 2320 literis
662 2269 788 2333 respondit
807 2266 842 2330 (d.
864 2266 887 2317 9.
908 2269 970 2319 Dec.
991 2266 1073 2332 rtet)
1098 2270 1222 2334 pluribus,
1245 2282 1347 2334 quorum
1372 2283 1416 2328 ea,
1437 2283 1508 2334 ¹qum
1531 2271 1564 2320 nd

197 2349 359 2400 Pnodromum
377 2345 517 2410 pertinent,
537 2355 612 2405 supra
636 2340 786 2389 exhibuimus
810 2335 880 2405 (pag.
899 2337 934 2387 su
952 2338 1009 2404 sq).
1048 2341 1119 2400 Quae
1138 2341 1186 2390 hnc
1204 2344 1344 2404 pertinent,
1373 2341 1468 2391 haecce
1491 2349 1565 2392 sunt:

271 2417 478 2483 Exoptatissimas
492 2419 518 2462 et
530 2413 706 2462 eruditissimas
724 2419 779 2460 tuas
797 2411 890 2468 literas,
904 2411 949 2460 Vir
961 2411 1119 2467 Doctissime,
1138 2418 1165 2460 et
1177 2412 1207 2461 ob
1221 2413 1321 2462 eximias
1334 2413 1428 2478 ingenii
1440 2413 1476 2462 tui
1496 2413 1565 2462 dotes

199 2491 270 2556 (iicet
284 2491 316 2541 de
328 2489 393 2538 iacie
406 2487 468 2536 inibi
476 2484 585 2534 necdum
599 2479 709 2548 cognite)
722 2483 850 2545 plurimum
863 2489 948 2531 tamen
961 2483 1063 2544 dilecte,
1084 2484 1169 2546 accepi
1186 2483 1352 2546 praecedente
1366 2489 1463 2533 aestate
1475 2483 1564 2534 Witte-

197 2567 299 2630 bergae,
318 2560 392 2625 paulo
413 2565 548 2620 autequam
567 2555 625 2603 inde
643 2553 804 2611 discederem,
824 2567 878 2602 cnm
898 2555 923 2601 in
941 2555 1069 2617 procinctu
1090 2568 1169 2603 essem
1188 2555 1283 2603 itineris
1294 2553 1429 2604 Bohemici.
1459 2555 1565 2620 ideoque

199 2643 252 2686 turn
271 2635 302 2684 ils
320 2626 486 2694 respondendi
505 2627 574 2676 nulle
593 2626 699 2675 dabatur
722 2627 906 2688 opportunitas,
934 2627 971 2673 nti
994 2639 1073 2688 neque
1096 2631 1184 2689 postea
1206 2639 1283 2689 usque
1307 2627 1333 2674 in
1355 2626 1402 2674 hoc
1420 2632 1516 2690 tempus
1535 2627 1566 2676 ob

197 2722 279 2758 mrum
297 2717 409 2754 mearum
428 2697 635 2754 vicissitudinem,
662 2701 688 2746 st
710 2711 800 2744 novum
823 2695 957 2746 earundem
982 2697 1008 2744 in
1030 2695 1091 2745 locis
1113 2697 1247 2760 peregrinis
1273 2703 1429 2760 apparatam.
1468 2697 1565 2747 Nactus

201 2785 287 2828 autern
304 2778 359 2838 jam
378 2769 560 2836 aliquantulum
579 2768 630 2826 otii,
649 2769 701 2817 unt
720 2781 774 2816 cum
793 2767 906 2816 mittendi
920 2767 952 2816 ad
964 2774 990 2816 te
1002 2781 1071 2816 meas
1085 2767 1267 2825 commoditate,
1285 2782 1336 2816 non
1354 2767 1445 2817 diutius
1461 2769 1565 2832 remrip-

196 2851 265 2900 tione
284 2844 496 2910 supersedendum
516 2839 648 2888 arbitratus
667 2853 729 2887 sum·

269 2919 343 2979 Quae
362 2916 393 2966 ab
410 2915 481 2964 initio
500 2911 532 2960 de
550 2910 704 2960 maleieriste
727 2909 775 2966 istc
795 2909 857 2958 Urso
881 2909 918 2957 tui
935 2908 1057 2974 purgandi
1082 2920 1160 2958 causa
1182 2905 1276 2970 prolixe
1300 2921 1490 2966 commemoras,
1514 2923 1563 2957 non

197 2992 312 3056 equidem
330 2995 369 3036 tot
386 2987 467 3037 verbis
487 2989 513 3032 et
531 2988 583 3031 mm
603 2981 725 3045 exquisita
743 2979 912 3029 declaratione
930 2979 1102 3045 indiguissent,
1123 2993 1179 3027 cnm
1196 2979 1302 3042 ipsemet
1319 2979 1381 3027 alias
1394 2983 1421 3027 te
1439 2977 1500 3028 satis
1519 2993 1564 3029 ex·-

197 3069 314 3114 cuaatum
332 3058 440 3108 babeam
457 3054 567 3117 nihilque
586 3053 630 3102 tibi
648 3053 780 3116 imputem,
798 3051 901 3114 quodie
919 3050 1004 3100 literas
1022 3057 1092 3106 tuas,
1113 3054 1139 3098 et
1157 3061 1199 3098 eas
1218 3049 1330 3114 quidem,
1349 3051 1386 3098 uti
1404 3063 1471 3099 nunc
1490 3065 1520 3099 ex
1538 3057 1564 3099 ta

195 3135 315 3198 percipio,
335 3130 464 3180 mutilatas
483 3133 510 3174 et
528 3125 689 3187 depravatas,
709 3123 746 3170 sui
765 3122 869 3170 ornandi
895 3136 984 3182 causa,
1010 3135 1069 3170 nam
1091 3121 1127 3170 sic
1145 3121 1207 3170 forte
1227 3135 1286 3186 opus
1304 3119 1404 3178 habuit,
1428 3120 1475 3168 isto
1499 3119 1564 3186 qued

196 3204 323 3270 evulgavit
342 3200 436 3251 scurrili
456 3203 482 3247 et
499 3195 632 3245 maledicto
651 3195 754 3256 scripto,
780 3199 805 3241 te
830 3193 907 3241 luscio
932 3197 957 3242 et
980 3194 1057 3242 invito
1075 3193 1213 3240 inseruerit.
1250 3191 1290 3241 De
1307 3191 1484 3256 hypothesibus
1501 3193 1564 3241 meis

195 3277 227 3326 ab
245 3275 288 3325 illo
307 3272 445 3338 praereptis
464 3275 490 3318 et
508 3282 551 3330 pro
571 3267 621 3314 suis
639 3265 773 3314 venditatis
791 3279 842 3312 non
860 3269 936 3313 tanta
956 3269 1022 3314 esset
1040 3264 1159 3327 quaestio,
1179 3263 1227 3311 nisi
1244 3263 1270 3311 in
1288 3263 1335 3312 isto
1355 3262 1520 3312 inverecundo
1539 3267 1565 3312 et

195 3345 321 3414 figmentis
341 3350 417 3408 atque
436 3339 567 3391 calumniis
585 3341 699 3386 scatente
718 3337 778 3385 libro
796 3335 914 3384 honorem
933 3339 958 3384 et
976 3335 1182 3384 existimationem
1194 3347 1286 3391 meam,
1306 3335 1354 3382 imo
1373 3335 1489 3398 patriam,
1508 3349 1563 3398 pro·

194 3421 301 3483 sapiam,
321 3417 420 3466 domum
437 3410 643 3468 honestissimam,
663 3407 878 3471 impudentissimis
898 3411 923 3455 et
946 3406 1129 3455 scelestissimis
1143 3405 1294 3463 mendaciis,
1315 3406 1409 3455 scurrili
1428 3413 1454 3454 et
1471 3419 1563 3454 vesano

194 3491 294 3540 calamo
316 3487 446 3542 arrodere,
472 3488 499 3532 et
521 3485 640 3546 qnantum
659 3480 755 3542 inipso
775 3483 813 3527 est
832 3477 961 3526 detamare
979 3491 1029 3526 non
1052 3477 1202 3534 erubuisset,
1226 3491 1280 3525 cum
1299 3483 1385 3525 tamen
1403 3478 1507 3540 ipsemet
1526 3477 1562 3526 ta-

195 3569 279 3610 teatur
298 3561 325 3608 iu
343 3557 514 3622 praelatione,
532 3565 573 3601 me
591 3551 655 3600 bens
675 3565 728 3598 esse
747 3549 777 3598 de
798 3548 838 3597 ille
856 3549 986 3604 meritum,
1006 3555 1032 3598 et
1050 3548 1122 3598 adest
1139 3548 1198 3596 mihi
1217 3561 1317 3597 carmen
1336 3547 1459 3611 quoddam
1478 3549 1562 3610 ipsius,

194 3633 254 3682 licet
265 3630 363 3681 insulsa
382 3626 431 3690 (uti
444 3621 519 3685 solet)
538 3637 602 3671 vena
620 3621 752 3676 edistitnm,
773 3621 918 3683 propriaque
938 3622 991 3681 ejus
1009 3621 1223 3681 manuscriptum,
1243 3633 1289 3682 quc
1309 3617 1368 3667 mihi
1386 3620 1482 3684 gratias
1501 3620 1563 3682 agit,

194 3703 260 3768 quod
277 3715 330 3751 nen
348 3700 438 3749 saltem
457 3711 502 3760 per
518 3692 642 3758 plusculos
662 3693 730 3748 dies,
751 3705 807 3740 cum
826 3690 959 3754 aliquando
979 3689 1127 3754 Urauiburgi
1147 3690 1212 3752 apud
1230 3705 1271 3738 me
1290 3695 1367 3746 esset,
1387 3691 1442 3740 cibo
1460 3695 1486 3738 et
1503 3697 1563 3753 potu

195 3775 262 3824 illum
279 3773 385 3836 largiter
411 3769 530 3823 uicerim,
557 3764 601 3813 sed
626 3769 652 3812 et
675 3764 776 3826 iusuper
801 3762 938 3811 discedenti
961 3763 1078 3824 pecunias
1102 3755 1254 3822 dederim.⁸)
1291 3761 1329 3809 En
1348 3761 1445 3825 qualem
1464 3760 1563 3824 probis

196 3853 270 3910 atque
290 3845 346 3894 aliis
364 3841 441 3892 reiert
459 3829 586 3905 gratiam!
625 3833 788 3884 Occasionem
807 3835 894 3881 sumsit
912 3832 997 3880 horum
1017 3831 1191 3888 convitiorum,
1218 3831 1282 3896 quod
1300 3833 1327 3880 in
1345 3831 1365 3881 1.
1384 3837 1467 3881 nostm
1487 3831 1563 3881 'l'omo

193 3917 362 3982 Epistularum
381 3910 611 3962 Astronomicarum
631 3911 698 3954 extet
718 3905 774 3954 Chr.
795 3903 948 3952 Rothmsnni
973 3903 1093 3966 epistola,
1119 3903 1145 3951 in
1170 3917 1220 3968 qna
1238 3901 1328 3951 Ursum
1346 3904 1419 3952 istum
1442 3905 1563 3967 impurum

195 3995 267 4038 vocat
284 3987 444 4044 nebulonem,
464 3980 545 4048 qualis
565 3978 629 4028 enim
649 3984 715 4025 esset
733 3977 759 4024 in
778 3975 837 4024 aula
854 3976 892 4023 sni
905 3975 1022 4037 principis
1035 3975 1090 4037 ipsa
1103 3974 1254 4037 experientia
1266 3974 1377 4031 edoctus,
1396 3981 1450 4023 turn
1467 3988 1562 4038 qnoque

195 4059 316 4110 relatione
335 4058 440 4107 eliorum
460 4067 491 4103 ex
509 4049 625 4104 tutonis,
645 4047 687 4096 uhi
706 4053 784 4097 antea
801 4048 904 4095 vixerat.
933 4045 986 4110 Ego
1005 4060 1061 4094 vero
1079 4045 1106 4092 in
1124 4044 1175 4093 alia
1192 4045 1300 4109 quedam
1320 4045 1352 4094 ad
1371 4045 1464 4095 dictum
1482 4045 1561 4094 Roth·
1629 4075 1630 4079 =

196 4146 313 4181 manuum
332 4126 440 4192 epistola
459 4125 485 4174 id
505 4122 594 4172 saltem
612 4119 736 4168 mimetice
755 4118 834 4166 reiero
853 4123 880 4167 et
897 4117 967 4165 simul
986 4117 1092 4174 insinuo,
1111 4130 1158 4180 quo
1172 4115 1227 4164 dolo
1240 4115 1363 4179 quaedam
1376 4130 1406 4165 ex
1418 4119 1481 4166 meis
1494 4116 1561 4166 clan-

198 4203 275 4252 onium
294 4201 470 4254 subtraxerat,
496 4207 598 4259 quornm
615 4189 734 4238 nonnulla
752 4189 846 4251 recepi,
871 4201 935 4252 qnae
955 4189 1090 4236 etiamnum
1106 4187 1184 4250 ipsius
1201 4202 1278 4236 manu
1297 4186 1382 4251 (quam
1399 4203 1493 4252 negare
1512 4202 1562 4236 non

197 4271 286 4338 potest)
306 4277 415 4323 exarata
433 4280 513 4332 penes
531 4277 571 4313 me
584 4267 654 4318 sunt;
675 4267 700 4310 et
718 4275 788 4316 sane,
809 4261 829 4308 si
848 4257 906 4307 mihi
927 4260 1002 4308 edum
1022 4259 1200 4323 agrarioribus
1219 4259 1306 4307 studiis
1324 4265 1384 4308 tnnc
1401 4259 1562 4322 superfuisset

198 4346 308 4408 ep'utolas
327 4344 392 4403 illas,
414 4341 475 4390 dum
493 4337 560 4400 typit
578 4333 667 4381 mitit
686 4331 880 4388 timebantur,
900 4331 980 4394 quoad
999 4329 1097 4394 singula
1116 4335 1234 4378 contenta
1251 4329 1386 4387 revidendi,
1406 4345 1455 4378 ncu
1474 4341 1561 4392 passus

197 4416 289 4467 inissem
315 4417 406 4466 librum
425 4411 498 4460 ilium
519 4421 592 4456 ame
613 4404 705 4452 editum
724 4403 794 4451 istius
814 4401 882 4450 efferi
901 4407 927 4450 et
944 4401 1022 4466 putidi
1040 4400 1096 4450 Ursi
1115 4402 1212 4450 nomine
1232 4401 1401 4464 conspurcari,
1429 4415 1478 4449 non
1496 4397 1561 4462 quod

196 4488 339 4551 modi
359 4485 485 4549 adjuncto
500 4477 608 4543 epitheto
620 4475 736 4539 mdignus
749 4475 844 4523 censeri
856 4473 942 4535 possit,
962 4478 1006 4521 aut
1025 4471 1076 4521 ulle
1093 4471 1129 4520 illi
1147 4471 1282 4522 secundum
1298 4472 1426 4520 hominum
1442 4473 1562 4519 consueta

193 4562 279 4621 iudicia
295 4557 422 4627 tmnende
443 4555 482 4603 sic
502 4551 574 4599 heret
591 4547 693 4607 injuria,
716 4551 789 4608 prout
806 4559 856 4593 non
876 4543 967 4593 saltem
984 4542 1171 4600 Rothmannus,
1198 4542 1242 4592 sed
1261 4545 1336 4592 etiam
1354 4541 1425 4590 multi
1444 4539 1499 4596 alii,
1519 4539 1560 4602 qui

193 4646 243 4683 mm
259 4635 321 4684 satis
339 4641 447 4684 novere,
468 4621 628 4687 perspectum
644 4616 751 4672 habeut,
778 4631 863 4665 uerum
886 4615 1013 4678 quianon
1031 4614 1137 4663 libenter
1154 4615 1180 4662 in
1198 4615 1260 4663 meis
1279 4611 1376 4675 seriptis
1393 4611 1466 4659 ullius
1483 4609 1560 4678 utam

190 4710 215 4754 et
228 4721 315 4765 mores,
335 4701 536 4770 qndsscunque
554 4691 611 4747 siut,
629 4688 775 4752 perstringo,
793 4686 861 4736 nude
879 4685 954 4736 stiam
971 4685 997 4734 in
1012 4685 1117 4749 epistola
1128 4683 1164 4734 M.
1177 4683 1211 4734 D.
1221 4684 1276 4734 Jac.
1288 4681 1365 4731 curm
1377 4696 1399 4729 o.
1411 4695 1454 4734 tn..
1472 4685 1561 4742 postea

190 4777 364 4845 wadum·
384 4788 403 4825 a
422 4782 470 4821 me
489 4765 554 4814 libro
571 4758 934 4813 derhiechauieahstmnomia
952 4757 1093 4820 subjuncta,
1112 4769 1201 4806 nomen
1220 4751 1385 4808 istius‘omisi.
1405 4757 1460 4802 aaut
1479 4751 1560 4800 dictas
