3698 5516
765 301 852 348 nonem
869 295 967 349 Ursum.
1116 237 1125 250 ι
1481 287 1547 361 26¹7

163 445 278 512 circulo
301 445 386 528 ΒΘ,
414 453 482 517 sive
503 453 533 517 in
557 455 724 534 angustiori
747 456 805 518 KL
827 463 993 518 mereatur.
1040 453 1082 517 Et
1105 455 1146 517 sit
1168 445 1205 516 Η
1221 453 1312 518 stella
1340 455 1370 516 in
1395 445 1545 534 apogaeo',

166 539 226 600 erit
246 540 358 622 itaque
380 545 494 623 juncta
514 543 588 606 Soli.
637 541 851 607 'lhanaleratur
874 563 1041 624 apogaeum
1065 545 1189 624 ejusque
1218 545 1298 606 linea
1317 545 1386 619 ΕΗ,
1414 547 1548 606 centrum

170 645 213 690 se.
239 631 410 692 eccentrici
435 633 481 706 N,
514 651 551 694 ex
574 651 610 694 eo
634 633 700 695 loco
725 634 754 694 in
777 634 820 708 Ε,
850 635 950 714 sitque
979 634 1062 695 iocus
1087 634 1214 714 apogaei
1237 634 1268 695 in
1292 635 1321 696 A
1348 634 1456 694 iterum
1482 651 1548 694 cum

174 717 276 781 Gvel
300 718 433 784 LSole.
481 721 579 784 Stella
602 739 673 783 vero
698 729 855 784 moveatur
872 743 898 784 ·a
922 724 1003 785 linea
1025 723 1152 802 apogaei
1177 723 1206 784 in
1227 730 1345 802 partem
1366 722 1547 784 contrariam

175 815 259 870 motu
282 810 543 885 commutationis,
569 829 606 872 err
629 813 659 872 A
683 831 726 872 sc.
752 811 780 873 in
806 812 840 874 B.
890 811 999 884 Patet,
1026 812 1102 892 quod
1128 811 1290 892 quotannis
1314 812 1376 872 sere
1401 811 1495 872 semel
1517 811 1548 873 in

178 896 356 976 perigasnm
380 899 505 973 incidat,
531 901 590 961 etsi
614 919 672 962 non
697 901 735 962 ad
755 901 911 980 oppositas
927 909 1032 980 partes
1048 901 1162 962 zodiaci
1178 902 1299 964 evadat.
1346 897 1416 970 Oua
1429 901 1547 961 ratione

179 985 222 1060 nt,
246 993 282 1048 nt
305 988 346 1050 ad
371 1006 528 1050 accessum
551 987 634 1051 Solis
659 989 697 1050 ad
721 1009 756 1050 se
778 989 905 1051 tollatur
929 989 957 1050 in
983 990 1086 1062 altum,
1112 1009 1178 1051 cunr
1202 989 1367 1052 decedente
1382 987 1454 1050 Sole
1477 1007 1547 1049 sese

181 1076 270 1136 simul
293 1075 450 1139 demittat
495 1078 612 1140 Eadem
636 1095 706 1140 vero
722 1078 871 1160 Tychopis
894 1097 1009 1159 quoque
1029 1079 1213 1159 hypotheses
1238 1077 1359 1140 habent.
1405 1075 1457 1139 Sic
1481 1092 1547 1138 cum

181 1166 366 1244 Apollonius
391 1165 466 1227 dicit
487 1165 516 1227 D
539 1167 587 1229 vel
610 1167 653 1241 Κ,
676 1165 705 1227 G
728 1167 819 1228 velL
842 1166 953 1242 Solem,
979 1175 1011 1228 et
1034 1169 1077 1240 N,
1097 1167 1124 1228 E
1144 1175 1279 1229 centrum
1303 1165 1464 1229 eccentrioi
1480 1183 1549 1226 esse

182 1254 213 1316 in
241 1255 350 1318 eadem
378 1255 473 1326 linea,
507 1255 609 1336 'lyoho
634 1255 721 1328 dicit,
747 1255 791 1328 N,
814 1255 842 1316 E
866 1264 1000 1317 centrum
1025 1256 1183 1318 eccentn'ei
1213 1275 1281 1318 esse
1312 1256 1411 1334 ipsum
1435 1253 1547 1316 Solem.

184 1341 236 1404 Sic
260 1361 328 1404 curn
351 1344 428 1405 hace
452 1343 607 1424 Apollonii
631 1343 784 1406 sententia
807 1345 904 1406 locum
928 1345 1018 1407 aliter
1041 1346 1152 1407 hahere
1176 1364 1233 1406 non
1258 1345 1365 1424 possit,
1390 1343 1448 1406 nisi
1463 1343 1549 1424 justa

183 1432 226 1494 ait
249 1433 408 1514 proportio
433 1433 486 1494 ΕΕ
509 1431 747 1495 eecentricitatis
771 1433 808 1493 ad
832 1432 890 1494 ΕΑ
913 1433 1030 1496 radium
1055 1435 1185 1496 eccentri
1210 1435 1315 1506 (aliter
1338 1433 1424 1512 justa
1446 1441 1548 1494 retro-

163 1521 400 1600 ,pedariorum
423 1521 580 1601 quantitas
602 1541 659 1584 non
684 1521 889 1596 conficietur),
918 1523 972 1586 flat
994 1524 1097 1602 ntique
1121 1524 1149 1584 in
1175 1523 1266 1584 stella
1289 1522 1416 1597 Martis,
1441 1529 1475 1583 nt
1496 1520 1550 1582 ΕΡ
1626 1563 1628 1570 ,

184 1610 377 1672 eccentricus
407 1617 494 1672 secet
514 1609 571 1680 FO
600 1610 742 1672 circulum
770 1631 790 1672 a
820 1619 924 1673 centro
953 1613 1112 1674 eccentrici
1139 1613 1341 1690 descriptum:
1375 1611 1407 1671 id
1431 1610 1550 1691 quidem

183 1719 223 1762 ex
246 1699 425 1778 anteposita
448 1699 652 1778 suppositione
669 1699 821 1780 Apollonii
843 1700 970 1762 firmiter
993 1701 1157 1762 deducitur.
1204 1698 1281 1763 Onus
1300 1700 1379 1761 enim
1392 1699 1446 1760 BT
1465 1704 1551 1760 recta
1680 1731 1683 1737 f

183 1789 277 1850 ducta
301 1789 344 1850 sit
366 1797 456 1850 extra
479 1795 613 1850 centrum
637 1789 663 1848 Ε
696 1797 727 1850 et
751 1788 812 1852 alia
836 1790 890 1852 ΔΡ
918 1807 972 1868 per
1000 1799 1135 1852 centrum
1159 1789 1201 1865 Ε,
1235 1807 1326 1868 qnare
1352 1789 1408 1849 ΛΡ
1432 1786 1551 1866 longior

183 1875 244 1939 erit
277 1895 368 1957 quaro
391 1877 457 1939 BT.
502 1877 562 1938 Est
585 1886 686 1938 antem
711 1878 767 1939 ΑΡ
790 1878 890 1946 divisa
918 1879 1056 1940 bilariam
1081 1880 1110 1941 in
1133 1879 1161 1940 Ε
1185 1885 1303 1950 centro,
1338 1886 1369 1939 et
1391 1875 1446 1938 BT
1468 1872 1550 1937 in

185 1983 225 2027 ex
251 1967 429 2048 hypothesi,
454 1984 545 2046 quare
569 1983 623 2044 per
646 1981 830 2030 communem
855 1968 1081 2048 conceptionem
1105 1967 1259 2042 dimidium
1281 1966 1336 2028 ΕΡ
1359 1963 1480 2027 dimidio
1495 1962 1551 2024 OT
1570 1968 1573 1974 '

185 2073 307 2136 quoque
338 2057 437 2134 maJns
469 2063 526 2116 est.
575 2057 732 2134 Amplius,
765 2073 832 2118 curu
865 2077 884 2118 a
912 2065 1022 2136 puncto
1047 2059 1072 2119 Ε
1100 2065 1187 2118 extra
1214 2062 1352 2117 centrum·
1372 2053 1474 2116 circuli
1499 2049 1551 2116 ΟΡ

183 2145 337 2206 ducantur
360 2145 465 2216 binae,
500 2163 560 2204 nna
582 2162 619 2205 ex
642 2152 745 2207 centro
769 2145 893 2207 veniens
916 2145 980 2219 FP,
1006 2146 1102 2208 altera
1125 2165 1213 2207 secus
1237 2145 1302 2218 FT,
1326 2143 1496 2205 incidentes
1519 2141 1550 2205 in

184 2233 466 2296 circumferentiam
485 2232 537 2293 PT
544 2251 553 2307 3
578 2233 637 2295 erit
658 2231 714 2294 FT
733 2233 831 2313 major
855 2251 944 2314 qnam
963 2233 1023 2296 FP.
1069 2235 1139 2297 Jarn
1164 2253 1255 2312 snpra
1278 2231 1398 2294 dixerat
1420 2231 1551 2310 Apollo-

183 2323 253 2384 nius
279 2319 336 2384 OT
367 2321 412 2383 sic
436 2339 504 2382 esse
537 2321 666 2396 adTF,
699 2330 733 2384 ut
760 2323 908 2384 velocitas
937 2324 1032 2386 centri
1060 2323 1221 2386 cenentrici
1254 2321 1395 2395 (Martis)
1422 2320 1480 2384 ΝΕ
1513 2317 1551 2379 ad

182 2411 382 2492 velocitatem
412 2410 523 2471 stellae
546 2429 599 2472 seu
630 2409 743 2472 motum
762 2411 1005 2473 commutationis
1028 2413 1085 2476 AB
1116 2413 1144 2476 h.
1170 2431 1196 2474 e.
1221 2416 1256 2473 ut
1279 2406 1321 2474 59
1346 2411 1385 2471 ad
1409 2406 1453 2472 28
1476 2407 1550 2470 fere.

183 2497 264 2562 Cum
294 2498 551 2580 igitur-ejnsderu
581 2500 676 2560 totins
700 2500 737 2560 ad
764 2501 908 2578 majorem
937 2519 974 2562 ex
997 2499 1018 2562 2
1040 2501 1178 2581 partibus
1207 2500 1304 2562 minor
1328 2499 1370 2560 sit
1397 2497 1550 2577 proportio

183 2607 279 2669 quam
307 2589 347 2651 ad
370 2589 528 2662 minorem,
563 2587 620 2650 erit
651 2589 747 2668 major
773 2589 927 2669 proportio
952 2587 1008 2651 OT
1031 2592 1069 2652 ad
1092 2589 1144 2652 FP
1178 2609 1265 2670 qnam
1289 2585 1333 2652 59
1362 2588 1401 2649 ad
1425 2584 1468 2650 28
1476 2603 1485 2660 ;
1519 2593 1551 2646 et

181 2697 316 2751 rursum,
343 2695 409 2738 cum
435 2695 472 2738 ex
498 2677 613 2739 duabus
643 2679 805 2758 majoribus
836 2697 912 2757 qnae
937 2677 1057 2757 longior
1084 2687 1133 2740 est
1160 2679 1306 2756 majorem
1329 2674 1550 2757 proportionem

183 2766 304 2828 habeat
328 2766 367 2826 ad
386 2766 541 2840 minorem,
566 2784 656 2845 quarn
680 2785 755 2848 quae
780 2766 918 2840 brevior;
951 2767 1049 2846 major
1071 2769 1163 2848 igitur
1186 2768 1245 2828 erit
1262 2765 1416 2845 proportio
1435 2763 1489 2826 ΕΡ
1511 2763 1550 2823 ad

184 2855 240 2917 PF
264 2875 355 2935 quarn
379 2851 437 2916 OT
460 2855 498 2915 sd
522 2855 582 2918 ΡΕ.
629 2855 716 2917 Prius
740 2875 811 2918 vero
835 2863 866 2917 et
890 2853 969 2918 OT:
987 2858 1036 2918 PF
1052 2857 1088 2930 >
1108 2853 1150 2919 59
1168 2876 1175 2917 :
1191 2852 1244 2924 28,
1268 2854 1361 2916 multo
1377 2851 1467 2932 igitur
1481 2869 1548 2912 ma-

178 2944 233 3022 jor
262 2951 312 3031 est
345 2944 498 3024 proportio
527 2942 671 3005 EP:PF
702 2963 792 3025 qnam
821 2940 957 3008 59:28.
1005 2943 1139 3025 Cumque
1168 2939 1295 3007 59:28
1320 2941 1476 3022 proportio
1509 2939 1551 3000 sit

183 3035 285 3112 major
303 3033 411 3112 dupla,
435 3031 532 3094 tribus
555 3031 647 3111 igitur
670 3034 839 3095 nominibus
862 3033 916 3094 ΕΡ
932 3055 938 3095 :
956 3035 1007 3096 ΡΕ
1030 3035 1127 3112 major
1150 3031 1341 3112 proportione
1365 3029 1467 3108 dupla.
1515 3027 1550 3091 Si

182 3121 240 3183 ΕΡ
262 3123 334 3202 plns
359 3131 409 3184 est
430 3139 521 3202 quam
544 3121 665 3199 duplum
681 3121 739 3196 ΡΕ,
766 3141 837 3201 ergo
851 3122 902 3183 PF
927 3124 1023 3186 minor
1038 3129 1086 3184 est
1109 3141 1196 3202 quarn
1213 3119 1366 3182 dimidium
1378 3117 1433 3180 ΕΡ
1455 3117 1549 3180 semi·

182 3211 330 3273 diametri
362 3209 503 3273 eccentri.
549 3209 667 3271 Ablata
695 3211 786 3289 igitur
809 3211 860 3273 ΡΕ
890 3211 987 3273 minor
1017 3212 1141 3274 dimidia
1173 3205 1316 3289 relinquit
1336 3208 1389 3271 ΕΕ
1424 3206 1474 3269 rel
1495 3207 1520 3269 F
1522 3205 1552 3278 O

184 3301 349 3380 aequalem
373 3292 524 3378 'majorem
554 3299 678 3361 dimidia
708 3307 805 3380 parte.
852 3301 958 3382 Itaque
982 3301 1033 3361 FP
1065 3301 1212 3362 distantia
1242 3298 1386 3380 perigaea
1416 3296 1553 3359 aTerra

153 3463 158 3471 η
184 3390 288 3452 minor
320 3396 371 3450 est
399 3386 456 3459 FO
487 3387 712 3450 semidiametro
744 3389 863 3464 circuli,
898 3389 946 3469 qui
981 3399 1114 3469 centrum
1138 3387 1299 3452 eocentrici
1327 3387 1420 3448 vehit.
1467 3385 1552 3448 idem

184 3485 291 3540 antem
326 3477 439 3540 asserit
465 3475 567 3558 Tycho
600 3475 637 3538 de
666 3476 827 3547 circulo&
856 3487 980 3540 secante
1004 3478 1148 3540 circulnrn
1173 3475 1224 3555 Θ.
1271 3477 1318 3538 Ex
1347 3477 1430 3539 hisce
1461 3474 1552 3553 igitur

183 3575 321 3647 apparet
345 3587 394 3639 ea,
418 3583 507 3646 quam
531 3565 603 3642 dixi,
627 3563 769 3646 cognatio
792 3566 1001 3648 hypothesium
1017 3563 1165 3648 Tychonis
1188 3585 1254 3628 cum
1278 3563 1459 3646 geometrico
1478 3580 1552 3642 pro·

185 3657 323 3720 blemate
346 3653 511 3736 Apollonii.
1404 3651 1409 3658 ’

275 3746 325 3808 At
348 3763 386 3806 ex
408 3744 457 3805 his
479 3751 581 3805 tamen
600 3743 730 3804 nondum
754 3743 889 3822 seqnitur
910 3742 955 3817 id,
986 3743 1064 3821 qnod
1088 3743 1118 3804 in
1141 3761 1234 3806 cansa
1255 3750 1415 3804 versatur:
1449 3739 1549 3819 Apol-

187 3836 300 3898 lonium
321 3833 508 3917 hypotheses
532 3831 664 3894 edidisse
681 3833 899 3894 astronomicas
924 3832 1057 3911 legitime
1082 3840 1114 3892 et
1127 3833 1246 3911 proprie
1261 3831 1305 3893 sic
1320 3832 1430 3903 dictas,
1454 3829 1549 3894 multo

187 3924 286 3986 minus
310 3941 385 3984 vero
409 3921 454 3996 id,
479 3921 557 4001 quod
575 3921 641 3982 sine
664 3921 743 3982 omni
767 3921 970 3982 haesitatione
995 3915 1199 3982 alfimoaverat
1221 3919 1331 3993 Ursus,
1356 3918 1551 4000 Apolloniam

188 4013 324 4075 secunda
348 4011 561 4074 immutatione
576 4009 874 4077 Aristarchianarum
898 4010 990 4085 saeta,
1015 4010 1092 4072 hanc
1118 4010 1243 4070 formem
1267 4007 1445 4090 systematis
1465 4023 1553 4068 mun·
1644 4005 1655 4034 ¹

187 4103 267 4177 dani,
293 4119 373 4183 quae
397 4097 488 4160 hodie
512 4097 645 4180 Tychom
666 4099 780 4177 placet,
804 4099 1001 4178 expressisse.
1049 4099 1181 4160 Primum
1206 4098 1284 4159 enirn
1301 4097 1388 4160 initio
1412 4114 1470 4158 nou
1495 4093 1554 4158 fuit

187 4190 370 4272 Apollonius
394 4195 586 4250 astronomus
609 4187 813 4265 professione,
838 4188 893 4248 sed
912 4195 1084 4267 geometra,
1110 4188 1247 4268 quodque
1271 4184 1492 4248 demonstravit
1515 4199 1553 4244 ex

186 4279 376 4344 wonomiro
400 4283 620 4338 transsumtum
643 4275 812 4355 problema,
842 4276 871 4338 id
895 4276 1058 4355 nonime,
1088 4285 1121 4337 ut
1145 4276 1311 4338 astronomi
1334 4274 1458 4354 requirit
1483 4272 1551 4336 offi-

184 4369 266 4446 cinm,
293 4370 336 4432 ad
362 4383 455 4429 usum
480 4363 632 4438 adhibuit,
666 4372 701 4426 ut
727 4364 784 4425 hac
808 4359 945 4426 assumta
979 4365 1139 4446 hypothesi
1167 4366 1310 4444 planetae
1333 4365 1424 4426 ullius
1453 4367 1551 4450 neotus

177 4481 214 4524 err
242 4452 523 4523 observationibus
556 4453 717 4514 deduceret
745 4461 776 4514 et
800 4453 1035 4527 demonstraret,
1066 4447 1117 4514 sed
1152 4453 1438 4516 demonstrationem
1471 4459 1551 4508 mere

171 4549 403 4636 geometricam
425 4542 466 4603 ad
490 4547 688 4615 astronomos,
714 4549 857 4620 tanquam
880 4542 1006 4622 propola
1028 4542 1133 4603 clavos
1158 4549 1212 4603 aut
1235 4540 1363 4603 securim
1386 4538 1425 4598 ad
1450 4533 1550 4596 arohi-

169 4653 266 4712 tectos
292 4633 428 4706 attulit,
457 4630 483 4692 si
508 4629 573 4718 quis
597 4638 690 4702 esset,
714 4630 797 4709 cujus
812 4629 915 4692 usibus
940 4631 1001 4692 ista
1015 4630 1174 4692 servirent.
1221 4629 1348 4700 Deinde,
1373 4640 1438 4686 cnm
1452 4622 1550 4702 hypo-

163 4740 267 4804 theses
295 4717 542 4794 astronomicas
564 4735 656 4797 supra
679 4737 746 4781 cum
769 4717 849 4780 Urso
873 4718 1063 4780 definiremus
1092 4727 1206 4780 certam
1235 4717 1367 4795 aliquam
1389 4713 1427 4774 de
1450 4707 1551 4771 mundi
1662 4764 1666 4772 .

160 4835 253 4900 sym.
290 4823 537 4895 corporumque
568 4796 752 4878 coelestium„
777 4806 975 4892 dispositione
1008 4807 1256 4892 conceptionem:
1291 4799 1444 4886 Apollonii
1475 4797 1573 4860 haec'
