3674 5528
325 267 389 336 ²82
509 339 528 398 1
789 267 818 318 ln
837 267 908 332 Apol.
928 267 1006 330 uren.
1028 267 1221 320 contestinum

401 431 449 486 Do
469 431 533 484 lite
555 443 665 486 causa
684 430 939 500 hypothesium
960 429 1132 484 dominum
1154 429 1347 500 Tyohonem
1369 431 1471 486 inter
1497 437 1533 484 et
1553 431 1682 488 Ursum

401 545 468 599 Cum
489 561 507 598 a
527 561 570 598 me
590 549 700 615 peteret
720 545 829 614 quidam
850 546 946 598 doctus
968 544 1021 603 vir.
1050 550 1082 598 ut
1103 560 1187 614 super
1208 546 1261 598 hac
1281 561 1311 598 re
1328 543 1461 614 judicium
1481 561 1572 598 meum
1594 545 1629 598 ad
1653 562 1683 598 se

322 625 527 697 perscriberem,
548 625 677 695 respondi
697 624 725 677 in
746 625 819 678 huno
839 625 897 678 iere
918 627 1033 687 modum,
1056 632 1188 694 quantum
1215 625 1279 678 mihi
1301 625 1443 679 succurrit.
1486 625 1607 678 Primum
1629 642 1684 679 non

321 705 497 768 dissimulavi,
519 721 561 758 mo
583 703 661 758 irasci
685 705 761 767 Urso,
784 704 830 775 qui
851 703 972 775 epistola
993 721 1056 757 mea
1076 704 1230 758 inconsulto
1252 721 1295 758 me
1316 705 1461 774 publicata
1480 705 1561 758 foede
1576 706 1684 758 abusus

320 793 372 841 est.
416 787 514 856 ltaque
537 785 624 853 ipsum
646 783 819 838 considerare
836 783 923 852 jussi,
946 799 982 836 an
1004 785 1104 838 affectu
1127 785 1258 853 abripiar.
1302 785 1408 838 Deinde
1435 784 1571 853 judicium
1592 801 1683 838 meum

320 869 353 920 de
375 865 567 920 scommatibus
589 864 661 917 ferre
683 879 773 917 coram
794 864 903 917 bomine
925 863 1037 932 politico
1059 865 1142 917 nolui.
1185 865 1262 927 Quod
1289 872 1381 918 autem
1403 865 1594 936 quaestionem
1615 865 1683 918 atti-

322 953 382 1008 net,
413 953 476 998 uter
497 944 612 998 alterius
634 951 750 1012 usurpet
771 944 957 1013 hypotheses,
989 943 1041 997 etsi
1072 945 1239 1014 hypothesin
1261 945 1343 998 aliam
1364 963 1419 1016 ego
1442 961 1554 1015 sequar,
1589 952 1684 997 tamen

319 1025 404 1080 rideri
425 1040 501 1078 reum
523 1024 620 1077 Ur'sum
650 1023 799 1077 insimulati
830 1023 957 1077 criminis.
1000 1025 1189 1078 Fundamenta
1219 1025 1289 1078 haec
1319 1027 1412 1079 tuere:
1448 1025 1555 1078 fatetur
1584 1025 1682 1087 Ursus,

319 1125 349 1160 se
371 1105 498 1158 schedam
526 1103 645 1174 aliquam
676 1103 806 1156 eDania
835 1103 951 1157 allatam
973 1106 1045 1173 apud
1066 1104 1282 1176 Rollenhagium
1310 1104 1476 1167 ostendisse,
1508 1110 1537 1156 et
1558 1105 1611 1157 hoc
1632 1119 1683 1173 ap·

319 1186 408 1255 pellat
429 1184 531 1238 furtum
553 1183 786 1252 philosophicum,
817 1191 964 1253 monetque
985 1184 1157 1255 Tyohonem,
1179 1185 1268 1237 discat
1288 1185 1407 1254 posthac
1426 1201 1471 1236 res
1494 1199 1559 1237 suas
1581 1184 1683 1237 melius

245 1328 250 1342 Ι
319 1263 464 1318 custodire.
506 1263 623 1316 Fatetur
643 1262 722 1324 idem,
744 1279 798 1327 non
819 1279 848 1315 se
870 1263 985 1332 primum
1001 1281 1062 1316 esse
1076 1264 1265 1334 hypotheseos
1281 1265 1354 1317 illius
1370 1269 1520 1326 auctorem,
1546 1262 1599 1316 nisi
1614 1280 1683 1334 qua·

318 1353 398 1400 tenus
413 1345 526 1398 Terram
549 1343 615 1396 lecit
627 1341 800 1396 revolutione
815 1343 912 1396 diurna
927 1343 1063 1397 mobilem.
1093 1345 1143 1397 Ait
1156 1344 1285 1413 denique,
1311 1343 1428 1397 indidem
1452 1361 1481 1397 se
1506 1345 1683 1412 excerpsisse

318 1425 498 1496 hypotheses,
513 1425 585 1476 unde
599 1429 629 1475 et
642 1423 737 1493 Tycho
752 1422 938 1492 excerpserit:
963 1438 1027 1476 nam
1050 1430 1165 1477 exstare
1188 1423 1215 1476 in
1232 1423 1381 1492 Copernieo
1404 1429 1434 1476 et
1448 1424 1611 1477 Ptolemaeo
1631 1441 1683 1476 ex·

317 1521 422 1576 presse.
465 1507 505 1557 At
524 1503 576 1556 hoo
598 1502 723 1555 ultimum
748 1502 848 1555 falsum
871 1509 923 1565 est,
947 1519 998 1556 nec
1013 1503 1083 1556 enim
1102 1510 1218 1556 exstant
1231 1503 1310 1556 dictis
1325 1503 1391 1556 locis
1416 1504 1481 1557 illae
1495 1503 1681 1573 hypotheses.

317 1586 394 1655 Ergo
409 1601 445 1637 ex
459 1583 512 1636 hoc
534 1577 649 1636 l'alsoiet
664 1581 752 1636 tribus
775 1582 869 1651 primis
884 1582 964 1644 veris,
990 1585 1059 1653 quod
1082 1601 1135 1636 nou
1150 1583 1187 1636 sit
1201 1583 1328 1637 inventor
1349 1583 1452 1653 primus
1476 1583 1680 1653 hypotheseos,

318 1666 389 1736 quod
403 1663 465 1718 inde
480 1663 586 1717 habeat
599 1661 767 1733 hypothesin
782 1663 852 1715 unde
867 1663 1008 1732 et‘lyoho,
1024 1665 1093 1733 quod
1109 1664 1237 1716 schedam
1252 1663 1397 1732 Typhonis,
1418 1663 1446 1716 in
1461 1679 1516 1732 qua
1530 1669 1596 1717 erat
1610 1663 1682 1716 haec

317 1743 496 1816 hypothesis,
521 1742 681 1804 abstulerit,
707 1741 785 1812 quasi
808 1761 844 1795 ox
868 1743 1011 1796 elementis
1035 1743 1196 1813 quibusdam
1221 1743 1392 1812 componitur
1414 1743 1485 1795 haec
1507 1741 1680 1810 conjectura,

316 1824 454 1893 Tychonis
469 1822 638 1892 hypothesin
654 1823 689 1875 ab
705 1822 774 1875 Urso
789 1828 899 1890 raptam
913 1829 943 1876 et
958 1839 1007 1891 pro
1023 1839 1075 1876 sua
1095 1823 1269 1877 vindicatam.
1314 1823 1390 1884 Quod
1406 1829 1499 1876 nutem
1513 1839 1569 1876 non
1584 1827 1682 1876 exstet

318 1903 456 1977 Tychonis
470 1902 635 1974 hypothesis
660 1901 688 1955 in
703 1901 853 1970 Copernieo
868 1908 898 1954 et
912 1903 1082 1966 Ptolemaeo,
1107 1910 1188 1973 patet
1212 1919 1248 1956 ex
1272 1902 1472 1971 depraiatione
1496 1901 1620 1956 locorum
1645 1902 1681 1954 ab

317 1985 387 2039 Urso
402 1984 598 2054 allegatorum,
614 1997 682 2052 quos
697 1981 790 2035 ordine
804 1981 971 2036 videbimuss
1180 2030 1191 2045 ,

396 2063 458 2117 Lib.
483 2063 504 2116 1.
528 2077 589 2130 cap.
618 2062 663 2114 10.
706 2062 775 2115 Τοιο
799 2062 848 2115 illo
871 2063 962 2132 capite
977 2061 1143 2132 Copernicus
1168 2064 1289 2115 modeste
1313 2067 1342 2114 et
1365 2062 1441 2114 lento
1466 2077 1618 2132 progressu
1643 2078 1680 2114 ex

317 2143 399 2198 Mart.
415 2142 533 2213 Capella
547 2141 691 2196 occasione
705 2142 789 2194 ducta
811 2144 845 2194 ad
860 2141 1074 2212 explicationem
1097 2149 1127 2194 et
1141 2157 1271 2195 summam
1285 2140 1480 2194 necessitatem
1505 2157 1574 2194 suae
1589 2141 1679 2210 hypo·

317 2225 428 2278 theseos
443 2221 557 2275 accedit.
599 2221 669 2274 Nam
693 2219 758 2290 quia
777 2221 895 2290 Capella
921 2221 969 2284 ait,
997 2223 1130 2276 Venerem
1153 2228 1182 2274 et
1196 2219 1361 2275 Mercurium
1384 2220 1459 2273 circa
1481 2237 1582 2290 corpus
1606 2220 1679 2274 Solis

317 2317 463 2356 conversas
487 2299 596 2355 absides
620 2300 734 2363 habere,
758 2318 795 2354 ex
818 2301 871 2354 hoo
894 2307 1021 2370 apparet,
1046 2303 1123 2356 illum
1138 2301 1261 2354 conferre
1276 2305 1373 2354 centra
1386 2299 1491 2354 orbium
1515 2300 1627 2354 illorum
1652 2299 1679 2352 in

317 2381 418 2436 Solem.
460 2381 498 2435 Et
521 2386 621 2450 postea
644 2379 783 2450 sequitur:
808 2381 870 2434 hinc
884 2388 974 2434 sumta
988 2382 1143 2444 occasione,
1169 2381 1191 2434 si
1207 2381 1266 2451 quis
1282 2375 1437 2450 (intellige:
1462 2380 1485 2433 si
1504 2397 1559 2452 ego
1575 2381 1678 2448 Coper-

317 2455 408 2528 nicus)
423 2461 571 2515 Saturnum
586 2476 701 2530 quoque,
716 2461 812 2513 Jovem
827 2468 857 2513 et
870 2459 987 2514 Martem
1002 2464 1036 2516 ad
1052 2462 1119 2515 illud
1133 2461 1221 2532 ipsum
1236 2467 1359 2514 centrum
1375 2460 1508 2522 conferat,
1532 2477 1587 2512 nnn
1602 2476 1677 2513 erra·

316 2542 367 2605 bit,
391 2541 418 2594 id
442 2542 512 2611 qnod
537 2539 669 2592 canonica
691 2539 800 2593 illorum
823 2549 945 2594 motuum
968 2541 1040 2595 ratio
1064 2541 1196 2604 declaret,
1213 2547 1251 2593 -et
1265 2541 1336 2610 quod
1359 2540 1516 2594 declarabit
1540 2539 1677 2608 hocopus

316 2638 413 2686 meum,
429 2621 456 2674 in
471 2636 523 2691 quo
539 2618 696 2673 canonicam
711 2620 932 2674 honorationem
946 2637 983 2675 ex
998 2622 1050 2674 tali
1064 2620 1212 2692 hypothesi
1227 2619 1378 2673 construxi.
1414 2620 1474 2682 ¹Hic
1488 2619 1575 2674 Ursus
1595 2619 1678 2673 simu·

316 2703 366 2763 lat,
390 2700 540 2770 Copernieo
555 2701 588 2752 de
603 2698 755 2753 mutatione
771 2700 865 2770 aliqua
885 2717 952 2754 sune
967 2702 1155 2771 hypotheseos
1170 2716 1320 2754 sermonem
1336 2716 1405 2763 esse,
1431 2717 1492 2753 oum
1506 2699 1679 2768 Copernicus

316 2783 434 2836 nondum
457 2795 535 2834 suam
558 2779 699 2849 propriam
723 2780 900 2850 explicuerit,
928 2784 975 2833 sed
993 2781 1052 2850 jam
1075 2781 1117 2834 his
1133 2781 1201 2850 ipsis
1215 2779 1307 2834 verbis
1331 2779 1434 2833 aditum
1456 2778 1508 2833 sibi
1528 2780 1620 2833 faciat
1643 2781 1678 2832 ad

315 2860 393 2916 illam
417 2859 620 2930 explicandam.
662 2858 733 2912 Nam
758 2861 779 2913 si
802 2861 967 2930 Copernicus
991 2861 1106 2914 vidisset
1129 2863 1199 2931 quod
1215 2860 1317 2930 Tyoho,
1339 2875 1421 2928 posse
1436 2860 1526 2913 Solem
1547 2860 1677 2913 mobilem

315 2958 407 2997 annuo
421 2947 496 2994 motu
520 2937 694 2993 nihilominus
718 2955 829 2993 manere
852 2945 975 2993 centrum
990 2941 1007 2994 5
1023 2941 1199 3010 planetarum
1214 2936 1282 3007 (non
1306 2939 1397 3008 potuit
1411 2947 1504 2993 autem
1529 2939 1555 2991 id
1571 2939 1675 3000 ridere,

315 3021 380 3093 quia
389 3021 549 3074 realitatem
560 3019 665 3072 orbium
675 3016 810 3084 credidit),
826 3036 875 3073 our
883 3021 969 3089 paulo
980 3027 1045 3090 post
1055 3020 1179 3083 dixisset,
1197 3020 1362 3074 alterutrum
1372 3035 1485 3072 necesse
1496 3035 1567 3082 esse,
1582 3027 1618 3072 ut
1627 3026 1678 3072 aut

314 3103 394 3156 nulla
409 3101 445 3154 sit
460 3099 534 3154 orbis
549 3098 662 3152 'lerreni
677 3099 818 3170 proportio
834 3101 868 3152 ad
883 3101 977 3153 orbem
990 3101 1118 3162 fixarum,
1135 3107 1185 3154 aut
1203 3100 1312 3153 infinita
1326 3099 1377 3152 illa
1400 3100 1547 3152 secundum
1563 3107 1676 3152 veteres

316 3180 422 3235 orbium
435 3179 583 3234 multitudo
593 3180 777 3234 concedatur?
810 3181 880 3233 Nam
896 3181 941 3250 qui
956 3197 1015 3235 cum
1030 3181 1160 3250 Tyehone
1176 3179 1269 3242 sentit,
1296 3178 1336 3232 illi
1352 3186 1479 3232 neutrum
1493 3185 1675 3231 estnecesse.

476 3271 521 3319 rig.
538 3271 558 3310 a.
794 3259 855 3312 Lib.
872 3260 919 3314 lll.
942 3277 1003 3328 cap.
1020 3259 1066 3314 25.
1112 3260 1164 3333 Hie
1178 3275 1232 3313 non
1246 3259 1417 3312 intellectum
1433 3259 1470 3311 ab
1485 3259 1555 3311 Urso
1571 3259 1677 3328 Coper-

715 3341 804 3396 nicum
824 3345 874 3392 aut
896 3339 922 3392 id
945 3339 1035 3392 studio
1060 3357 1113 3392 non
1134 3341 1206 3394 bono
1229 3338 1437 3402 dissimulatum,
1462 3355 1541 3392 nemo
1562 3339 1609 3409 qui
1625 3339 1676 3392 Co·

714 3418 855 3489 pernicum
878 3419 1013 3490 intelligit
1036 3419 1163 3475 dubitare
1184 3426 1287 3489 potest.
1331 3417 1481 3486 Copernieo
1506 3419 1539 3471 dc
1564 3417 1677 3472 theoria

715 3499 787 3554 Solis
802 3507 846 3552 est
860 3515 956 3560 sermo,
980 3499 1023 3552 oui
1044 3499 1115 3552 liber
1139 3499 1186 3552 ille
1200 3499 1356 3551 destinatus
1377 3504 1429 3551 est.
1472 3498 1558 3551 Ursus
1582 3507 1677 3552 autem

715 3585 805 3650 putat,
831 3578 908 3632 illum
922 3580 996 3647 loqui
1017 3581 1051 3634 de
1075 3578 1255 3632 universitate
1281 3577 1475 3648 hypothesium
1499 3579 1590 3648 deque
1611 3593 1675 3647 par·

716 3659 783 3712 tium
797 3659 994 3713 mundanarum
1010 3665 1105 3712 mutuo
1121 3675 1264 3713 consensu.
1295 3657 1331 3711 Ut
1345 3674 1390 3710 res
1401 3664 1507 3726 pateat,
1523 3659 1578 3710 duo
1595 3659 1675 3712 sche-

716 3745 794 3792 mata
813 3753 922 3807 ponam,
944 3733 1028 3792 tinum
1048 3739 1273 3806 repraesentabit
1291 3738 1380 3808 ipsam
1396 3737 1540 3806 Copernici
1558 3738 1677 3806 primam

718 3817 891 3880 sententiam,
917 3819 1036 3872 alterum
1049 3835 1115 3870 vero
1130 3816 1245 3872 habebit
1259 3818 1335 3871 illam
1351 3818 1545 3880 variationem,
1572 3819 1607 3870 de
1622 3832 1679 3887 qua

717 3896 775 3951 illio
799 3897 949 3967 Copernieo
974 3915 1062 3951 sermo
1090 3905 1141 3950 est.
1184 3902 1209 3950 A
1233 3893 1295 3968 (fig.
1322 3891 1354 3964 8)
1378 3903 1500 3950 centrum
1529 3897 1676 3952 eccentrici

718 3979 830 4041 Terrae,
853 3993 950 4046 nempe
960 3977 1010 4034 ,Sol
1026 3977 1094 4047 ipse,
1111 3978 1133 4030 B
1149 3977 1320 4047 opioyclium,
1336 3979 1408 4046 quod
1422 3991 1513 4030 annuo
1528 3984 1607 4031 motu
1621 3975 1677 4030 uni

717 4074 777 4111 cum
800 4058 954 4111 eooentricn
979 4057 1004 4110 in
1019 4063 1116 4128 partes
1130 4059 1273 4126 oppositas
1291 4057 1456 4121 restituitur,
1481 4058 1567 4126 paulo
1583 4063 1676 4111 tamen

716 4137 860 4190 deficiente
870 4137 1055 4199 restitutione,
1070 4137 1151 4190 siout
1165 4138 1261 4192 exilio
1276 4139 1383 4191 defectu
1400 4144 1534 4206 sequatur
1544 4153 1675 4208 progres-

717 4233 764 4282 sus
778 4216 912 4288 apogaei;
935 4218 1088 4274 Cnentrum
1111 4216 1238 4286 opioyclii
1258 4217 1376 4277 secundi,
1399 4216 1426 4269 in
1446 4233 1498 4286 quo
1513 4217 1603 4270 Terra
1626 4218 1676 4270 oir-

716 4297 800 4350 cumit
814 4297 892 4350 annis
908 4295 994 4360 3434,
1012 4299 1082 4350 unde
1097 4295 1196 4350 accidit
1210 4295 1426 4352 eccentricitatis
1441 4297 1569 4350 mutatio.
1598 4298 1678 4377 Haec

717 4377 882 4445 Copernicus
897 4376 1031 4447 allegatis
1047 4378 1082 4431 ab
1098 4377 1167 4430 Urso
1186 4377 1278 4431 verbis
1293 4377 1333 4430 sio
1356 4376 1398 4430 ait
1410 4376 1513 4431 rariari
1529 4393 1622 4445 posse,
1644 4387 1676 4430 ut

716 4455 753 4509 sit
767 4455 874 4526 quidem
888 4459 912 4508 Δ
927 4457 1018 4509 mundi
1033 4463 1165 4520 centrum,
1185 4459 1232 4511 sed
1247 4475 1301 4510 non
1315 4456 1445 4526 ipsissimi
1459 4457 1583 4526 corporis
1597 4457 1675 4512 Sola·

716 4535 762 4597 ris,
785 4537 857 4589 circa
880 4539 950 4606 quod
975 4537 1061 4589 Terra
1084 4535 1111 4590 in
1131 4539 1156 4590 D
1181 4535 1239 4608 (fig.
1261 4533 1291 4602 9)
1315 4542 1390 4590 motu
1414 4551 1506 4590 annuo
1526 4537 1676 4592 circumeat

717 4610 789 4682 (NB.
815 4617 901 4668 Terra
914 4615 1064 4670 etiamnum
1085 4615 1229 4682 circumit).
1271 4617 1318 4670 Sol
1342 4615 1380 4670 sit
1399 4615 1463 4670 ine
1487 4623 1517 4670 et
1531 4627 1676 4671 moveatur

717 4695 823 4764 quidem
849 4696 874 4748 in
890 4695 1030 4766 opioycliis
1046 4697 1078 4761 B,
1104 4697 1133 4760 G,
1155 4699 1203 4750 sed
1227 4695 1268 4750 ita
1291 4697 1379 4758 tarde,
1404 4702 1437 4750 ut
1457 4714 1511 4750 uno
1533 4713 1607 4751 anno
1622 4715 1675 4751 non

717 4774 804 4828 faciat
818 4774 974 4830 sensibilem
985 4792 1171 4848 progressum.
1194 4777 1298 4830 NamB
1312 4775 1477 4846 opioyclium
1486 4777 1566 4830 annis
1577 4777 1674 4832 25000

717 4854 769 4907 sub
791 4853 855 4908 fixis
869 4854 1041 4919 restituitur;
1066 4856 1176 4912 (ivero
1200 4855 1364 4928 opioyclium
1387 4858 1466 4910 annis
1482 4856 1570 4911 3434.
1613 4858 1674 4911 Jam

933 5027 944 5072 i
