3542 5528
678 328 839 385 Prooemium.
1097 287 1102 298 ¹
1393 335 1436 402 47

99 491 228 542 amusos
245 491 369 549 omme,
388 493 497 557 petenda
515 493 576 550 enm
595 493 652 556 qun
671 501 698 542 aa
714 492 754 542 ms
773 489 914 543 ermenone
933 495 1088 544 assemanus.
1127 481 1209 554 quim
1227 508 1327 558 operam
1344 499 1365 546 st
1384 499 1440 562 quis

98 563 282 626 superaddiderit,
302 564 376 614 ilium
396 567 522 628 antiquum
540 562 721 629 Ppffiagmm,
740 565 780 629 qni
798 563 953 616 harmoniam
972 567 1118 616 eoneinnam
1137 565 1295 623 coelestibus,
1308 561 1309 564 ’
1323 569 1372 618 imo
1390 571 1437 619 toti

98 633 175 684 mondo
190 635 267 684 inesse
286 637 486 698 praesentiebat,
505 648 620 699 superare
639 635 749 688 dixerim.
778 635 811 684 lit
829 635 888 685 lieet
906 636 1037 687 oiroulares
1056 639 1081 686 in
1095 637 1162 688 coelo
1183 639 1304 687 motiones
1322 652 1436 689 nonnun-

96 718 159 769 qnam
174 703 303 769 angulares
323 707 448 772 quasdam
467 713 493 756 et
516 707 597 756 sarim
623 705 715 771 figuras
741 711 815 770 atque
838 701 994 771 utplurimum
1017 708 1135 773 oblongas
1154 710 1287 772 composito
1306 723 1350 758 suo
1367 719 1437 761 motu

96 775 179 826 efficere
195 778 288 826 eunom
307 778 411 843 singma
428 779 558 827 monenti
575 777 653 826 sideri
670 777 778 840 possint:
798 777 827 827 iit
845 784 929 828 mmor
948 779 974 828 id
991 794 1036 843 per
1054 778 1169 834 accidens
1192 785 1218 828 et
1240 778 1354 830 abhorret
1372 784 1435 831 ratio

95 849 121 898 ab
135 845 177 896 bro
193 850 373 911 suppositione.
412 847 515 913 Oportet
533 849 597 898 enim
616 850 713 898 omnino
733 863 763 898 ex
780 849 937 902 oiroolaribus
957 852 1068 916 eompoui
1085 857 1204 900 astrorum
1224 851 1353 904 circuitus,
1374 853 1437 902 alias

93 927 194 982 perpetm
211 918 371 972 uniformiter
389 927 416 969 et
433 917 594 984 aequabiliter
612 921 637 968 iu
655 934 682 971 se
701 935 749 969 non
768 929 920 970 revertentur
938 928 964 971 et
981 922 1163 986 perennitatem
1175 921 1333 972 frustrabant.
1359 921 1435 974 Prae·

53 1035 55 1038 .
93 990 265 1056 terqusmuqnod
276 993 364 1040 minus
377 991 504 1055 ‘simplices
522 990 649 1056 magisque
668 990 799 1041 monialae
818 999 897 1050 erant,
916 991 963 1042 ne'o
981 995 1057 1043 etiam
1076 993 1203 1044 doctrinae
1222 998 1247 1042 et
1264 994 1319 1043 usui
1338 1009 1435 1044 accom-

92 1061 174 1112 modae.
209 1059 248 1111 De
268 1058 289 1125 Q
310 1077 364 1112 mon
382 1069 422 1112 est
440 1077 483 1112 oor
500 1061 584 1112 doleas
609 1066 662 1125 eloe
680 1062 777 1112 stellam
796 1077 812 1112 a
830 1079 869 1113 me
887 1077 937 1113 non
956 1078 1010 1114 esse
1028 1065 1198 1120 observatam.
1226 1070 1270 1114 aut
1287 1067 1352 1129 quod
1371 1068 1436 1116 idem

92 1147 136 1182 tom
148 1132 279 1196 Ceperuioo
298 1135 327 1182 in
348 1136 402 1196 ejus
420 1132 597 1198 phoenomenis
615 1133 773 1184 ostendendis
788 1135 950 1198 praetendere
963 1134 1044 1185 velim.
1074 1135 1147 1186 Licet
1166 1137 1230 1187 enim
1249 1133 1341 1186 aSolie
1360 1137 1435 1188 radiis
1477 1177 1481 1183 .

91 1205 198 1252 murium
216 1205 383 1268 digretssatuu
403 1213 430 1255 et
447 1205 587 1254 inclinatior
605 1205 670 1268 apud
684 1220 729 1254 noa
741 1207 766 1254 iu
780 1205 865 1255 Deoia
877 1206 910 1255 sit
922 1206 1035 1270 sphaera,
1056 1220 1130 1271 quam
1143 1207 1277 1272 Frueburgi
1289 1208 1313 1256 in
1327 1207 1435 1266 Pretorio,

90 1275 123 1324 ubi
133 1277 187 1325 risit
199 1275 364 1340 eopsrnious.
383 1276 512 1342 pluresque
524 1291 593 1326 mare
606 1279 674 1327 eirea
685 1277 791 1326 insulam
804 1277 965 1327 habitationis
982 1285 1083 1328 nostrae
1103 1279 1213 1328 emiserit
1229 1293 1342 1342 vapores.
1362 1295 1436 1346 quam

92 1346 188 1396 Vistula:
206 1348 320 1410 plurimis
339 1355 426 1398 umen
444 1349 543 1406 umbus,
563 1349 611 1396 imo
629 1362 693 1412 pane
712 1349 813 1414 singulis
833 1350 912 1406 annia.
932 1349 989 1400 ἀιιιιι
1008 1351 1033 1398 in
1046 1348 1201 1416 Uranlburgo
1215 1357 1298 1399 noatm
1317 1351 1436 1401 sideribus

90 1417 235 1483 invigilarem.
255 1426 310 1468 taur
331 1433 391 1470 eous
409 1431 484 1484 quam
501 1421 654 1482 vespertinos
674 1429 791 1470 aeenrate
809 1433 826 1468 a
843 1421 913 1470 nobis
932 1421 1034 1471 coelitus
1054 1421 1200 1470 denotatus:
1219 1427 1248 1470 ut
1265 1435 1345 1484 neque
1363 1422 1435 1489 hujus

90 1492 146 1546 stoi.
163 1495 218 1538 utut
236 1493 366 1540 ratiraime
383 1495 480 1554 pateat,
500 1497 526 1540 et
543 1491 626 1540 multia
645 1491 796 1542 audactibos
816 1491 849 1540 sii
865 1491 1004 1549 obnoxiatio,
1022 1507 1067 1542 nos
1084 1493 1171 1557 fugere
1188 1493 1265 1555 possit
1284 1494 1373 1544 semita
1391 1508 1434 1543 ne·

89 1575 197 1625 qusquam
215 1561 247 1611 ab
267 1562 375 1612 aliorum
391 1562 473 1611 ,dubiis
492 1562 752 1620 animadversionibus,
770 1563 806 1611 uti
825 1570 926 1612 coaetus
945 1570 984 1613 eat
996 1562 1154 1628 Gopemieus,
1172 1563 1317 1613 mutuanda.
1348 1557 1433 1630 ΜΩ

88 1641 192 1697 quantum
209 1633 338 1682 booterms
354 1633 521 1700 pervestigare
540 1633 621 1690 licuit,
641 1643 734 1684 eertum
752 1641 805 1688 est.
825 1637 878 1695 eius
897 1649 1036 1700 apogaeum
1053 1649 1103 1683 oon
1121 1635 1224 1685 multum
1244 1649 1260 1684 a
1278 1633 1358 1686 Solarl
1377 1643 1431 1686 snt·

88 1719 166 1753 ursum
181 1707 315 1762 removeri,
336 1705 408 1754 aliter
427 1719 499 1770 qoam
517 1706 595 1754 sensit
613 1703 774 1769 (inpensione,
794 1719 840 1755 neo
859 1705 939 1755 eidem
956 1713 1041 1755 tamen
1059 1706 1133 1768 plane
1151 1707 1227 1763 uniri,
1246 1712 1274 1754 nt
1291 1705 1434 1773 Albategnli

87 1767 210 1826 imitatione
228 1775 319 1825 volunt
338 1775 516 1840 Alpbonainae.
552 1775 581 1828 In
600 1778 786 1826 eoeentrioitate
803 1783 887 1828 tamen
908 1780 960 1840 ejus
985 1791 1035 1826 oon
1059 1782 1098 1826 est
1120 1789 1166 1840 par
1189 1778 1266 1836 ratio,
1293 1791 1351 1828 nam
1378 1788 1434 1828 eam

86 1846 150 1896 multo
167 1849 289 1896 minorem
310 1847 391 1898 Solari
411 1846 568 1912 deprehendi.
598 1850 637 1897 Διι
655 1847 780 1898 mutabilis
798 1849 838 1906 ait,
857 1847 966 1899 nondum
984 1848 1094 1906 dixerim,
1113 1847 1156 1898 sed
1174 1863 1224 1898 nou
1241 1862 1391 1914 magnopere
1408 1849 1433 1900 id

88 1919 186 1980 probabit
202 1918 243 1967 vel
261 1919 414 1983 improbabit
432 1927 478 1968 tua
494 1933 538 1982 per
556 1933 583 1968 aa
601 1921 731 1984 ingeniosa
748 1921 886 1969 ratiocinia.

145 1989 257 2041 listella
274 1990 358 2054 polani
376 1990 415 2040 rel
433 1992 518 2054 quaeis
538 1989 587 2040 alia
604 1991 726 2040 subtiliter
745 2005 838 2047 emere,
858 2005 890 2041 au
909 1991 973 2040 orbis
993 2003 1089 2040 annuus
1101 1987 1194 2041 Terrae
1212 1989 1372 2054 aCopemioo
1392 2006 1432 2041 es·

87 2063 209 2126 cogitatur,
236 2064 258 2111 si
276 2063 299 2111 is
320 2069 402 2126 esset,
429 2068 532 2112 octavae
555 2062 676 2126 sphaerae
694 2061 771 2112 stellis
790 2062 968 2127 aliquantulam
991 2063 1099 2112 insinuet
1119 2063 1272 2126 parallarln.
1295 2065 1349 2125 jom
1374 2070 1433 2116 ante

87 2135 171 2196 saepius
189 2139 215 2182 et
234 2135 372 2198 diligenter
390 2134 493 2196 experiri
511 2133 618 2194 mamni,
641 2148 724 2183 rerum
743 2133 803 2183 nihil
822 2134 969 2197 eiuscemodi
993 2133 1105 2198 diligenti
1128 2134 1199 2184 laeta
1221 2133 1433 2190 animadversione

86 2203 194 2253 boutema
212 2207 334 2269 comperi.
371 2203 438 2254 Nam
464 2205 561 2254 stadam
583 2205 705 2268 polarem,
731 2218 875 2270 quoeunque
900 2205 958 2254 anni
980 2211 1090 2269 tempore
1113 2217 1187 2269 supra
1208 2205 1247 2256 rel
1270 2207 1335 2255 inira
1351 2207 1434 2270 polum

85 2277 183 2338 praese
201 2276 373 2331 observatam.
394 2275 505 2326 adhibita
523 2276 633 2339 ejusdem
651 2274 742 2326 abillo
760 2277 896 2327 remotione
913 2289 972 2326 vera
991 2273 1066 2341 (quae
1084 2275 1131 2326 boo
1150 2291 1215 2326 anuo
1230 2283 1269 2327 est
1287 2275 1317 2324 ‘2⁰
1327 2274 1369 2325 51⁴
1382 2275 1432 2326 lot

86 2355 107 2395 at
122 2362 172 2396 rum
190 2343 275 2396 6⁸13⁴
288 2345 343 2397 W
357 2345 389 2408 ,Υ
409 2353 436 2397 et
454 2348 500 2402 ὲ
520 2347 682 2406 meridianum
704 2361 786 2411 supra·
803 2354 829 2398 et
854 2347 918 2397 iufra
939 2347 1021 2411 polum
1039 2343 1141 2408 mansit)
1168 2349 1274 2398 eandem
1291 2350 1316 2398 iu
1334 2349 1433 2401 dimidio

86 2419 192 2482 scrupulo.
211 2419 264 2468 imo
282 2421 353 2468 iutra
370 2426 485 2482 quartam
502 2419 541 2468 rel
559 2425 654 2468 sartam
668 2421 721 2480 elus
734 2425 830 2484 partem
848 2415 988 2480 (subtiliora
1003 2419 1068 2467 risos
1081 2433 1130 2468 non
1143 2416 1272 2481 discernit]
1290 2421 1433 2484 praebuisse

86 2489 126 2552 poli
142 2489 322 2540 sublimitatem
341 2489 512 2548 animadverti,
531 2490 597 2554 qood
615 2497 641 2538 et
659 2487 715 2539 Chr.
729 2487 896 2546 Rothmanno.
915 2490 956 2554 qni
969 2488 1153 2552 Coperuieaete
1171 2491 1333 2554 apeeolatioui
1351 2493 1431 2542 indul·

85 2575 137 2624 gens
154 2561 246 2625 aliquid
266 2563 417 2612 discriminis
435 2561 475 2611 hio
493 2562 594 2612 subesse
613 2562 727 2624 opinatus
746 2569 793 2617 est,
807 2560 953 2630 jamdudum
971 2561 1085 2632 indicari,
1103 2568 1132 2610 ut
1143 2560 1201 2612 bino
1213 2561 1272 2612 nibil
1284 2577 1327 2626 pro
1341 2561 1444 2627 Copae·-

87 2633 132 2682 oieo
148 2639 189 2682 tuo
208 2631 296 2696 (enjus
316 2635 465 2684 oonmnoam
484 2638 510 2682 et
527 2633 681 2698 ingeniosam
699 2632 893 2697 speculationem
912 2632 975 2681 alias
994 2632 1110 2682 admirari
1123 2638 1149 2682 et
1161 2633 1335 2697 depraedicare
1353 2631 1432 2696 soleo)

85 2705 164 2754 tuendo
180 2707 310 2754 residuum
329 2707 362 2754 sit
380 2705 468 2754 solatii.
503 2704 581 2753 Petae
600 2704 708 2760 aliunde,
728 2705 748 2752 si
761 2704 866 2753 dabitur.
897 2702 947 2753 Sed
965 2703 995 2754 de
1013 2703 1051 2752 his
1071 2711 1145 2768 atque
1164 2704 1218 2754 aliis
1236 2705 1332 2769 plenius
1349 2712 1433 2758 tecum

83 2776 180 2836 jucunde
199 2785 225 2826 et
236 2777 400 2841 perlubenter
412 2789 495 2842 agam.
513 2775 631 2840 pluraque
652 2789 681 2824 es
699 2777 760 2827 meis
778 2775 972 2835 eommunioobop
990 2777 1012 2824 si
1031 2791 1079 2832 me,
1098 2776 1135 2823 uti
1152 2775 1281 2839 pollioeris,
1300 2777 1433 2842 aliquando

85 2847 192 2902 tamesis,
210 2849 277 2912 qood
298 2849 344 2898 tibi
360 2849 413 2909 jam
431 2848 511 2896 minus
529 2847 661 2898 molestum
678 2847 724 2896 erit
742 2861 816 2911 qoam
834 2853 922 2906 antea,
943 2861 998 2895 oum
1016 2847 1041 2896 in
1060 2845 1181 2896 Bohemia
1198 2862 1248 2896 nou
1268 2847 1398 2898 admodum
1417 2862 1434 2899 a

85 2919 140 2966 robis
158 2928 253 2968 mmota
272 2933 342 2969 nune
360 2919 432 2967 sedes
450 2917 559 2967 Uraniae
578 2913 654 2967 noras
672 2918 774 2976 inerim,
793 2925 868 2981 atque
885 2919 911 2967 in
930 2930 987 2967 aroe
1006 2918 1153 2966 caesariana
1171 2915 1307 2974 Benaohia,
1326 2920 1432 2982 quinque

85 2989 215 3040 milliaribus
234 2990 324 3055 Praga
341 2997 444 3044 remota,
463 2989 580 3038 habitem.
608 2989 674 3038 Nam
693 3004 733 3039 uae
751 3003 766 3038 a
784 3003 904 3038 oaesarea
921 2991 1052 3050 majestate
1072 2988 1120 3037 lruo
1138 3002 1152 3038 e
1172 2987 1305 3038 Germania
1323 2988 1432 3040 elemen-

85 3061 167 3112 tissimo
183 3069 305 3112 rosatum
321 3069 348 3114 et
360 3061 533 3126 benignissime
546 3075 577 3110 ao
588 3061 723 3111 liberaliter
733 3067 859 3124 receptum
872 3075 935 3118 esee,
954 3067 980 3109 te
999 3060 1030 3109 ab
1050 3059 1104 3108 aliis
1120 3061 1174 3122 jam
1191 3067 1270 3110 autea
1287 3063 1431 3125 eognomm

86 3131 121 3192 (er
132 3147 176 3197 quo
195 3133 328 3184 dimidium
344 3135 397 3196 jam
417 3146 508 3182 eunum
526 3132 566 3182 laio
585 3127 729 3194 subsistam)
749 3133 868 3184 existimo.
888 3130 970 3181 Nolim
987 3137 1072 3181 mmeu
1091 3137 1119 3180 ot
1136 3131 1249 3181 romonae
1267 3133 1389 3195 asperitas
1406 3139 1432 3182 te

85 3218 121 3252 uos
138 3205 258 3255 enomere
280 3205 421 3268 compellet,
439 3203 483 3252 sed
503 3205 581 3267 potius
600 3203 725 3253 arbitrium
743 3205 867 3267 proprium
884 3210 910 3253 et
928 3217 988 3270 erga
1006 3203 1146 3252 eommunia
1163 3202 1246 3252 studia
1264 3216 1333 3252 amor
1350 3210 1376 3252 et
1395 3205 1431 3254 ai·

84 3275 153 3325 laedo
189 3276 318 3342 Quicquid
335 3285 421 3326 tamen
439 3275 464 3324 id
482 3275 536 3333 erit,
560 3276 670 3325 invenies
688 3289 729 3324 me
747 3289 797 3324 oon
815 3275 943 3330 lortonee.
962 3274 1138 3338 qualiscunque
1163 3273 1207 3323 ille
1228 3275 1274 3331 sit,
1300 3274 1345 3325 sed
1363 3281 1433 3326 tuum

85 3349 189 3405 omitum.
208 3350 253 3414 qui
274 3351 351 3398 etiam
369 3349 395 3397 in
414 3347 519 3396 adressa
535 3353 601 3396 sorte
620 3361 664 3395 suo
682 3347 784 3396 oonsilio
802 3351 829 3395 et
847 3346 936 3395 auxilio
948 3346 992 3394 tibi
1011 3359 1166 3409 nequaquam
1185 3348 1218 3395 ait
1235 3345 1371 3401 defuturos,
1389 3348 1433 3397 sed

85 3420 154 3480 potius
171 3427 196 3471 te
215 3421 251 3470 ad
272 3421 367 3483 optima
384 3431 495 3484 quaeque
513 3425 674 3481 promoturus.
712 3418 782 3467 Etsi
800 3425 896 3467 mature
916 3417 1064 3474 accesseris,
1090 3431 1134 3466 eas
1156 3417 1219 3466 iorte
1237 3418 1346 3470 rationes
1364 3419 1431 3469 iore·

85 3491 175 3550 olemus,
194 3492 287 3557 quibus
305 3493 350 3541 tibi
369 3499 395 3540 et
412 3491 461 3539 tuis
479 3490 505 3539 in
523 3496 647 3553 posterum
665 3490 755 3539 reotius
773 3503 847 3554 qnam
866 3493 942 3538 antea
960 3488 1098 3540 consultum
1116 3489 1170 3538 erit.
1207 3487 1271 3539 Vale
1288 3487 1334 3540 ito.

144 3563 282 3615 Dabuntur
298 3562 444 3614 Benaohiae
462 3563 514 3613 sive
531 3559 645 3628 Veneriis
663 3559 827 3612 Bohemorum
845 3557 868 3610 d.
889 3556 913 3614 9,
923 3558 987 3609 Deo.
1007 3565 1038 3609 st.
1057 3574 1083 3609 n.
1104 3556 1180 3609 1599.

1078 3629 1124 3679 'lui
1143 3630 1327 3680 maodmimus

1065 3699 1094 3750 Τ.
1111 3703 1143 3753 Β.
1163 3717 1240 3767 mppr.
1260 3702 1353 3767 aotipai.

145 3849 239 3911 Quibus
259 3847 411 3910 interpositis
429 3844 536 3894 redimus
555 3843 588 3892 od
604 3843 688 3893 literas
705 3842 808 3907 Kepieri
827 3849 852 3892 et
870 3841 997 3892 Messalini
1013 3846 1120 3892 mutuas.

144 3920 293 3972 llsesrlinua
312 3918 346 3968 od
364 3917 448 3966 literas
465 3915 568 3980 Kepleri
587 3912 625 3975 (d.
644 3911 659 3962 9
679 3913 740 3964 Dee.
763 3911 846 3972 tote,
865 3929 887 3962 s.
907 3929 926 3964 a.
945 3929 969 3977 p.
991 3910 1050 3972 39),
1069 3914 1156 3978 quibua
1176 3913 1345 3976 calamitates,
1364 3930 1430 3980 quae

85 4000 128 4039 tum
145 3991 273 4055 Styriaeor
291 3988 396 4039 Lutheri
416 3987 473 4036 lidei
491 3986 602 4046 addictos
621 3987 717 4051 agitare
735 3987 888 4050 iooeperont,
908 3985 999 4042 refert,
1018 3985 1057 4034 hia
1075 3985 1218 4048 respondit:
1246 3987 1348 4036 Annum
1364 3986 1431 4038 huno

86 4061 144 4113 Deae
161 4063 229 4114 orl.
248 4059 459 4128 largiatur·nobia
476 4057 574 4107 ialioem
592 4063 618 4106 et
635 4071 790 4122 prosperum,
816 4071 863 4122 quo
886 4071 931 4106 nos
954 4058 985 4106 ab
1003 4055 1189 4114 imminentibus
1207 4056 1277 4108 melia
1296 4058 1432 4109 elementer

86 4137 205 4186 memdiat.
246 4134 287 4184 De
304 4133 391 4198 matis
407 4131 483 4194 ipsius
501 4143 584 4178 sumus
602 4129 700 4193 quidem
719 4130 787 4188 nemi,
807 4129 851 4178 aed
868 4127 989 4194 quomodo
1007 4141 1063 4177 eam
1081 4127 1216 4192 dispereat,
1233 4128 1351 4180 videmos.
1376 4129 1429 4180 Ira.

85 4215 128 4254 ton
151 4210 215 4258 enim
243 4207 339 4255 ruitum
361 4202 431 4252 Deus
456 4215 530 4265 saepe
555 4200 666 4260 simulet,
695 4208 721 4250 et
744 4201 859 4266 ingentes
884 4200 1040 4250 calamitates
1058 4198 1127 4248 uobis
1149 4200 1249 4262 objioit,
1276 4207 1304 4250 at
1322 4201 1428 4252 elemen-

86 4279 180 4329 tissimus
197 4281 251 4344 ipse
270 4285 344 4340 pater
363 4273 467 4338 gloriose
485 4287 529 4322 nos
547 4271 605 4320 inde
623 4272 719 4322 liberat
757 4271 838 4336 lpsum
856 4286 914 4337 ergo
934 4285 1042 4328 oremus,
1068 4275 1097 4320 ut
1120 4271 1141 4319 si
1166 4271 1223 4336 quid
1248 4271 1343 4322 adversi
1361 4273 1430 4322 nobis

86 4349 203 4401 immittere
221 4349 291 4405 velit,
312 4361 344 4396 aa
362 4347 399 4394 sio
416 4345 529 4408 mitigare
548 4343 670 4407 dignetur,
689 4357 721 4392 ue
743 4343 788 4392 sub
811 4357 893 4392 eorum
905 4342 969 4392 mole
986 4342 1024 4393 rel
1042 4343 1165 4408 gravitate
1183 4343 1261 4405 presel
1278 4343 1317 4394 rel
1336 4343 1429 4393 diutur-

85 4421 153 4472 nitate
169 4421 304 4486 deistigati
324 4415 523 4472 memmimus,
541 4415 586 4466 sed
604 4413 637 4464 ad
654 4413 751 4464 ielioem
770 4421 885 4465 eventum
903 4414 992 4464 eadem
1009 4414 1075 4463 brari
1092 4413 1220 4476 perducat

146 4493 242 4544 literas
259 4503 319 4542 tuas
337 4489 401 4542 lueri.
419 4485 651 4551 postquamrespsri
667 4499 696 4534 es
711 4485 813 4550 oollegio
826 4499 936 4540 resersus
950 4500 1012 4540 sum.
1032 4485 1125 4548 aeoepi.
1154 4483 1183 4534 ln
1201 4485 1250 4535 line
1270 4498 1353 4534 earum
1373 4479 1428 4542 (eas

87 4571 170 4627 propter
193 4566 296 4631 negotia
321 4575 373 4611 non
397 4557 524 4608 confestim
545 4555 670 4623 perlegere
691 4561 717 4606 et
739 4557 864 4607 absoluere
884 4553 965 4620 potui)
986 4557 1098 4612 invenio,
1122 4555 1186 4620 qood
1204 4556 1332 4605 eonsilium
1347 4565 1445 4622 rerum·

87 4641 170 4686 mamm
188 4652 203 4688 a
219 4634 327 4700 collegio
346 4635 431 4681 nostro
450 4635 476 4678 et
492 4629 600 4692 inprimis
618 4641 636 4678 a
653 4627 685 4676 D.
700 4623 871 4678 Helenreffero
893 4630 964 4692 petis.
995 4627 1077 4687 Quam
1094 4627 1238 4691 petitionem
1255 4625 1327 4675 bodie
1345 4635 1426 4676 mane.

88 4717 132 4755 tun
144 4708 273 4759 haberetur
285 4711 403 4758 senatus,
423 4713 554 4764 proponere
572 4701 602 4749 iis
622 4699 695 4756 volui,
714 4699 759 4750 aed
770 4699 879 4763 pluribus
892 4699 1045 4748 obstantibus
1057 4697 1258 4760 occupationibus
1275 4691 1333 4742 nihil
1353 4703 1427 4754 agere

88 4781 151 4836 poam
184 4777 335 4832 Differenda
353 4775 432 4840 igion
449 4771 507 4821 mihi
524 4771 570 4822 init
588 4769 714 4821 literarum
731 4771 876 4820 monstratio
894 4783 971 4834 usque
988 4776 1044 4832 post
1062 4768 1196 4823 meridiem,
1214 4764 1332 4828 siqnidem
1351 4761 1427 4810 etiam

88 4845 122 4906 ts,
137 4853 276 4917 quirum
295 4857 354 4900 tuus
373 4843 543 4901 conferebam.
561 4843 703 4903 ridebatur,
722 4841 876 4894 tabellarium
894 4855 990 4906 qnoque
1008 4839 1106 4894 muido
1128 4837 1175 4886 hoo
1194 4835 1248 4892 die,
1271 4833 1336 4894 ultra
1351 4844 1427 4896 quam
