3698 5516
359 261 425 363 til
663 345 669 350 .
910 299 1031 364 Apologia
1048 297 1171 360 nonar·
1229 347 1249 363 f

360 457 495 539 superior
517 457 645 519 circulus
662 455 791 518 Veneris
814 456 964 530 includat,
1001 467 1091 536 atque
1114 458 1159 518 ita
1187 459 1235 530 fir,
1260 465 1293 518 ut
1316 457 1375 519 hae
1399 460 1478 520 dnae
1503 459 1630 532 stallae,
1654 475 1722 523 oum

359 565 414 628 per
437 546 607 626 superiores
631 545 809 607 circulorum
833 563 951 607 suorum
976 545 1111 607 vertices
1122 553 1252 619 currunt,
1278 547 1488 626 intelligantur
1506 566 1598 626 snpra
1617 545 1721 608 Solem

359 637 478 697 locatae
486 654 496 708 ;
527 653 594 696 cum
622 651 693 695 vero
725 651 780 714 per
812 634 955 697 inferiora
987 643 1159 696 commeant
1190 635 1385 710 circulorum,
1420 634 1474 697 Sol
1506 636 1552 696 eis
1584 635 1722 714 superior

359 723 568 785 aestimetnr“.
616 722 828 802 Subintellige,
853 737 918 785 cum
938 730 1039 784 tamen
1055 722 1135 784 idem
1148 723 1265 783 coelum
1280 722 1479 798 circumeant,
1504 723 1549 786 uti
1563 741 1658 802 supra
1672 722 1720 783 di-

358 813 458 874 cebat.
504 811 649 892 Explicat
673 819 774 874 autem
802 811 856 872 illa
877 812 972 873 verba
994 811 1147 873 Platonis:
1177 812 1434 892 comprehendunt
1463 832 1532 875 sese
1559 819 1670 874 mutuo
1689 823 1721 872 et

358 901 658 981 comprehenduntur,
682 901 771 981 inque
794 900 902 980 plagas
922 901 1059 975 easdem,
1084 919 1127 962 sc.
1152 908 1233 972 ante,
1257 918 1345 980 pone,
1369 920 1470 980 supra,
1495 902 1583 963 infra.
1631 899 1720 975 „Illis

359 1007 445 1070 ergo,
470 989 519 1068 qui
543 990 690 1070 sphaeras
714 1009 816 1050 earum
841 990 895 1050 snb
920 987 991 1051 Sole
1016 988 1169 1063 dixerunt,
1200 989 1256 1050 hoc
1280 989 1377 1050 visum
1401 999 1450 1052 est
1469 1010 1506 1053 ex
1530 989 1583 1052 illo
1607 989 1719 1050 stella·

360 1097 425 1140 rum
449 1097 547 1154 cursu,
573 1079 622 1159 qui
646 1096 859 1157 nonnunquam
881 1085 916 1138 ut
938 1076 1066 1139 diximus
1089 1076 1210 1139 uidetur
1234 1077 1372 1139 inferior:
1404 1078 1454 1159 qni
1477 1089 1509 1142 et
1531 1096 1603 1139 uere
1626 1085 1720 1138 nota-

357 1166 445 1227 bilior
473 1173 535 1240 est,
570 1167 641 1246 quis
663 1175 736 1228 tunc
759 1167 882 1228 liberius
907 1173 1043 1245 apparet.
1090 1165 1169 1228 Nam
1199 1185 1265 1228 cum
1294 1169 1448 1247 superiora
1475 1175 1595 1242 tenent,
1623 1166 1720 1228 radiis

358 1255 457 1334 magis
481 1255 666 1317 occuluntur.
711 1254 755 1316 Et
777 1254 845 1316 ideo
868 1255 1025 1334 persuasio
1049 1254 1110 1315 ista
1133 1255 1287 1317 convaluit
1311 1265 1342 1318 et
1365 1257 1403 1317 ab
1418 1249 1555 1318 omnibus
1577 1254 1719 1334 penehic

358 1343 431 1404 ordo
461 1343 491 1404 in
514 1362 602 1405 nsum
625 1352 765 1423 receptus
789 1351 846 1406 est.
894 1341 1103 1422 Perspicacior
1131 1351 1232 1404 tamen
1257 1343 1431 1407 observatio
1459 1346 1607 1408 veriorem
1631 1343 1717 1406 ordi-

356 1449 425 1494 nem
449 1431 668 1512 deprehendit“
692 1433 746 1494 &a

445 1522 530 1582 Haeo
554 1540 592 1581 ex
615 1520 773 1582 Macrobio
802 1518 877 1581 lucis
900 1519 1001 1596 gratia
1030 1519 1230 1581 transcribere
1254 1520 1350 1592 volui,
1384 1527 1418 1582 ut
1440 1520 1579 1583 Platonis
1603 1520 1716 1582 uerbo·

356 1627 420 1671 rum
444 1628 553 1671 sensus
576 1609 810 1689 intelligeretur,
842 1625 928 1689 quem
953 1609 1183 1670 commentarius
1212 1609 1250 1669 ad
1274 1609 1388 1672 Bedam
1413 1617 1515 1684 vetus,
1547 1610 1596 1690 qui
1619 1611 1715 1670 Mart

283 1755 286 1762 ι
357 1697 503 1778 Capellae
527 1705 660 1760 aetatem
684 1698 818 1779 proxime
842 1706 964 1759 secutus
989 1705 1046 1766 est,
1069 1715 1137 1776 cap.
1156 1693 1206 1758 14.
1232 1715 1290 1758 non
1311 1698 1436 1761 obscure
1455 1697 1622 1771 confirmat,
1647 1699 1715 1759 dum
1822 1737 1824 1746 ι

354 1787 420 1866 ipse
436 1786 555 1867 quidem
577 1787 744 1868 epieyclum
760 1787 891 1848 Veneris
914 1786 993 1846 inter
1008 1784 1117 1846 Solem
1134 1793 1166 1846 et
1188 1785 1314 1848 Terram
1337 1787 1428 1861 locat,
1453 1787 1589 1867 ejusdem
1611 1795 1715 1848 mmsu

354 1875 481 1959 epicycli
506 1876 663 1937 decursum
677 1875 800 1937 Platoni
823 1893 946 1936 cansam
971 1874 1015 1935 ait
1038 1874 1224 1952 praebuisse,
1249 1893 1302 1936 cur
1324 1876 1503 1956 „aliquanto
1527 1894 1616 1957 quam
1632 1874 1714 1938 Solis

355 1973 403 2026 est
426 1965 584 2027 elatiorem
607 1963 722 2026 luciferi
747 1963 869 2044 globum
893 1963 1089 2024 astruxerit.“
1134 1961 1176 2023 Et
1206 1963 1325 2043 quidem
1357 1965 1383 2025 si
1407 1964 1482 2026 haee
1510 1964 1591 2026 illius
1615 1962 1712 2026 inter-

353 2053 451 2134 pretis
475 2053 570 2114 verba
594 2052 781 2115 considerem
799 2051 988 2131 „proximum
1013 2049 1078 2112 Soli
1100 2050 1195 2113 videri
1219 2053 1425 2126 excelsiorem,
1450 2052 1618 2131 proximum
1633 2051 1711 2112 Ter-

353 2161 406 2204 rae
429 2141 652 2215 humiliorem,“
674 2141 802 2221 conjicio
825 2141 856 2202 id
880 2139 957 2220 qnod
982 2139 1043 2201 dixi
1067 2140 1230 2221 spioyclum
1248 2141 1378 2202 Veneris
1397 2149 1495 2203 toturn
1513 2141 1594 2206 infra
1608 2140 1712 2203 Solem

354 2230 469 2292 abillo
494 2229 647 2292 collocari.
693 2230 739 2292 Ae
768 2231 794 2291 si
823 2229 947 2291 schema
972 2228 1100 2290 alterum
1125 2231 1189 2300 (est
1212 2236 1313 2291 autem
1337 2230 1437 2292 editus
1466 2230 1542 2292 liber
1565 2228 1712 2293 Coloniae

356 2337 434 2379 anno
463 2316 563 2391 1537)
592 2317 737 2397 aspicias,
772 2336 845 2380 sane
868 2316 1053 2397 ipsissimam
1083 2315 1227 2396 Capellae
1260 2319 1444 2380 sententiam
1476 2320 1580 2381 refert
1632 2319 1712 2380 Nam

351 2415 484 2487 punctus
518 2405 599 2468 Solis
631 2425 684 2468 seu
708 2408 839 2469 literali
867 2407 987 2486 ponitur
1009 2406 1091 2466 iutra
1114 2406 1299 2485 complexum
1323 2408 1449 2489 epicycli
1475 2407 1623 2480 Veneris,
1657 2425 1712 2468 nec

350 2495 446 2558 rerba
469 2495 559 2556 modo
584 2495 719 2574 allegata
742 2502 927 2577 repugnant,
952 2493 977 2554 si
1001 2494 1120 2556 modica
1145 2493 1393 2574 interpretatione
1413 2497 1559 2575 Juventur
1582 2505 1616 2556 et
1638 2495 1711 2556 illud

352 2585 541 2663 „proximum
556 2583 646 2646 Sorr‘
668 2585 817 2648 reseratur
840 2584 878 2646 ad
902 2585 1009 2652 visum,
1039 2584 1225 2662 „proximum
1245 2583 1380 2646 Terrae“
1404 2585 1638 2647 ad.centrorum
1662 2583 1710 2644 di-

352 2673 508 2740 stantiam.
554 2673 648 2734 Porro
676 2674 799 2738 schema
829 2673 911 2754 prius
936 2681 987 2732 sut
1012 2672 1151 2732 vitiosum
1182 2681 1245 2747 est,
1279 2683 1332 2734 aut
1359 2674 1397 2734 ad
1421 2673 1711 2754 repraesentandam

351 2781 453 2826 earum
477 2761 660 2824 sententiam
684 2770 835 2843 aptatum,
866 2761 915 2840 qui
946 2761 1111 2842 epicyclurn
1134 2761 1265 2823 Veneris
1293 2781 1385 2841 supra
1409 2761 1511 2824 Solem
1539 2761 1711 2824 constitue·
1791 2781 1794 2790 ·

564 2873 610 2923 rig.
627 2872 646 2913 r.
860 2857 944 2910 runt:
965 2849 1117 2928 posterius
1136 2851 1259 2911 inscitia
1274 2851 1493 2931 descriptorum
1511 2852 1710 2930 depravatum

860 2937 904 2998 sic
919 2938 1045 3000 restituo
1061 2939 1125 3017 (fig.
1143 2938 1193 3012 7):
1220 2939 1321 3020 itaque
1345 2940 1402 3003 hoc
1421 2941 1524 3003 confer
1546 2959 1615 3002 enm
1629 2939 1710 3002 illius

727 3064 740 3075 ι
860 3027 1069 3088 commentarii
1093 3027 1222 3090 lectione
1251 3029 1278 3090 si
1302 3028 1395 3092 lubet.
1443 3029 1551 3092 Obiter
1574 3029 1657 3090 enim
1681 3036 1711 3089 te

859 3115 962 3195 juvare
987 3115 1076 3179 volui.

949 3203 1011 3266 Sed
1039 3204 1078 3266 ad
1106 3223 1168 3265 rem
1199 3205 1357 3268 redeamus
1381 3213 1413 3267 et
1440 3205 1514 3269 illud
1543 3207 1581 3269 de
1605 3215 1711 3268 nostra

859 3291 1043 3355 liberalitate
1058 3293 1129 3354 Ursi
1153 3293 1246 3373 copiis
1268 3313 1324 3376 per
1338 3313 1406 3356 sese
1420 3295 1621 3358 imbecillibus
1635 3296 1709 3357 sub·

859 3381 936 3443 sidio
960 3382 1130 3443 mittemus:
1162 3383 1343 3445 senteutiam
1362 3384 1454 3458 hanc,
1486 3384 1565 3464 quod
1591 3383 1645 3446 Sol
1669 3383 1710 3446 sit

861 3478 994 3532 centrum
1017 3471 1130 3532 orbium
1155 3470 1285 3534 Veneris
1308 3479 1339 3534 et
1363 3473 1519 3547 Mercurii,
1553 3491 1613 3534 non
1638 3480 1709 3534 tan-

860 3567 923 3621 turn
939 3557 1093 3638 Capellae,
1118 3560 1171 3621 sed
1196 3560 1288 3622 etiam
1312 3561 1558 3624 commentatoris
1583 3562 1625 3624 ad
1646 3562 1709 3624 Be·

861 3647 938 3720 dam,
964 3647 1123 3722 Macrobii,
1148 3649 1255 3725 Plinii,
1282 3651 1425 3726 Vitruvii,
1449 3651 1591 3713 Platonis
1614 3651 1708 3712 adeo-

861 3756 917 3818 que
940 3735 1070 3817 ipsorum
1085 3738 1304 3818 Aegyptiorum
1319 3740 1421 3802 luisse.
1468 3738 1549 3811 Quid
1569 3741 1638 3801 hine
1657 3757 1708 3799 se-

861 3825 980 3904 quitur?
1009 3825 1088 3887 Num
1112 3826 1168 3887 hon
1191 3828 1270 3906 quod
1293 3829 1390 3890 Ursus
1414 3829 1564 3890 exstruit?
1602 3830 1707 3911 Hypo-

860 3915 963 3975 theses
996 3914 1185 3995 'lychonicas
1222 3934 1290 3977 esse
1328 3918 1366 3979 ab
1402 3917 1469 3992 his,
1508 3937 1583 3998 quos
1622 3919 1709 3980 modo

351 3997 510 4074 nominavi,
547 4003 634 4082 longe
659 4011 729 4064 ante
754 4005 925 4085 Tychonem
949 4004 1134 4081 usurpatas?
1167 4004 1307 4079 Minime;
1339 4021 1409 4068 nam
1439 4005 1535 4086 primo
1560 4015 1709 4087 utsupra

351 4105 468 4166 quoque
491 4090 520 4150 in
544 4091 699 4170 Apollonii
723 4091 920 4170 problematis
950 4091 1189 4162 consideratione
1208 4111 1274 4155 snm
1294 4103 1533 4174 argumentatus,
1557 4097 1635 4158 haec
1650 4115 1708 4158 una
1808 4139 1809 4156 ι

349 4182 465 4236 tantum
496 4197 567 4256 pars
597 4188 644 4240 est
674 4181 788 4241 formae
817 4181 918 4242 mundi
943 4180 1168 4260 Tychonianse,
1203 4201 1295 4263 qnare
1318 4201 1371 4262 pro
1398 4185 1485 4264 justa
1512 4193 1545 4248 et
1568 4186 1706 4266 legitima
1807 4213 1808 4248 l

353 4264 516 4346 hypothesi
540 4270 753 4338 astronomica,
779 4289 855 4349 quae
880 4269 1023 4331 distincta
1046 4269 1088 4330 sit
1110 4291 1128 4331 a
1152 4271 1271 4346 ceteris,
1297 4272 1402 4334 haberi
1425 4292 1484 4335 non
1507 4283 1621 4355 potest.
1658 4276 1705 4337 Ac

351 4371 387 4412 ne
413 4353 479 4433 quis
504 4357 681 4434 suspicetur,
708 4357 876 4436 Capellam,
902 4358 1083 4432 Vitruvium,
1107 4358 1250 4430 Plinium,
1274 4361 1462 4424 Macrobium
1485 4363 1535 4426 vel
1559 4382 1705 4445 quamque

350 4441 440 4502 alium
469 4451 588 4506 ceteras
612 4446 705 4506 etiam
728 4445 930 4527 hypotheseos
955 4446 1165 4527 Tychonianae
1193 4456 1297 4528 partes
1330 4449 1505 4530 adjunxisse
1533 4452 1604 4515 hnic
1632 4473 1705 4516 eon·
1804 4485 1805 4528 ι

349 4531 496 4610 ceptioni,
530 4551 661 4612 provoco
691 4535 730 4596 ad
758 4537 889 4613 ipsorum
918 4555 1010 4616 opera
1033 4555 1109 4616 quae
1134 4545 1269 4613 exstant,
1303 4538 1353 4601 ubi
1380 4541 1411 4602 in
1435 4541 1546 4602 ceteris
1570 4543 1706 4606 omnibus

349 4620 487 4698 partibus
506 4623 688 4685 contrarium
713 4643 732 4684 a
755 4623 895 4704 Tychone
925 4634 956 4686 et
978 4625 1057 4686 idem
1077 4645 1143 4687 cum
1166 4626 1358 4709 physicorum
1381 4629 1543 4711 hypothesi
1568 4631 1619 4703 (ut
1641 4651 1706 4694 cum
1802 4657 1803 4711 ι

349 4707 428 4770 Urso
453 4706 625 4791 loquamur)
648 4711 750 4772 verbis
775 4713 973 4788 evidentibus,
1000 4714 1092 4775 claris
1116 4724 1149 4778 et
1163 4715 1341 4778 indubitatis
1365 4719 1480 4782 sentire
1503 4739 1537 4781 sa
1560 4722 1706 4803 profiter·
1801 4729 1802 4805 l

349 4803 414 4858 tur:
440 4817 516 4878 quae
536 4801 662 4882 quidem·
679 4799 774 4862 verba
797 4801 886 4864 nimis
911 4803 1030 4883 longum
1056 4803 1133 4866 loret
1148 4805 1292 4885 allegare,
1318 4805 1429 4870 sufficit
1451 4807 1582 4889 digitum
1606 4799 1706 4874 inteu-

1797 4905 1800 4994 ¹
