3674 5528
331 296 401 366 32‘6
660 305 663 313 ’
753 302 854 354 lateras
871 301 974 368 Kaplsrl
993 299 1143 366 aliorumque
1161 305 1263 352 mutuae

419 459 559 522 Excuses
582 467 622 536 te,
648 475 701 524 cur
723 459 796 524 mihi
819 481 877 524 nou
902 461 1087 536 satisfacias,
1112 461 1231 523 interea
1254 463 1358 524 sedulo
1384 479 1468 526 ame
1492 459 1601 522 literas
1625 459 1692 521 exi-

330 551 390 630 gis.
436 547 543 624 Scias,
568 569 615 612 me
640 550 775 629 cogitare
798 552 927 632 posthac
950 559 982 612 te
1006 549 1126 625 ulcisci,
1150 571 1209 610 nou
1233 551 1316 628 prius
1340 552 1522 628 rescribere,
1547 568 1640 630 quam
1664 549 1693 609 in

332 637 523 717 astrologicis
547 639 726 718 quibusdam
749 637 846 701 literis
870 639 945 702 meis
969 639 1118 719 prioribus
1143 639 1340 702 satisfeceris.

419 723 564 806 Princeps
580 727 700 807 quidam
716 736 804 789 uatus
820 737 869 790 est
890 725 985 801 1578,
1009 725 1062 792 25.
1079 725 1148 790 Oct.
1169 728 1198 790 b.
1224 720 1284 810 3¹),
1308 748 1337 808 p.
1354 749 1392 791 m.
1416 729 1469 790 alt.
1485 727 1546 807 poli
1562 717 1652 804 4821,
1671 720 1693 786 ‘.

331 811 417 878 Mars
440 831 495 896 per
518 812 664 881 3⁸u1tra
687 817 834 879 calculum
858 817 958 880 Stadii
981 827 1013 879 et
1036 817 1193 880 Maestlini
1216 818 1324 881 fuerat.
1372 818 1417 879 De
1442 825 1539 877 morte
1556 813 1694 878 Gardani

332 905 405 968 nihil
428 905 501 968 scio.
547 904 594 966 De
619 906 810 986 astrologicis
835 907 928 968 etiam
951 907 1024 968 nihil
1047 907 1186 986 posthac,
1212 905 1270 967 nisi
1293 907 1376 986 prius
1399 926 1454 986 per
1477 911 1585 985 partes
1605 903 1694 982 judi-

332 1013 394 1070 ces,
419 994 592 1074 quidquid*
583 1014 613 1055 m
638 1014 706 1057 mea
729 995 943 1057 dissertatione
967 995 1076 1075 probes
1100 996 1148 1056 vel
1172 993 1318 1074 rejicias.

421 1083 472 1146 Ad
504 1083 664 1162 epistolam
693 1083 721 1145 d.
745 1079 798 1148 30
826 1084 896 1146 Jan.
921 1079 966 1158 (9.
991 1085 1081 1157 Feb.)
1115 1084 1269 1162 scriptam.
1316 1091 1394 1154 (vtes
1411 1105 1527 1156 suprap.
1547 1085 1624 1206 323.)

421 1172 481 1234 Ριο
505 1171 769 1234 observationibus
794 1166 845 1237 29.
870 1171 940 1236 Jan.
965 1174 1081 1254 gratias
1105 1192 1173 1254 ago

423 1259 456 1322 ln
481 1255 645 1322 Germania
677 1261 744 1340 plus
780 1261 912 1342 frigoris,
947 1263 1017 1343 quia
1045 1263 1119 1324 haec
1148 1261 1269 1341 propior
1302 1259 1429 1340 frigidae
1462 1259 1543 1322 aeris
1567 1259 1695 1340 regioni.

334 1339 490 1414 Maritima
513 1349 718 1430 profundiora,
742 1359 773 1412 et
795 1350 860 1431 ipse
884 1359 988 1412 aestus
1013 1351 1167 1413 madorem
1191 1351 1294 1424 affert,
1319 1349 1397 1430 quod
1419 1349 1458 1412 D
1481 1347 1696 1411 Cancellarius

333 1437 468 1501 Francus
493 1439 609 1500 erudite
633 1437 758 1500 monuit.
805 1439 926 1502 Nivium
941 1459 1012 1501 vero
1036 1439 1136 1520 plns
1128 1460 1157 1500 m
1175 1437 1350 1514 Germania,
1376 1438 1446 1516 quia
1464 1439 1532 1519 plns
1547 1439 1589 1500 ibi
1605 1455 1695 1499 mon-

334 1529 416 1602 tium,
442 1528 520 1588 nude
543 1527 619 1588 haec
642 1528 771 1590 materia
793 1529 927 1590 exhalat.

422 1616 567 1678 Boreas
601 1615 849 1678 aGroenlandia
871 1617 957 1678 venit
988 1635 1041 1695 per
1069 1615 1199 1677 mediun'r
1224 1633 1369 1676 oceanum
1402 1615 1481 1676 iuter
1503 1615 1698 1677 Britanniam

336 1713 368 1767 et
391 1700 636 1778 scandinaviam,
661 1705 733 1768 1ι..3
757 1705 991 1785 Nordvegiam:
1017 1705 1108 1786 igitur
1131 1704 1240 1767 mitior.
1289 1699 1406 1765 Contra
1426 1701 1591 1765 Caeciae
1615 1703 1701 1765 venit

336 1814 372 1855 ex
399 1794 452 1855 illa
474 1811 567 1873 prope
592 1793 732 1873 regione,
757 1795 807 1857 nbi
840 1796 976 1857 Drace
1010 1795 1110 1856 media
1134 1801 1252 1855 aestate
1276 1810 1426 1856 sumntum
1449 1793 1565 1854 invenit
1589 1793 1698 1873 frigus.

335 1882 493 1948 Allabitur
525 1891 644 1944 ventum
678 1884 793 1958 fluxus,
831 1892 866 1946 nt
892 1902 1020 1963 aquam,
1055 1893 1217 1964 propterea
1239 1881 1269 1943 in
1294 1882 1436 1943 circulum
1461 1881 1544 1956 abit,
1584 1901 1644 1943 non
1669 1881 1700 1942 in

340 1981 464 2035 rectum.
511 1971 592 2034 Nam
615 1971 746 2051 impetus
770 1991 806 2034 eo
830 1992 924 2054 usque
948 1973 1031 2034 illum
1054 1991 1112 2033 non
1136 1978 1242 2051 posset
1265 1971 1403 2045 deferre,
1434 1971 1491 2032 nisi
1514 1973 1616 2033 fluxus
1640 1971 1699 2031 sd-

335 2060 467 2142 juvuret.
515 2059 636 2123 Ventus
660 2070 709 2122 est
731 2061 828 2123 fluxus
852 2061 941 2130 atris,
967 2069 1001 2123 ut
1024 2079 1119 2141 aquae
1135 2061 1245 2122 fluxus.
1282 2056 1466 2138 Principium
1490 2060 1603 2122 fluendi
1625 2059 1702 2121 facit

338 2147 475 2211 ebullitio
499 2168 537 2210 ex
569 2149 727 2211 altissimis
751 2151 911 2212 montibus.
964 2149 1015 2212 Ab
1046 2169 1081 2211 eo
1115 2147 1238 2234 fastigio
1272 2149 1401 2211 materia
1432 2150 1544 2229 partim
1578 2149 1702 2227 frigore,

337 2237 450 2317 partim
475 2257 530 2299 saa
554 2237 705 2317 gravitate
736 2240 819 2311 (nam
843 2244 896 2300 atr
920 2237 948 2299 in
973 2239 1096 2300 aethere
1120 2237 1224 2318 gravis
1246 2239 1309 2312 est)
1343 2237 1513 2300 devolvitur
1535 2245 1568 2298 et
1592 2239 1623 2299 iu
1649 2257 1704 2298 su-

339 2327 459 2406 perficie
483 2325 563 2388 atris
588 2325 662 2387 facit
686 2327 829 2389 circulum
852 2327 943 2390 alium
969 2347 1006 2389 ea
1030 2327 1099 2401 alio,
1123 2326 1289 2388 latissimos
1312 2326 1435 2388 ultimos
1459 2336 1491 2388 et
1514 2326 1702 2389 laxissimos.
1771 2375 1776 2381 .

428 2411 590 2477 Genesin
613 2414 916 2500 Dietrichflstenii
939 2417 1060 2491 nescio;
1084 2415 1206 2478 incivile
1228 2423 1287 2490 est,
1312 2416 1443 2495 petendo
1467 2435 1533 2478 eam
1554 2416 1702 2478 refricare

340 2503 470 2566 dolorem
492 2505 600 2586 patris.

429 2589 605 2656 Cometes
646 2600 720 2673 puto
762 2612 888 2673 corpora
929 2591 1089 2672 perspicua
1129 2593 1177 2654 vel
1218 2591 1391 2672 pellucida,
1431 2593 1514 2655 intus
1551 2591 1704 2654 materiae

340 2681 458 2744 ratione
481 2682 629 2749 colorata.
676 2682 821 2744 Transito
843 2683 947 2761 itaque
970 2682 1122 2743 redieram
1138 2680 1220 2743 Solis
1243 2681 1424 2744 colorantur.
1472 2682 1520 2743 De
1544 2680 1603 2740 hoc
1628 2679 1704 2742 nibil

340 2769 454 2832 (131113.
503 2769 662 2841 Quomodo
684 2771 790 2832 aether
813 2771 953 2850 limpidus
978 2769 1032 2831 isos
1056 2770 1174 2832 colores
1195 2769 1355 2849 suscipiat,
1381 2787 1448 2832 cnm
1472 2769 1554 2831 Solis
1580 2769 1705 2830 3113-

340 2879 397 2921 nae
421 2859 523 2922 radios
547 2877 605 2922 non
630 2858 789 2939 suscipiat,
818 2859 976 2940 plurimum
1001 2857 1131 2939 disputo,
1156 2869 1262 2938 parum
1285 2857 1356 2921 milri
1380 2869 1496 2921 consto.
1543 2857 1704 2918 Interdum

338 2956 422 3030 puto,
449 2949 608 3012 materiam
632 2969 700 3010 esse
725 2947 806 3010 cirea
829 2956 976 3010 cometam
999 2955 1064 3010 tant
1088 2947 1150 3010 late
1173 2962 1348 3026 expansam,
1374 2967 1450 3028 quae
1470 2945 1605 3026 excipiat
1625 2947 1706 3007 hanc

341 3037 587 3113 illustrationem,
617 3047 651 3100 ut
673 3037 833 3116 pulvisculi
857 3037 960 3100 Solem
983 3037 1013 3097 in
1038 3037 1166 3098 obscura
1188 3055 1327 3110 camera;
1360 3046 1431 3099 tnnc
1455 3055 1548 3098 causa
1573 3034 1704 3096 visionis

340 3133 423 3186 esset
437 3127 466 3186 in
482 3127 659 3188 collectione
674 3135 707 3188 et
724 3125 974 3206 multiplicatione
988 3125 1147 3187 radiorum.
1185 3126 1340 3187 Interdum
1361 3125 1433 3187 milri
1450 3133 1483 3186 et
1500 3123 1548 3186 bic
1565 3125 1707 3198 (aether)

341 3214 406 3294 ipse
428 3214 549 3277 videtur
571 3216 750 3277 materiatus
774 3222 807 3275 et
820 3215 951 3276 eolomm
970 3231 1076 3293 capax,
1101 3214 1280 3292 praesertim
1300 3215 1370 3295 quia
1394 3213 1544 3276 latissima
1569 3215 1636 3293 ejus
1656 3222 1706 3273 est

340 3303 503 3364 illustratio
528 3324 547 3364 a
570 3311 705 3379 cometa,
739 3303 832 3366 radiis
852 3302 934 3365 Solis
960 3302 1111 3366 refractis.
1159 3303 1240 3364 Tunc
1269 3302 1361 3382 igitur
1389 3302 1513 3376 accidit,
1545 3311 1588 3375 nt,
1624 3301 1705 3382 quod

315 3398 388 3451 ‘est
411 3391 623 3470 propinquam,
658 3391 907 3472 inconspectum
935 3410 993 3452 non
1017 3391 1129 3452 veniat.
1179 3391 1331 3452 interdum
1364 3401 1453 3470 puto,
1491 3391 1623 3451 caudam
1648 3409 1704 3452 co·
1776 3465 1777 3470 ἵ

340 3487 439 3540 metae
464 3481 634 3559 pertingere
657 3479 736 3542 inira
759 3481 885 3554 Lunam,
911 3487 943 3540 et
966 3479 1043 3540 hanc
1066 3497 1190 3541 causam
1213 3499 1280 3541 esse
1296 3480 1471 3560 apparentis
1495 3479 1615 3540 caudae
1629 3499 1703 3560 pro·

338 3567 488 3649 jecticnis,
514 3577 545 3629 et
568 3569 661 3630 radiis
685 3569 765 3632 illius
790 3569 915 3633 colorari
939 3567 1098 3631 materiam
1121 3569 1234 3630 aeriam
1258 3570 1448 3632 crassiorem.
1496 3568 1701 3632 Dilatationis

341 3674 435 3718 causa
466 3657 549 3718 venit
581 3673 618 3718 ex
651 3657 767 3737 legibus
801 3658 927 3738 opticis,
961 3657 1164 3737 refringuntur
1193 3657 1269 3718 radii
1301 3659 1341 3718 ad
1362 3657 1629 3738 perpendicnlum,
1660 3666 1730 3728 et.

282 3785 286 3793 ·
342 3746 476 3807 sectione
500 3745 592 3820 facta,
617 3754 777 3808 transeunt
800 3747 829 3808 in
854 3745 1025 3826 oppositam
1048 3755 1174 3825 partem.

429 3831 476 3894 De
501 3833 760 3897 incurvatione
785 3836 856 3918 quid
879 3853 936 3896 non
961 3835 1011 3908 sit,
1037 3835 1136 3897 dicere
1159 3853 1291 3914 possam,
1317 3841 1351 3894 a't
1375 3831 1520 3914 nonqnid
1540 3833 1592 3894 sit.
1633 3833 1702 3896 Non

342 3925 391 3982 est
412 3921 588 4001 parallaxis,
614 3933 648 3986 nt
671 3924 773 4006 Tycho
796 3925 934 4004 putavit;
958 3941 1029 3984 uam
1051 3923 1217 4002 parallaxis
1243 3941 1280 3984 ex
1303 3923 1396 3984 rectis
1420 3941 1478 3984 non
1502 3929 1610 4000 potest
1630 3923 1703 3983 red-

343 4011 412 4070 dere
436 4029 538 4072 curva.
584 4011 652 4075 Non
677 4023 726 4075 est
749 4021 782 4076 ut
805 4014 909 4075 Lunae
933 4013 1126 4082 illuminatio.
1160 4031 1236 4093 quae
1260 4030 1331 4073 vere
1365 4019 1413 4073 est
1445 4029 1538 4076 curva
1570 4011 1705 4072 circula-

342 4098 424 4161 riter.
472 4097 517 4162 'l'u
541 4097 566 4162 si
590 4121 636 4163 me
659 4101 855 4174 refutaveris,
881 4117 940 4163 uon
964 4119 1011 4161 me
1035 4101 1179 4163 offendes.
1228 4097 1453 4163 Obscurissima
1477 4109 1526 4160 est
1549 4100 1702 4180 quaestio.

341 4185 406 4250 Neo
430 4201 486 4265 ego
508 4189 609 4271 plnres
633 4190 694 4252 vidi
718 4207 789 4253 uno
814 4191 883 4252 anni
910 4185 994 4254 1596
1017 4189 1190 4252 Novembri.
1238 4197 1315 4262 (vide
1333 4199 1416 4248 Prode.
1441 4213 1465 4261 p.
1488 4193 1562 4257 itt.)

413 4271 582 4327 Patricius
602 4273 638 4342 [d.
659 4277 682 4326 l.
703 4274 885 4342 (ll.)Febr.]:
915 4277 1006 4330 Scribis
1025 4278 1056 4328 de
1074 4285 1156 4328 terrae
1174 4281 1243 4328 mosa
1261 4279 1286 4326 in
1305 4277 1387 4328 Rheni
1404 4283 1487 4327 mem
1506 4275 1542 4338 (r.
1556 4293 1577 4328 s.
1591 4275 1702 4342 pm).

342 4346 419 4411 (lupis
444 4354 540 4410 tempas
565 4361 723 4414 eognoseere.
747 4348 828 4400 ttihtl
852 4365 896 4400 sos
914 4349 955 4400 bio
973 4349 1094 4400 sensimus
1113 4347 1158 4400 dte·
1198 4347 1251 4415 lige
1271 4364 1301 4398 ex
1319 4349 1391 4400 mina
1415 4351 1495 4412 partis
1513 4349 1622 4412 alicujus
1638 4352 1702 4400 inte·

340 4419 410 4472 τίοι-11
429 4417 562 4473 dissolutae
580 4422 605 4468 in
624 4422 795 4482 subiacentem
813 4421 950 4472 caritatem
963 4421 1104 4471 inferiorem
1122 4426 1204 4471 terrae
1222 4427 1304 4470 monn
1323 4420 1427 4470 existere
1439 4427 1508 4483 puto.
1546 4419 1619 4471 Sicut
1638 4423 1702 4470 suin

340 4504 416 4554 snpra
433 4495 523 4540 terram
542 4497 600 4541 snut
618 4499 722 4550 montes,
742 4493 779 4541 ita
796 4491 864 4541 haud
882 4491 955 4541 dubie
973 4493 999 4540 iu
1017 4498 1086 4541 terra
1103 4504 1226 4542 cavernae
1245 4489 1420 4554 amplissimae,
1438 4492 1510 4556 quasi
1529 4497 1619 4546 anm.
1637 4505 1701 4556 quae

341 4561 516 4610 combustibilis
529 4562 643 4621 materia,
663 4563 701 4611 val
719 4561 814 4626 liquida
833 4562 980 4620 subtantia,
1000 4563 1038 4612 vel
1057 4563 1137 4629 simile
1155 4562 1213 4627 qnid
1231 4563 1325 4626 implet.

429 4631 633 4712 Keplerus:
672 4631 709 4693 ad
737 4633 870 4712 prolixas
900 4633 968 4694 illas
1000 4634 1024 4694 Ι.
1049 4633 1137 4696 febr.
1164 4635 1264 4696 datas.
1303 4633 1433 4711 Tempus
1465 4639 1565 4694 terrae
1602 4641 1700 4696 motus

342 4721 462 4798 qnaeris
478 4719 587 4781 rectius
603 4739 641 4782 ex
655 4720 851 4783 relationibus
867 4721 1029 4784 historicis.
1059 4721 1190 4784 Videtur
1208 4718 1258 4785 15.
1275 4721 1359 4800 Sept.
1375 4721 1468 4783 feisse
1484 4741 1563 4783 anuo
1583 4718 1678 4785 1691.

430 4807 549 4887 Negas,
584 4809 696 4870 moveri
718 4817 831 4871 terram
853 4819 1003 4885 vestram,
1038 4811 1198 4873 confirmat
1226 4819 1256 4873 te
1281 4809 1372 4874 Corn.
1398 4808 1536 4874 Gemma.
1585 4811 1699 4874 Exem-
