3586 5518
731 245 925 312 cunam!
1447 250 1508 318 ret

144 405 187 468 ait
204 405 283 468 inter
301 423 412 470 verum
436 407 535 470 locum
558 415 591 470 et
612 407 692 470 iuter
713 427 789 483 eum,
815 427 902 489 quem
925 409 1059 472 calculus
1081 409 1206 484 indicat,
1229 411 1407 490 differentia,
1433 435 1509 496 quas

144 495 326 558 interdum
317 515 350 557 ιιι
377 495 556 576 quibusdam
580 497 618 559 ad
642 495 662 559 2
686 497 868 577 integrorum
892 498 1050 578 graduum-
1066 499 1283 578 longitudinem
1307 505 1466 568 excrescit
1480 503 1509 579 l)

144 581 232 655 Quod
256 602 325 645 cum
349 581 397 647 ita
422 586 477 659 sit,
502 586 625 666 expedit
649 586 719 649 mihi
743 586 874 648 nonnihil
900 608 918 648 a
941 586 1100 667 Copemici
1125 590 1256 651 numeris
1279 591 1452 654 discedere·
1477 600 1510 656 et

142 674 207 754 jam
229 691 320 753 porro
344 673 535 754 diligentium
560 675 786 738 observatorum
804 675 917 756 Jndicio
940 677 1127 757 relinquitur,
1151 679 1210 797 utri
1232 699 1318 742 arcus
1334 699 1401 774 cum
1424 684 1508 745 coelo

144 762 266 844 propias
289 763 488 838 conveniant,
513 764 570 826 mei
594 784 631 826 nn
657 761 867 844 Oopernicani
1505 795 1507 804 ι

233 852 375 914 Alterum
396 859 615 932 argumentum,
641 871 698 934 qno
718 853 903 916 differentiae
923 853 1011 934 hujus
1035 854 1185 934 culpam
1177 875 1206 917 m
1230 856 1314 936 ipsas
1329 858 1508 922 Prutsnicaa

18 1005 25 1018 ,
146 941 308 1016 transfero,
332 941 482 1022 praebent
504 941 575 1003 mihi
600 951 758 1023 suspectae
781 944 970 1022 planetarum
986 944 1250 1008 ecceutricitates:
1276 947 1354 1026 qnod
1379 965 1413 1008 eo
1437 955 1507 1010 teu-

145 1029 210 1102 dit,
242 1039 278 1092 ut
306 1031 443 1110 quamvis
471 1050 526 1093 nee
548 1033 606 1093 mei
632 1051 719 1094 arens
747 1031 867 1094 omuino
898 1031 1027 1113 perfecti
1050 1040 1083 1094 et
1105 1033 1180 1094 certi
1204 1035 1265 1096 sint
1289 1034 1394 1107 (sicuti
1417 1036 1507 1100 fateri

144 1121 252 1199 cogor)
276 1127 380 1180 tamen
404 1119 509 1182 vitium
533 1139 571 1182 ex
593 1121 772 1200 contagione
797 1120 1055 1184 eeceutricitatum
1074 1122 1289 1185 contraxerint.
1323 1122 1358 1185 Si
1381 1143 1509 1204 corpora

144 1226 236 1287 super
264 1207 382 1270 mediae
416 1209 604 1289 planetarum
633 1210 797 1272 distantiae
826 1209 999 1290 superficies
1030 1210 1204 1289 sphaericae
1237 1220 1439 1286 struerentur,
1474 1221 1508 1276 nt

144 1297 252 1358 eadem
276 1297 451 1377 superficies
475 1298 692 1378 circumscripti
712 1301 847 1379 corporis
868 1306 974 1361 centra
998 1307 1028 1362 et
1046 1298 1183 1381 inscripti
1201 1303 1328 1380 angulos
1347 1309 1505 1380 tangeret:
1522 1311 1531 1318 ’”

144 1395 209 1448 tum
233 1385 307 1447 nihil
331 1386 404 1448 mihi
427 1387 469 1448 rei
493 1394 577 1449 esset
598 1407 666 1450 cnm
690 1388 803 1450 orbium
827 1387 983 1462 crassitie,
1016 1407 1104 1468 quam
1132 1390 1285 1471 requirnnt
1307 1391 1375 1452 viae
1398 1391 1506 1468 plane-

144 1485 244 1536 tarum
268 1475 463 1537 eceentricae.
511 1476 585 1538 Cum
611 1484 712 1538 autem
735 1477 809 1539 illud
832 1477 894 1538 lieri
919 1495 978 1538 uon
999 1477 1134 1555 potuerit
1147 1481 1195 1554 ),
1210 1487 1242 1540 et
1261 1479 1395 1542 nondum
1418 1480 1507 1542 simi-

143 1565 215 1626 liter
238 1583 334 1626 causa
358 1565 630 1640 eccentricitatum‚
656 1575 689 1627 ut
713 1573 743 1628 et
767 1565 1016 1638 differentiarum,
1040 1567 1200 1645 explor‘ata
1223 1567 1276 1642 sit,
1302 1568 1436 1648 oportuit
1458 1587 1506 1631 me

143 1652 262 1714 orbium
290 1641 502 1755 spissitudipes
526 1675 545 1715 a
569 1652 737 1734 Gopsrnico
760 1662 906 1734 tanquam
929 1661 1030 1716 certas
1054 1656 1197 1718 mutuari:
1222 1675 1298 1735 quas
1321 1664 1506 1719 tamennon

143 1740 336 1804 certissimas
360 1757 428 1804 esse
451 1741 480 1803 in
505 1743 643 1805 confesso
667 1752 724 1806 est.
771 1742 919 1815 Quamvis
943 1743 1022 1805 enim
1051 1746 1147 1807 omnis
1175 1745 1350 1807 coelestium
1373 1753 1506 1808 motuum

143 1829 273 1893 historia
298 1829 412 1894 lubrico
436 1838 485 1893 est
508 1832 599 1907 aditu,
624 1851 679 1912 psr
701 1832 857 1895 diutnmas
876 1841 908 1895 et
926 1831 1064 1894 difficiles
1084 1833 1321 1907 observationes,
1343 1834 1506 1917 praecipue

146 1927 248 1982 tamen
273 1921 331 1982 boc
355 1919 385 1981 in
416 1920 634 1986 constituendis
662 1921 938 1984 eccentricitatibus
966 1929 998 1983 et
1025 1922 1099 1984 locis
1128 1927 1328 2002 apogaeo‘rum
1356 1930 1504 2004 apparet:

146 2007 264 2071 Solaris
289 2009 354 2081 (vel
379 2009 560 2084 Terrestris)
585 2011 795 2074 eccentricitas
815 2011 945 2073 omnium
963 2011 1130 2074 rectissime
1145 2013 1256 2074 habere
1271 2013 1411 2082 debebat,
1435 2031 1506 2074 nam

144 2107 177 2158 et
194 2097 382 2160 vicinissime
396 2097 553 2160 stellarum
568 2106 617 2161 est
630 2099 734 2160 Tellus
757 2099 843 2161 uobis
866 2099 982 2169 incolis,
1007 2107 1038 2162 et
1058 2101 1250 2180 paucioribus
1274 2121 1362 2181 quam
1386 2108 1505 2163 ceterae

145 2187 277 2250 motibus
302 2186 432 2250 vehitur.
448 2185 475 2261 d)
522 2188 556 2248 Ιιι
580 2189 689 2251 mundo
712 2206 783 2250 vero
804 2208 860 2268 per
883 2189 1043 2268 interiecta
1072 2209 1199 2271 corpora
1226 2191 1385 2262 struendo,
1415 2209 1506 2268 supra

146 2295 210 2356 cap.
235 2271 287 2338 15.
312 2275 452 2351 vidimus,
476 2285 618 2356 quantum
644 2279 752 2339 afferat
774 2286 958 2340 momentum
981 2279 1020 2340 ad
1044 2297 1148 2340 omnes
1172 2280 1318 2358 sphaeras
1342 2279 1505 2340 arctandas

101 2399 107 2406 -
145 2374 198 2427 aut
219 2365 372 2427 laxandas
397 2367 489 2428 solius
513 2364 651 2445 demicte
666 2367 796 2429 Lunaris
810 2367 961 2446 appositio
976 2367 1024 2428 vel
1043 2369 1182 2443 exemtio,
1209 2369 1258 2449 qui
1282 2369 1372 2430 valde
1396 2363 1506 2446 exigua

146 2454 336 2536 portiuncula
359 2455 526 2517 Terrestris
550 2455 631 2516 orbis
660 2455 830 2518 crassitiem
853 2456 982 2518 excedit
1028 2456 1085 2518 Hic
1117 2457 1209 2536 igitur
1242 2459 1340 2532 erbis,
1356 2460 1384 2530 ⁰)
1418 2476 1505 2535 quem

146 2543 315 2606 certissime
335 2543 502 2606 dimensum
522 2545 632 2606 habere
653 2545 814 2625 oportebat
837 2553 869 2607 et
891 2564 980 2624 posse
1004 2545 1167 2608 rerisimile
1191 2555 1267 2621 erat,
1292 2547 1349 2621 hic,
1374 2547 1506 2626 inquam,

146 2633 253 2704 ride,¹
243 2652 275 2694 ru
302 2641 416 2710 quanta
439 2623 576 2695 versetur
599 2633 778 2696 difficaltate
802 2633 1104 2737 apudCopernicom,
1129 2635 1178 2714 qui
1200 2635 1265 2714 ipse
1291 2636 1341 2698 lib.
1358 2636 1414 2696 111.
1439 2633 1505 2696 Re-

145 2722 201 2784 rol.
222 2739 290 2800 cap.
307 2717 359 2784 20.
376 2721 517 2802 queritur,
535 2723 634 2803 „quod
650 2742 703 2802 per
721 2723 842 2784 minima
856 2724 1003 2805 quaedam
1017 2731 1049 2784 et
1062 2723 1114 2786 vix
1128 2724 1381 2804 apprehensibilis
1394 2742 1506 2801 magna

144 2810 321 2872 ratiocinari
351 2827 506 2890 cogamur,
541 2813 618 2891 quod
646 2812 796 2874 interdum
825 2813 880 2874 sub
909 2831 967 2875 une
995 2811 1181 2874 diversitatis
1205 2813 1343 2892 scrupulo
1367 2809 1387 2873 5
1411 2808 1504 2875 velt

144 2900 254 3004 gradus
274 2907 481 2980 praetereant,
505 2908 537 2962 et
550 2901 685 2963 modicus
700 2919 782 2962 error
801 2900 831 2962 in
851 2902 1027 2963 immensum
1041 2919 1108 2962 sese
1123 2909 1281 2980 propaget.
1288 2905 1302 2929 “
1318 2901 1342 2972 s)
1380 2899 1504 2970 Quanto

143 2989 229 3069 pejus
253 2987 349 3068 igitur
371 2987 526 3052 habebunt
549 2989 761 3070 spissitudines
784 2991 899 3052 orbium
924 2998 956 3052 et
984 2988 1178 3052 remotiorum
1207 3010 1226 3050 a
1252 2989 1357 3063 nobis,
1391 2997 1423 3050 et
1454 2986 1503 3066 qui

143 3077 278 3158 pluribus
302 3085 435 3139 motuum
459 3078 658 3141 varietatibus
683 3086 753 3140 sunt
776 3079 905 3140 obnoxii.
954 3078 1042 3150 Quod
1072 3077 1098 3139 si
1127 3086 1180 3140 aut
1208 3079 1325 3140 orbium
1349 3037 1406 3138 illa
1428 3098 1504 3156 rrrJJJ

143 3167 312 3229 certissime
338 3167 513 3246 explorata,
547 3176 600 3230 ant
623 3187 733 3230 causae
756 3169 866 3230 saltem
890 3168 1060 3249 probabiles
1088 3169 1262 3246 patefactae
1291 3165 1420 3238 lueridt,
1451 3184 1503 3226 cur

143 3264 230 3318 tanta
254 3253 382 3334 singulis
406 3255 554 3319 attributa
577 3257 638 3318 sint
662 3255 870 3330 aGonditore,
895 3267 958 3320 tom
982 3275 1037 3337 ego
1062 3256 1195 3336 spondeo
1219 3277 1266 3320 me
1289 3256 1502 3358 producturum

143 3365 179 3408 ex
201 3345 249 3407 his
275 3345 453 3424 corporibus
476 3365 564 3408 arcus
587 3365 641 3427 per
664 3346 765 3408 omnia
788 3346 918 3409 motibus
934 3349 1136 3420 consoneat)
1173 3345 1225 3409 Sic
1249 3345 1327 3408 enim
1351 3343 1502 3415 existimo,

143 3433 285 3514 quicquid
309 3435 480 3512 posthanc
503 3435 726 3516 proportionem
757 3436 908 3498 coelorum
936 3436 1090 3498 iuventam
1118 3437 1215 3497 adhuc
1246 3434 1411 3515 impediat,
1444 3450 1502 3512 quo

142 3523 238 3585 minus
264 3523 303 3584 ad
323 3532 464 3586 exactam
483 3531 617 3586 motuum
631 3525 831 3604 coguitionem
845 3525 999 3600 veniatnr3
1022 3525 1054 3586 id
1078 3544 1164 3588 omne
1187 3525 1219 3586 ιιι
1243 3521 1502 3586 ecceutricitatum

142 3613 218 3674 vitia
246 3611 479 3675 conferendum:
491 3611 521 3716 ἦ)
555 3613 661 3693 quibus
694 3612 832 3688 sublatis,
866 3633 974 3694 magne
1006 3614 1179 3690 adjumento
1208 3612 1372 3674 artificibus
1402 3611 1503 3673 futura

142 3709 213 3782 puto
238 3701 339 3762 solida
361 3701 437 3764 haec
460 3701 588 3783 quinque
613 3702 650 3763 ad
673 3703 888 3790 correctionem
907 3711 1048 3774 motuum,
1073 3721 1160 3782 quam
1184 3701 1297 3782 passim
1318 3698 1503 3762 meditantur

142 3809 198 3852 uon
221 3789 311 3870 pauci
348 3789 383 3864 r).

231 3879 275 3942 Ut
297 3881 355 3942 boc
377 3879 437 3942 illis
451 3878 622 3958 spondeam
641 3879 678 3940 de
700 3879 975 3943 ecoentricitatibus
999 3880 1093 3942 movit
1115 3899 1162 3942 me
1186 3888 1217 3942 et
1239 3880 1305 3952 hee,
1330 3876 1410 3957 quod
1433 3877 1503 3939 ubi·

143 3987 197 4048 que
221 3968 259 4030 de
288 3967 396 4031 minori
422 3968 591 4048 particula,
625 3987 715 4047 quam
745 3977 793 4030 est
819 3989 911 4051 πηχος
940 3969 1021 4030 orbis
1044 3969 1194 4048 integrum
1217 3965 1459 4030 controvertitur.
1471 3964 1501 4039 ιι)

142 4057 230 4138 Eripe
255 4075 385 4138 namque
410 4057 546 4119 omnibus
570 4075 625 4118 sex
649 4055 770 4120 orbibus
794 4077 849 4119 sua
870 4078 945 4139 ιιηχη
961 4067 1048 4134 nota,
1074 4066 1126 4121 aut
1149 4058 1240 4137 dupla
1262 4055 1388 4136 singulis
1411 4053 1503 4117 attri-

142 4147 216 4210 bue:
240 4146 360 4209 videbis
375 4147 516 4209 mundum
531 4153 564 4207 et
580 4149 860 4226 προσθαφιιιρισιις
882 4165 985 4209 omnes
1008 4147 1037 4209 in
1061 4145 1238 4208 immensum
1261 4146 1323 4209 illic
1346 4144 1501 4207 considero

143 4245 173 4297 et
205 4237 328 4318 augeri,
363 4235 412 4297 bic
444 4234 571 4298 distrahi
605 4243 637 4297 et
665 4236 806 4298 deminui.
853 4237 897 4299 Ut
918 4236 963 4297 ita
986 4235 1100 4310 veritas
1123 4235 1202 4298 inter
1229 4235 1301 4298 nihil
1325 4241 1356 4295 st
1380 4233 1501 4314 duplum

144 4326 298 4402 consistat,
324 4343 421 4404 neque
446 4323 638 4387 metuendum
662 4323 716 4398 sit,
741 4345 778 4386 ne
802 4325 922 4388 nimiam
945 4326 1058 4388 habeat
1081 4324 1193 4387 artifex
1215 4323 1367 4388 licentiam
1390 4339 1500 4383 eccen-

144 4413 292 4478 tricitates
316 4413 469 4489 mutandi,
493 4415 519 4475 si
543 4412 608 4494 quis
631 4412 702 4475 illas
725 4413 772 4475 his
796 4415 898 4493 figuris
922 4423 1029 4494 aptare
1054 4421 1186 4476 conetur.
1235 4413 1335 4492 Atque
1359 4409 1402 4470 sic
1424 4409 1500 4468 baec

145 4505 238 4567 altera
269 4502 349 4566 ratio
384 4509 451 4577 est,
486 4522 561 4584 quae
594 4522 641 4564 me
670 4502 708 4564 de
736 4503 887 4565 discordia
915 4503 994 4564 inter
1016 4522 1100 4565 meos
1124 4507 1156 4564 e't
1179 4499 1335 4582 Oopernici
1360 4512 1499 4558 numeros

143 4611 281 4656 excusare
305 4600 422 4673 potest.

226 4682 365 4745 Tertiam
390 4680 463 4743 mihi
485 4678 662 4760 praebent
654 4679 715 4759 rpsi
736 4680 850 4742 numeri
873 4679 1100 4742 Protenicarum
1124 4678 1284 4768 etiamnum
1307 4668 1417 4740 crassi,
1443 4685 1499 4728 uec
1532 4708 1539 4716 -

113 4764 183 4832 ‚ita
209 4770 367 4854 expressi,
405 4778 438 4830 ιιι
465 4787 522 4832 non
550 4768 649 4848 possit
676 4768 837 4849 aliquando
864 4769 944 4830 bona
967 4787 1034 4829 cum
1057 4767 1145 4828 venia
1146 4759 1214 4826 vel
1238 4757 1363 4823 semisse
1386 4754 1499 4835 gradus
