3586 5518
647 305 773 357 mo
789 303 825 358 'au
843 304 969 358 lassa.
1425 301 1487 376 107
1524 284 1529 291 ’

123 465 244 544 quilibet
267 486 287 528 a
310 467 453 546 quolibet
475 467 504 528 in
528 465 697 547 Oopernieo
712 461 883 530 dissideret.
930 467 1095 530 Plurimum
1121 466 1266 547 temporis
1289 462 1349 531 isto
1373 470 1487 547 labore,

124 553 204 632 quasi
235 555 317 628 lusu,
353 556 495 636 perdidi;
527 575 593 618 cum
626 555 708 618 nulla
742 575 836 636 neque
858 556 1000 635 'ipsarum
1039 558 1277 635 proportionum,
1311 577 1406 639 neque
1437 560 1487 622 iu-

125 650 339 706 crementorum
374 653 539 724 appareret
573 644 760 724 aequalitas:
795 644 926 724 nihilque
958 643 1101 706 utilitatis
1130 644 1198 706 inde
1226 647 1365 726 percepi,
1399 665 1489 728 quam

126 732 197 812 quod
220 731 389 794 distantias
413 734 514 813 ipsae,
549 741 582 794 ut
614 731 824 813 aCopernico
854 733 994 812 proditae
1027 739 1114 807 scrut,
1148 733 1297 796 altissime
1325 738 1488 800 memoriae

127 821 281 900 insculpsit
319 823 461 903 quodque
484 823 560 883 haec
583 821 733 883 variorum
757 829 916 883 conatuum
940 821 1185 884 commemoratio
1214 828 1298 885 tuum
1321 843 1487 901 assensum,

127 911 231 982 lector,
255 912 347 991 qnasi
371 910 494 973 marinis
518 910 672 984 fluctibus,
704 911 792 972 auxie
819 911 886 972 hine
910 911 978 972 inde
996 911 1116 990 jactare
1140 917 1257 990 potest,
1283 912 1389 991 quibus
1413 915 1488 976 fati:

130 1009 211 1079 gatus
239 999 372 1080 denique
404 1007 491 1062 tanto
519 999 660 1062 libentius
685 1000 724 1060 ad
747 1017 856 1062 causas
880 1000 936 1061 boc
959 999 1061 1060 libello
1086 999 1257 1079 expositas,
1281 1007 1426 1082 tauquam
1450 1003 1488 1065 ad

130 1095 219 1150 tutum
246 1098 372 1169 portum
401 1096 432 1150 te
456 1088 594 1168 recipias.
642 1087 887 1151 Consolabautur
910 1107 957 1149 me
991 1095 1091 1150 tamen
1123 1088 1248 1150 subinde
1281 1095 1313 1151 et
1341 1090 1370 1152 iu
1403 1090 1487 1172 spe'm

127 1177 274 1240 meliorem
308 1179 471 1258 erigebant
507 1195 575 1240 cum
603 1177 682 1239 ellae
716 1176 864 1250 rationes,
898 1195 974 1256 qaae
1002 1177 1082 1238 iuna
1112 1184 1288 1256 sequentur,
1321 1185 1385 1241 tum
1409 1180 1487 1261 qnod

129 1285 241 1344 semper
273 1275 379 1328 motus
408 1265 583 1329 distantiam
612 1284 691 1345 pone
719 1265 805 1346 sequi
828 1265 1001 1340 videbatur,
1036 1272 1126 1344 etque
1157 1265 1209 1327 ubi
1237 1285 1363 1346 magnus
1387 1267 1488 1332 hiatus

130 1365 191 1416 erat
218 1355 301 1417 iuter
332 1357 437 1430 orbes,
472 1363 539 1416 erat
566 1362 597 1415 et
619 1355 699 1416 iuter
726 1360 835 1417 motus.
884 1352 971 1424 Quod
996 1353 1022 1415 si
1047 1353 1251 1432 (cogitabam)
1273 1354 1356 1417 Deus
1388 1365 1488 1418 motus

131 1445 165 1504 ad
188 1445 405 1506 distantiarum
429 1443 647 1523 praescriptum
670 1443 790 1523 aptarit
814 1442 952 1506 orbibus:
977 1442 1081 1523 utique
1105 1449 1137 1503 et
1158 1442 1242 1522 ipsae
1261 1443 1425 1507 distantias
1449 1446 1487 1507 ad

130 1532 250 1612 alicujus
274 1534 323 1594 rei
345 1533 566 1612 praescriptum
590 1525 837 1594 accommodavit.
1186 1582 1189 1598 .

211 1620 292 1684 Cum
315 1622 411 1702 igitur
432 1620 490 1682 bac
512 1639 571 1683 nou
596 1622 785 1696 succederet,
810 1619 872 1681 alia
893 1618 958 1692 via,
982 1618 1088 1680 mirum
1112 1637 1202 1698 quam
1225 1619 1345 1692 audaci,
1370 1621 1486 1684 tentavi

129 1710 248 1772 aditum.
302 1711 386 1772 luter
412 1711 519 1772 dorem
549 1717 581 1770 et
612 1709 744 1770 Martem
778 1708 944 1790 lnterpoeui
977 1725 1085 1768 novum
1115 1707 1324 1787 planetam,⁰)
1357 1708 1487 1791 itemque

132 1799 215 1860 alium
239 1800 324 1862 iuter
347 1799 499 1860 Venerem
521 1805 555 1859 et
577 1798 772 1873 Mercurium,
807 1815 881 1879 quos
905 1797 980 1859 duos
1003 1797 1081 1857 ferte
1105 1795 1143 1858 ob
1167 1797 1332 1859 exilitatem
1357 1816 1415 1859 nou
1438 1799 1487 1860 vi-

132 1888 266 1962 deamus,
292 1888 391 1967 iisqne
414 1905 470 1949 sua
493 1895 629 1966 tempora
652 1893 803 1965 renotare
826 1885 963 1964 ascripsi.
1010 1884 1061 1946 Sic
1086 1881 1165 1945 enim
1188 1886 1416 1960 existimabam,
1440 1905 1487 1949 me

132 1977 259 2056 aliquam
282 1976 502 2056 aequalitatem
524 1977 750 2056 proportionum
774 1977 965 2047 effecturum,
991 1991 1066 2060 quae
1085 1975 1295 2053 proportiones
1310 1976 1389 2036 iuter
1403 1976 1488 2038 binos

132 2083 231 2126 versus
258 2064 363 2127 Solem
397 2065 500 2127 ordine
524 2065 739 2140 minuerentur,
772 2083 880 2126 versus
903 2063 979 2124 lixas
1003 2070 1216 2142 augescerent:
1242 2073 1275 2125 nt
1296 2063 1418 2144 propior
1441 2073 1491 2126 est

132 2154 219 2216 Terra
244 2153 360 2216 Veneri
391 2153 422 2214 iu
451 2153 622 2233 quantitate
646 2153 727 2238 orbis
746 2151 929 2225 Terrestris,
963 2169 1050 2230 quan:
1077 2152 1161 2212 Mars
1187 2152 1299 2214 Terrae
1327 2153 1356 2215 iu
1390 2171 1488 2234 quan-

74 2307 79 2322 ,
131 2242 216 2304 titate
251 2241 333 2305 orbis
366 2242 482 2303 Martii.
529 2243 642 2303 Verum
675 2261 769 2322 neque
803 2241 889 2302 unius
920 2239 1062 2319 planetae
1096 2238 1287 2320 interpositio
1320 2241 1491 2304 sufficiebat

131 2331 243 2411 ingenti
266 2331 363 2393 hiatui
386 2329 417 2404 ll
441 2339 472 2392 eu
495 2339 531 2400 (5.
578 2330 833 2404 Manebatenim
855 2329 953 2408 major
981 2326 1069 2388 Jovis
1103 2327 1246 2390 edilium
1281 2347 1388 2392 novum
1415 2347 1488 2410 pro-

133 2421 243 2500 portio,
281 2439 370 2500 qnam
407 2427 456 2480 est
484 2417 606 2480 Saturni
643 2421 681 2480 ad
713 2419 834 2481 Jovem:
874 2426 906 2479 et
939 2417 994 2477 boo
1025 2423 1117 2494 pacto
1150 2417 1287 2496 quamvis
1321 2418 1488 2480 obtinerem

134 2508 362 2590 qualemcunque
391 2508 630 2588 proportionem,
660 2509 758 2570 nullus
782 2517 881 2570 tamen
906 2524 973 2568 cum
1002 2505 1118 2566 ratione
1149 2505 1230 2581 linis,
1266 2508 1364 2568 nullus
1388 2515 1489 2568 certus

134 2617 267 2659 numems
291 2596 445 2659 mobilium
469 2597 596 2680 futurus
610 2604 691 2668 erat,
727 2617 822 2678 neque
845 2615 952 2658 versus
975 2593 1068 2664 fixas,
1097 2611 1191 2676 usque
1216 2595 1285 2656 dum
1309 2597 1379 2657 illae
1402 2595 1488 2675 ipsae

136 2694 339 2748 assumerent:
372 2703 468 2764 nsque
491 2703 597 2747 versus
621 2684 724 2748 Solem
749 2705 892 2767 unquam,
925 2683 995 2763 quia
1018 2681 1124 2742 divisio
1153 2682 1245 2761 spatii
1272 2691 1343 2762 post
1365 2685 1489 2746 Mercu·

136 2775 205 2836 rium
228 2774 342 2836 residui
375 2791 430 2852 per
456 2773 533 2834 banc
564 2774 786 2854 proportionem
814 2773 844 2835 in
871 2773 1019 2837 infinitum
1046 2770 1234 2850 procederet.
1281 2773 1386 2852 Neque
1411 2772 1490 2833 enim

136 2863 170 2922 ab
191 2864 278 2925 ullius
298 2863 414 2924 numeri
433 2861 592 2924 nobilitate
612 2863 774 2942 conjectari
796 2870 935 2943 poteram
947 2859 982 2934 r),

136 2971 184 3012 cur
203 2970 256 3031 pro
280 2950 406 3012 infinitis
433 2959 496 3012 tarn
519 2971 616 3030 pauca
638 2949 759 3012 mobilia
787 2951 981 3014 extitissent:
1030 3004 1034 3023 ,
1194 2933 1240 2984 '¹⁸'
1255 2937 1276 2976 ⁸·
1360 3023 1364 3029 1

135 3039 233 3120 Neque
256 3039 434 3102 verisimilia
458 3039 531 3100 dicit
552 3039 699 3101 Rheticus
727 3039 757 3100 in
785 3059 841 3102 sna
862 3039 981 3102 Narra-
1029 3026 1401 3130 ξ’“““·““““’,’
1462 3013 1481 3061 ⁰

137 3127 219 3203 tione,
244 3147 313 3190 cum
339 3148 357 3188 a
381 3127 544 3189 sanctitate
566 3129 676 3190 senarii
695 3136 921 3207 argumentatur
944 3126 983 3188 ad
1031 3106 1289 3211 δῖ

137 3235 281 3278 numerum
305 3236 362 3278 sex
390 3217 538 3279 coelorum
562 3217 724 3281 mobilium.
770 3219 850 3280 Nam
873 3217 922 3298 qui
946 3217 983 3278 de
1028 3193 1201 3338 '
1219 3210 1227 3238 '¹

138 3304 224 3384 ipsius
237 3306 341 3368 mundi
356 3305 478 3368 conditu
493 3305 638 3387 disputat,
662 3325 719 3370 nou
739 3307 830 3369 debet
850 3306 984 3369 rationes
1026 3313 1043 3352 t

139 3395 172 3454 ab
185 3393 221 3456 iis
233 3394 497 3470 numerisducere,
523 3395 571 3476 qui
589 3415 628 3470 ex
641 3396 730 3457 rebus
750 3395 858 3457 mundo
876 3403 984 3475 poste·
1027 3342 1137 3486 ιι,

140 3481 257 3545 rioribus
281 3482 460 3563 dignitatern
472 3489 473 3494 ’
485 3484 615 3564 aliquam
639 3483 740 3563 adepti
765 3485 888 3558 sunus)

218 3571 353 3634 Rursum
377 3571 436 3634 alio
459 3575 547 3635 modo
564 3573 727 3652 exploravi,
751 3579 850 3635 utrum
873 3591 931 3634 nou
954 3571 984 3634 in
1051 3452 1100 3725 V

141 3659 236 3721 eodem
265 3661 434 3741 quadrante
463 3661 609 3724 distantia
649 3661 808 3742 cujuslibet
844 3661 985 3741 planetae

142 3748 176 3809 sit
196 3749 347 3811 residuum
372 3767 410 3810 ex
439 3748 522 3826 sinu,
538 3760 588 3822 ,et
614 3759 712 3813 motus
741 3751 804 3830 ejus
838 3739 879 3811 sit
905 3750 984 3812 resi-

142 3837 219 3899 duum
242 3847 281 3898 ex
305 3838 372 3916 ejus
391 3839 601 3918 complementi
621 3839 696 3901 sinu.
736 3837 883 3919 fingatur
908 3857 984 3918 qua·
1025 3857 1048 3907 e
1453 3858 1474 3906 n

142 3925 250 3988 dratum
272 3927 344 4000 AB,
371 3947 389 3986 a
413 3927 635 3989 semidiametro
658 3927 751 3989 totius
774 3926 905 3989 universi
928 3925 985 3990 AC

141 4013 325 4096 descriptum.
372 4014 421 4076 Ex
444 4017 554 4094 angulo
577 4016 668 4096 igitur
690 4016 716 4076 B
741 4014 805 4078 Soli
829 4016 893 4076 sire
921 4021 1024 4078 centro
1057 4015 1212 4080 muudiA
1242 4016 1382 4098 opposito
1411 4015 1490 4078 scri-

141 4101 220 4165 batur
242 4123 309 4165 cunr
333 4102 419 4165 radio
443 4101 496 4166 BC
521 4105 671 4185 quadrans
696 4101 789 4166 OED.
832 4103 949 4166 Deinde
972 4105 1002 4167 in
1026 4125 1098 4168 vero
1121 4105 1222 4169 mundi
1245 4106 1329 4169 radio
1353 4102 1410 4168 Ab
1434 4123 1492 4166 no·

141 4200 232 4254 tentur
255 4191 325 4268 Sol,
350 4193 427 4253 lixae
451 4200 482 4253 et
505 4194 625 4255 mobilia
647 4211 702 4272 pro
725 4192 842 4255 ratione
867 4193 1095 4256 distantiarum:
1121 4214 1140 4254 a
1163 4193 1268 4275 quibus
1293 4194 1411 4272 punctis
1435 4211 1493 4254 ex-

141 4279 260 4344 citentur
281 4289 397 4355 rectae,
421 4299 514 4360 usque
538 4282 576 4343 ad
601 4283 759 4344 obversum
774 4279 838 4343 Soli
862 4284 1060 4362 quadrantem
1082 4289 1252 4362 porrectae.
1289 4281 1376 4353 Quae
1400 4279 1493 4359 igitur

140 4375 181 4428 est
209 4369 365 4450 proportio
400 4368 627 4448 parallelorum,
662 4371 787 4431 eandem
815 4370 937 4434 virtutis
965 4372 1114 4432 moventis
1143 4371 1214 4432 finxi
1238 4390 1331 4452 penes
1355 4367 1492 4445 singulos

140 4457 280 4534 planetas.
320 4458 355 4519 In
372 4455 454 4520 Solis
474 4458 553 4520 linea
575 4458 707 4521 infinitas
730 4469 896 4538 permanet,
921 4460 991 4540 quia
1013 4459 1073 4521 AD
1097 4458 1233 4538 tangitur
1256 4477 1312 4520 non
1337 4461 1491 4518 secutura

140 4547 308 4622 quadrante.
346 4543 468 4607 Infinita
489 4547 582 4625 igitur
603 4547 650 4609 vis
673 4542 772 4609 motuis
789 4547 818 4609 in
835 4547 916 4622 Sole,
942 4566 1047 4627 nempe
1073 4547 1113 4608 nil
1136 4547 1194 4609 nisi
1217 4555 1316 4609 motus
1339 4539 1492 4619 ipsissimo

140 4643 210 4695 actu.
253 4635 287 4696 ln
312 4633 465 4696 Mercurio
489 4634 604 4698 infinita
628 4635 707 4698 linea
729 4636 758 4697 in
784 4635 812 4696 K
837 4637 973 4698 abscissa
997 4643 1054 4697 est.
1093 4635 1195 4706 Quare
1219 4635 1284 4713 ejus
1307 4633 1405 4690 molus
1425 4625 1493 4704 jam

139 4731 181 4782 est
202 4723 239 4783 ad
259 4731 383 4784 ceteros
398 4723 616 4800 comparabilis.
651 4725 685 4786 ln
709 4725 776 4785 rixis
800 4725 913 4786 emissa
936 4731 985 4786 est
1007 4723 1127 4786 omuino
1149 4723 1238 4794 linea,
1263 4725 1295 4777 et
1317 4729 1493 4788 compressa

140 4807 164 4868 in
186 4829 296 4873 merum
320 4813 467 4894 puuctum
490 4809 526 4874 (l.
573 4813 665 4875 Nulla
697 4812 789 4901 igitur
820 4813 859 4875 ibi
892 4813 987 4880 virtus
1016 4811 1053 4877 ad
1083 4818 1203 4875 motum.
1248 4805 1313 4866 Hoc
1336 4797 1494 4865 theorema
