3586 5518
256 307 258 318 .
333 261 396 334 ἨΒ
840 274 950 338 Hysteril
970 273 1169 342 Gcsmographicl

314 429 388 492 hoc
412 429 532 492 circello
556 431 624 493 dein
649 431 687 492 ad
712 431 836 496 Saturni
867 425 1110 514 amplitudinem,
1146 444 1178 498 et
1204 436 1244 499 ab
1270 437 1327 498 hac
1350 436 1389 498 sd
1412 435 1534 498 lixarum
1558 432 1681 495 inaesti-

331 518 473 581 mabilem
497 519 687 582 altitudinem
711 523 812 584 oculos
837 524 974 599 intende,
999 533 1031 586 et
1054 525 1180 606 denique
1198 527 1362 601 *conclude
1393 533 1489 587 utrum
1513 524 1598 585 factu
1620 539 1683 582 cre-

332 608 453 689 dituque
478 608 608 686 lucilius,
632 611 806 690 punctulum
831 612 904 674 illud
928 614 1009 676 iutra
1027 613 1056 675 A
1075 615 1235 689 circellum,
1261 623 1292 678 et
1315 615 1359 678 sic
1374 613 1521 676 Tellurem
1546 611 1576 673 iu
1601 627 1684 672 unam

331 698 454 779 plagam
477 699 582 773 rotari,
607 719 644 761 an
669 719 739 761 vero
764 707 860 764 tutum
884 703 1023 765 muudum
1048 703 1150 765 decem
1166 703 1317 766 distinctis
1331 703 1460 766 motibus
1483 701 1573 782 (qnia
1587 699 1685 761 decem

333 787 372 848 ab
395 787 521 849 invicem
545 788 636 850 soluti
660 790 764 864 orbes)
788 791 912 853 infanda
934 791 1097 878 rapiditate
1120 793 1163 856 ire
1187 794 1216 855 in
1239 791 1361 873 plagam
1380 793 1515 866 alteram,
1542 809 1599 852 nec
1613 806 1684 868 quu-

235 889 236 896 ‘
333 893 421 958 qnam
444 876 500 938 uisi
525 879 564 939 ad
587 879 661 941 illud
684 881 872 958 punctulum,
897 881 1026 943 Telluris
1048 880 1284 962 imagunculam,
1316 901 1439 963 eamque
1463 882 1560 943 sclam
1583 878 1686 938 immo-

334 965 437 1041 bilem,
462 965 629 1046 respicere,
654 969 724 1048 q‘uia
747 977 834 1032 extra
856 971 929 1032 nihil
955 978 1010 1032 est

806 1146 850 1209 IN
874 1145 1014 1212 CAPUT
1036 1147 1213 1211 PlthUltt

856 1267 971 1322 uorsa
990 1267 1168 1321 sucroms.

410 1371 439 1440 a)
464 1375 589 1430 Occurrit
610 1375 674 1430 huic
688 1377 817 1446 scrupulo
832 1378 1001 1449 Cupernicus
1015 1379 1075 1450 ipse
1097 1379 1124 1433 in
1148 1378 1322 1448 praefatione
1345 1378 1381 1432 ad
1394 1377 1511 1432 Paulum
1526 1369 1575 1430 111.
1589 1373 1685 1428 Pontii.

330 1453 458 1520 Maxim,
483 1457 530 1509 aed
553 1455 638 1526 paulo
661 1455 851 1527 rigidiuscule:
868 1459 946 1528 eujus
971 1459 1104 1514 orationis
1125 1475 1230 1529 poenas
1252 1458 1305 1513 luit
1324 1457 1453 1528 denique,
1477 1457 1543 1526 plus
1559 1471 1640 1526 quam
1653 1455 1686 1507 ‘lt

331 1536 409 1590 aunis
424 1537 461 1590 ab
475 1535 594 1590 editione
610 1536 671 1590 libri
686 1553 757 1608 aque
771 1545 858 1592 morte
873 1557 926 1593 sua
945 1541 1063 1610 elapsis:
1092 1555 1258 1610 ,suspensus
1273 1538 1343 1592 enim
1358 1535 1429 1602 est,“
1457 1535 1551 1608 inquit
1564 1549 1685 1598 censura

220 1633 222 1638 ’
334 1617 435 1678 ,donec
449 1617 630 1687 corrigatur,“
654 1617 750 1688 opinor
763 1625 856 1674 autem
870 1619 955 1674 etiam
968 1621 1020 1675 hoa
1035 1619 1216 1691 subintelligi,
1236 1621 1343 1674 donec
1364 1617 1584 1687 explicetur.
1620 1616 1685 1677 Quo-

332 1698 409 1751 modo
423 1697 494 1750 enim
508 1715 562 1751 non
576 1697 613 1751 sit
627 1699 781 1768 scripturae
798 1700 961 1765 contrarius,
983 1701 1085 1771 quippe
1094 1700 1122 1753 in
1136 1700 1278 1770 proposito
1291 1697 1453 1769 longissime
1467 1697 1588 1760 diverso,
1611 1709 1685 1748 cona

331 1784 376 1832 tus
391 1793 450 1831 sum
465 1779 612 1832 ostendere
625 1777 779 1833 rationibus
802 1785 831 1833 et
850 1781 985 1851 exemplis
1009 1781 1036 1836 in
1051 1779 1251 1836 introductione
1266 1779 1294 1833 in
1308 1777 1511 1833 commentaria
1525 1778 1560 1830 de
1574 1776 1685 1830 motibus

332 1858 440 1912 Martia.
481 1857 570 1928 Ipsius
595 1859 678 1913 etiam
693 1860 836 1929 Cepernici
858 1864 946 1916 rerba
976 1861 1115 1932 explicari
1136 1859 1278 1914 dilucidius
1302 1858 1330 1913 in
1351 1861 1406 1913 line
1429 1857 1491 1912 libri
1505 1859 1529 1912 1.
1551 1857 1686 1927 Epitomes

330 1938 537 1993 astronomiae:
561 1937 659 2009 quibus
681 1939 747 1994 locis
761 1957 842 2010 spere
856 1941 994 2013 religiosis
1019 1941 1195 1996 satisfactum
1216 1941 1262 1994 iri:
1291 1941 1433 1994 dummodo
1456 1946 1486 1992 et
1507 1937 1649 2010 ingenium
1661 1941 1685 1989 et

332 2018 516 2090 cognitionem
530 2019 714 2074 astronomiae
738 2021 822 2074 talem
835 2023 870 2076 ad
885 2023 937 2076 hoc
954 2021 1087 2090 ¹judicium
1102 2023 1228 2086 afferant,
1255 2026 1287 2074 ut
1299 2019 1392 2092 gloria
1414 2019 1570 2073 divinorum
1583 2031 1688 2088 operum

332 2099 480 2154 visibilium
494 2099 619 2168 ipsorum¹
637 2100 789 2169 patrocinio
811 2107 872 2155 tuto
886 2102 959 2156 credi
981 2101 1078 2172 possit.
1123 2103 1176 2156 Est
1190 2118 1257 2156 sanc
1272 2100 1366 2172 aliqua
1388 2100 1487 2172 lingua
1499 2098 1566 2164 Dei,
1582 2099 1638 2168 ‚sed
1651 2103 1689 2150 est

332 2179 416 2233 etiam
433 2179 532 2249 aliquis
547 2179 650 2250 digitus
664 2179 727 2233 Dei.
769 2181 808 2234 Et
821 2181 880 2252 quis
896 2189 982 2254 neget
995 2182 1119 2256 linguam
1133 2181 1187 2236 Dei
1201 2199 1263 2234 esse
1278 2186 1492 2250 attemperatum
1507 2185 1539 2234 et
1553 2177 1686 2249 proposito

333 2277 382 2312 suo
398 2264 427 2311 et
442 2260 477 2312 ob
491 2259 517 2312 id
532 2259 646 2330 linguae
660 2259 789 2329 populari
813 2261 971 2317 hominum?
1013 2263 1043 2316 ln
1062 2264 1144 2316 rebus
1159 2261 1246 2334 igitur
1265 2259 1474 2314 evidentissimis
1495 2265 1627 2329 torquere
1640 2255 1686 2310 Dei

333 2339 465 2409 linguam,
492 2345 524 2392 ut
538 2339 589 2393 illa
602 2339 718 2410 digitum
734 2339 786 2394 Dei
800 2341 829 2395 in
843 2349 945 2397 natura
958 2343 1071 2406 refutet,
1096 2341 1122 2395 id
1137 2341 1360 2413 religiosissimus
1375 2339 1489 2411 quisque
1512 2338 1633 2394 maxime
1646 2353 1685 2390 ca·

334 2419 419 2471 rabit.
454 2419 557 2492 Legat,
574 2420 617 2472 cui
633 2435 716 2474 curae
731 2427 796 2475 sunt
810 2422 906 2476 laudes
923 2421 1062 2478 Crantoris
1077 2429 1107 2476 et
1120 2421 1228 2476 Domini
1244 2421 1339 2484 nostri,
1354 2422 1444 2493 legat,
1458 2419 1581 2490 iuquam,
1596 2417 1686 2471 librum

333 2515 422 2553 meum
436 2499 558 2569 quintum
573 2499 813 2555 Harmonicorum:
837 2509 867 2556 et
887 2510 1021 2574 percepta
1040 2509 1160 2557 maurum
1178 2501 1278 2572 politia
1298 2500 1513 2572 exquisitissime
1537 2496 1687 2554 hermonim

334 2579 471 2633 deliberet
484 2596 583 2643 secum,
604 2579 686 2634 setin'
696 2579 803 2649 justae,
828 2582 911 2637 satin'
925 2589 1115 2656 praegnantes
1130 2599 1231 2637 causae
1245 2582 1348 2636 itrerint
1361 2581 1507 2652 quaesitae
1523 2578 1684 2634 conciliatio·

333 2659 375 2714 nis
398 2658 470 2713 iuter
491 2659 614 2731 linguam
639 2667 668 2714 et
682 2659 797 2732 digitum
810 2663 877 2725 Dei;
902 2681 974 2718 anne
994 2663 1133 2733 expediat
1159 2678 1194 2716 ea
1216 2662 1409 2716 conciliatione
1429 2661 1581 2730 repudiata
1594 2660 1685 2713 famam

332 2740 404 2794 hano
428 2756 540 2808 operum
559 2739 710 2794 diviucmm
733 2743 944 2812 pulchritudinis
969 2743 1116 2798 immensae
1140 2743 1261 2797 censuris
1280 2741 1453 2812 opprimere;
1467 2757 1549 2812 qnae
1573 2741 1684 2794 famam

335 2821 372 2875 ad
384 2820 459 2873 rudis
472 2821 576 2891 populi,
592 2821 657 2890 quin
674 2821 727 2876 imo
742 2829 774 2876 ut
787 2824 822 2877 ad
836 2824 914 2895 uulgi
928 2823 1100 2878 literatorum
1119 2823 1246 2878 notitiam
1259 2823 1305 2876 rel
1318 2823 1408 2876 levem
1430 2821 1587 2892 perveniat,
1607 2817 1682 2874 nullis

336 2915 456 2971 unquam
469 2899 590 2970 imperiis
605 2901 677 2955 effici
690 2901 787 2971 possit.
829 2903 932 2960 Renuit
952 2903 1062 2959 inscitia
1083 2902 1221 2972 respicere
1236 2901 1263 2956 in
1284 2901 1487 2966 auctoritatem,
1510 2903 1549 2956 ad
1572 2914 1684 2971 pugnam

334 2981 411 3036 ultra
424 2981 560 3050 provolat,
582 2983 657 3036 freta
668 2979 841 3038 multitudine
864 2992 895 3038 et
916 2990 994 3038 scuto
1015 2982 1218 3038 consuetudinis
1240 2983 1303 3037 telis
1324 2981 1452 3037 veritatis
1476 2977 1684 3052 impenetrabili.

414 3061 495 3114 Acies
510 3079 574 3116 rere
589 3063 722 3116 dolabrae
738 3062 765 3118 iu
780 3063 879 3118 farrum
893 3064 969 3118 illisa
989 3071 1090 3134 postea
1103 3082 1153 3117 nec
1168 3063 1195 3116 in
1210 3063 1316 3134 lignum
1329 3063 1408 3116 valet
1423 3061 1552 3132 amplius.
1595 3059 1685 3130 Capiat

335 3142 388 3195 hoo
411 3141 489 3211 cujus
512 3142 638 3196 interest.
657 3135 692 3207 ³¹)

413 3214 446 3289 b)
469 3223 592 3275 Eandem
614 3222 773 3276 instantiam
794 3223 820 3276 in
846 3221 1007 3292 particulari
1030 3222 1115 3276 etiarn
1129 3222 1283 3293 'hypothesi
1307 3221 1523 3276 eccentricitatis
1538 3217 1683 3275 discuseiin

336 3301 541 3356 Commentariis
556 3301 655 3355 Martis
669 3317 730 3371 cap.
746 3301 792 3356 21.
815 3303 984 3374 ostendique,
1009 3319 1065 3373 qua
1078 3305 1112 3356 de
1126 3319 1212 3358 causa
1228 3308 1258 3357 et
1272 3309 1409 3373 quatenus
1433 3302 1506 3357 falsa
1529 3297 1681 3373 hypothesis

335 3381 471 3436 interdurn
491 3397 585 3435 verum
606 3383 715 3452 prodat.
1117 3435 1119 3444 ,

401 3454 444 3528 c)
465 3459 589 3516 Nondum
612 3461 741 3524 sciebam,
766 3461 836 3532 qnod
858 3467 957 3531 postea
981 3461 1007 3514 in
1021 3461 1170 3517 Commeat.
1185 3462 1285 3516 Martis
1300 3459 1501 3518 demonstrari:
1527 3459 1682 3516 anomaliam

334 3542 408 3598 orbis
431 3542 524 3612 magni
548 3559 598 3595 seu
621 3541 855 3604 commutationis,
880 3558 952 3613 quae
973 3541 1227 3611 retrogradationes
1249 3551 1397 3606 conamur,
1421 3540 1532 3596 restitui
1556 3539 1681 3610 adipsum

334 3638 428 3677 verum
442 3621 514 3676 Solis
529 3627 631 3679 motum
645 3627 675 3674 et
689 3621 784 3675 locum.
821 3622 850 3676 ld
864 3639 930 3677 raro
945 3621 973 3678 in
986 3621 1074 3676 reteri
1088 3623 1273 3677 astronomiae
1293 3623 1381 3678 torma
1396 3622 1482 3676 multo
1498 3621 1589 3676 adhuc
1601 3617 1680 3690 magis

338 3702 429 3758 mirari
453 3707 598 3774 coguntur,
623 3702 668 3772 qui
691 3717 752 3756 cam
775 3701 903 3756 retinent.
945 3705 1076 3771 Adeoque
1100 3719 1137 3756 ex
1155 3703 1208 3756 hcc
1228 3703 1289 3772 ipso
1305 3702 1523 3758 demonstrativa
1540 3705 1681 3756 nascuntur

337 3788 509 3854 argumenta,
530 3781 786 3853 retrogradationes
802 3799 855 3835 non
871 3783 934 3837 oriri
950 3783 986 3838 ab
1002 3781 1093 3852 aliquo
1109 3790 1183 3837 motu
1196 3782 1267 3838 reali
1281 3784 1326 3836 rel
1339 3783 1524 3852 planetarum,
1546 3782 1592 3836 vel
1605 3779 1679 3834 tutius

338 3861 497 3934 systematis
521 3862 665 3925 coelestis,
696 3864 743 3915 sed
767 3880 803 3916 ex
824 3869 899 3917 motu
922 3863 1040 3918 Telluris
1063 3861 1160 3916 unicae
1185 3879 1236 3932 per
1259 3861 1484 3934 imaginationem
1509 3862 1537 3915 in
1561 3863 1678 3932 planetas

336 3959 427 4006 omnes
442 3941 597 3997 transferri.
638 3941 722 3996 Porro
738 3942 878 3996 sententia
892 3960 1024 4013 sequens:
1052 3941 1173 4005 ,Quibus
1189 3943 1306 3996 omnib.“
1324 3950 1377 3996 etc.
1402 3941 1557 3996 oscitanter
1569 3947 1612 3995 est
1624 3955 1676 3992 con·

336 4028 432 4092 cepta;
467 4023 520 4076 hoc
540 4022 611 4076 enirn
634 4022 723 4076 dicere
746 4022 886 4077 uolebam:
918 4040 978 4076 cum
1001 4022 1028 4076 in
1052 4022 1202 4092 Gopernico
1232 4029 1371 4094 appareat
1393 4023 1458 4076 ordo
1481 4019 1678 4092 pulcherrimus

337 4102 427 4174 qualis
451 4109 494 4157 est
515 4102 588 4157 inter
611 4119 722 4158 causam
746 4108 775 4156 et
798 4119 861 4157 suus
886 4103 1008 4168 effectus,
1033 4117 1145 4157 necesse
1164 4119 1234 4167 esse,
1258 4109 1290 4157 nt
1309 4103 1381 4158 haec
1394 4103 1458 4173 ipsa
1471 4102 1508 4156 sit
1521 4119 1589 4157 rara
1602 4113 1678 4154 musa

335 4182 614 4254 retrogradatienum,
630 4199 711 4254 quarn
722 4181 887 4253 Cupernicus
901 4182 975 4247 dicit,
991 4187 1023 4238 ut
1036 4197 1074 4236 sc.
1088 4183 1253 4252 hypothesis
1267 4182 1324 4238 ista
1336 4199 1392 4237 non
1406 4182 1444 4237 sit
1456 4181 1558 4237 aeuus
1571 4185 1676 4237 uncum

415 4259 446 4326 d)
471 4261 550 4327 Quia,
574 4269 606 4317 ut
623 4263 684 4333 jam
699 4263 830 4334 sequitur,
854 4280 908 4316 non
926 4269 959 4316 ut
980 4281 1018 4317 ex
1040 4261 1154 4333 speciali
1177 4279 1272 4318 aarum
1293 4262 1519 4326 conformatione,
1544 4264 1676 4318 sedutex

336 4341 471 4416 generali,
497 4359 568 4414 quae
592 4349 637 4399 est
650 4341 800 4414 (lopernioo
824 4359 884 4397 cum
897 4343 1006 4397 Brabec
1027 4343 1183 4408 communis,
1208 4344 1376 4414 quorundam
1393 4359 1480 4398 causa
1493 4343 1628 4404 redditurr
1651 4343 1677 4392 al

335 4423 528 4478 nonnullorum
550 4428 643 4480 tamen
665 4439 751 4478 causa
772 4439 810 4476 ex
832 4421 874 4485 iis,
899 4428 931 4476 ut
952 4439 989 4476 ex
1009 4421 1125 4493 speciali
1148 4423 1291 4493 (loperniei
1312 4423 1451 4487 redditur;
1476 4422 1551 4487 item,
1576 4417 1675 4494 quiesi

336 4501 595 4575 particule-rissimas
610 4503 804 4574 hypothesium
814 4501 956 4572 Cupernici
970 4502 1137 4557 conditiones
1147 4503 1382 4574 dimensionesque
1397 4502 1587 4573 respiciamus,
1601 4513 1675 4556 causa

338 4583 514 4638 minutiarum
527 4585 719 4640 nonnullarum
733 4583 761 4638 in
775 4580 1012 4638 observationibus
1031 4581 1108 4637 reddi
1127 4599 1180 4638 non
1204 4582 1308 4654 potuit,
1332 4600 1421 4656 eaque
1435 4585 1469 4638 de
1483 4599 1572 4639 causa
1584 4583 1673 4651 Cuper-

337 4664 453 4718 uicanae
475 4663 646 4734 hypotheses
665 4663 743 4724 ,circa
765 4660 947 4732 particularia
970 4668 1026 4716 tam
1049 4665 1137 4733 quoad
1156 4663 1278 4728 formam,
1304 4681 1387 4736 quam
1400 4664 1492 4735 quoad
1505 4661 1673 4718 dimensiones

338 4758 356 4794 a
377 4760 420 4796 me
443 4741 543 4815 corrigi
567 4746 601 4797 ad
620 4743 820 4815 praescriptum
843 4741 1062 4796 observationum
1086 4743 1247 4798 debuerunt.
1288 4744 1351 4798 Etsi
1372 4759 1443 4815 quae
1467 4742 1495 4797 in
1518 4733 1605 4798 forma
1624 4739 1672 4793 dixi

338 4824 507 4877 emendanda
528 4822 620 4890 titisse,
646 4825 697 4880 illa
718 4822 790 4878 talia
803 4827 875 4888 snut,
898 4825 931 4876 ut
944 4823 979 4876 ad
991 4822 1187 4894 perfectionem
1210 4822 1302 4898 potius
1324 4822 1520 4903 hypothesium
1533 4817 1671 4900 Cuperuid»
