3586 5518
747 271 776 326 lu
795 271 976 326 dsdloadonsm
996 271 1111 324 tdltlonle
1128 273 1215 339 prlorls

662 485 708 550 IN
731 483 1058 552 DEDICATIONEM
1080 483 1310 558 ANTIQUAM

830 607 945 660 uorsa
964 607 1143 661 15515515.

383 715 412 785 5)
434 721 517 772 Anno
539 715 627 780 1595,
658 715 701 770 515
729 717 756 774 9.
784 713 862 787 (19.)
888 717 956 772 Julii
985 717 1119 788 postridie
1140 717 1244 772 natalis
1272 715 1367 771 decimi
1388 715 1477 770 octavi
1500 717 1669 772 serenissimi

302 798 465 856 Ferdinandi
478 795 653 860 Archiducis,
675 797 791 853 Roman.
808 815 881 852 nunc
895 798 1071 868 Imperatoris
1087 797 1217 870 Augusti,
1240 797 1458 868 Hungariaeque
1472 803 1503 850 et
1516 797 1670 851 Bchemiae

301 879 391 952 regis:
413 875 491 948 cuijus
513 877 541 930 in
562 876 665 931 ditione
687 876 856 933 hereditaria
868 877 964 948 styria
984 884 1050 932 tunc
1064 879 1203 932 merebam
1225 877 1377 948 stipendia,
1400 877 1491 930 inveni
1510 878 1564 932 hcc
1578 885 1669 932 sebre-

301 967 373 1016 tum:
404 956 555 1026 statimque
582 958 617 1010 ad
638 956 707 1011 illud
727 959 909 1012 excolendum
938 973 1102 1022 conversus,
1132 957 1244 1012 Octobri
1267 963 1413 1028 sequente,
1446 957 1474 1011 in
1494 957 1669 1012 dedicatione

301 1037 471 1112 prognostici
492 1035 687 1102 anniversarii,
719 1041 790 1109 quod
811 1045 874 1093 erat
894 1053 932 1092 ex
953 1038 1041 1092 officio
1062 1037 1242 1102 scribendum,
1265 1038 1412 1092 editionem
1432 1037 1520 1092 libelli
1542 1038 1666 1108 promisi,

303 1127 335 1175 ut
355 1117 539 1191 significarem
563 1117 689 1188 publice,
720 1135 802 1189 quam
831 1117 928 1189 gravis
955 1118 1021 1173 mihi
1042 1119 1247 1188 philosophiam
1273 1117 1378 1172 amanti
1400 1123 1477 1172 esset
1496 1117 1554 1172 ista
1576 1118 1670 1187 cauie-

302 1198 395 1256 ctaudi
415 1196 577 1252 necessitas.
618 1198 665 1252 Ex
685 1215 719 1251 eo
739 1197 880 1268 proiectus
901 1197 930 1251 in
944 1197 1198 1270 Wirtembergiam,
1223 1198 1297 1253 inter
1317 1197 1467 1252 domestica
1488 1198 1607 1269 negotia
1627 1197 1668 1252 ni·

303 1279 344 1334 hil
366 1295 455 1350 aeque
475 1275 555 1348 pensi
576 1277 675 1342 habui,
698 1293 732 1332 55
753 1278 901 1333 editionem
921 1277 1025 1342 libelli,
1049 1295 1121 1349 quae
1141 1278 1207 1332 mihi
1223 1277 1384 1347 juvenculo,
1407 1277 1487 1331 nulla
1506 1277 1669 1332 eruditionis

304 1359 379 1416 lama
398 1357 520 1429 publica,
542 1357 729 1430 typographis
750 1359 803 1413 sibi
824 1359 857 1411 de
879 1360 977 1412 damno
997 1358 1192 1422 metuentibus,
1214 1357 1359 1428 plurimum
1377 1357 1506 1411 exhibuit
1526 1356 1672 1412 molestia·

302 1457 376 1496 rum:
407 1444 436 1492 et
457 1441 539 1492 erant
560 1437 606 1508 qui
633 1438 806 1498 absurditate
837 1439 903 1492 moti
933 1438 1072 1510 dogmatis
1099 1438 1281 1509 Copernicaui
1310 1437 1455 1492 conatibus
1485 1439 1553 1492 meis
1584 1439 1670 1492 inter-

304 1521 443 1574 cederent.
485 1518 584 1587 ltaque
605 1517 711 1589 scripta
732 1517 904 1574 dedicatione
925 1517 982 1572 ista
1003 1518 1094 1572 Idibus
1108 1517 1179 1588 Maji
1200 1519 1394 1581 Stuccardiae,
1419 1523 1484 1588 post
1504 1521 1573 1573 duos
1595 1535 1670 1572 men-

304 1617 349 1656 ses
368 1613 496 1655 reversus
518 1614 577 1651 sum
598 1597 625 1651 in
647 1597 777 1668 styriam,
798 1598 899 1653 relicta
919 1597 1068 1652 1155511155
1088 1599 1264 1669 praeceptori
1284 1615 1345 1654 meo
1366 1596 1494 1651 editionis
1516 1613 1584 1652 cura
1596 1615 1672 1669 pene

304 1681 463 1751 desperata
505 1677 557 1732 1115
577 1693 644 1732 vero
665 1679 700 1731 ad
722 1679 923 1742 exomendum,
949 1679 1189 1733 commendandum
1211 1685 1241 1733 et
1261 1678 1333 1732 inter
1353 1677 1477 1732 homines
1499 1679 1670 1750 vulgandum

305 1759 479 1832 opusculum,
511 1759 583 1828 quod
604 1757 712 1830 ingenti
733 1776 793 1812 cum
818 1757 1010 1832 gratulatione
1040 1757 1156 1827 primum
1178 1764 1345 1828 aspexerat,
1378 1756 1447 1811 nibil
1468 1757 1535 1812 fecit
1555 1758 1670 1828 reliqui:

305 1839 478 1912 perfecitque
498 1837 648 1908 prudentia
667 1844 698 1891 et
717 1838 854 1894 industria
874 1853 935 1902 sua,
957 1844 990 1891 ut
1009 1837 1122 1892 libellus
1144 1841 1255 1892 tandem
1276 1839 1404 1892 ederetur
1424 1839 1478 1892 line
1501 1837 1670 1900 55511596,

306 1927 337 1974 51
357 1917 535 1990 sequentibus
556 1917 684 1972 nundinis
706 1919 864 1974 vernalibus
886 1917 951 1972 anui
976 1917 1051 1974 1597
1073 1918 1204 1990 catalogo
1226 1916 1449 1980 lhancofurtensi
1483 1917 1669 1972 insereretur:

199 2061 200 2064 ,
304 2001 372 2056 duro
393 1997 509 2053 nominis
530 1997 584 2051 mei
604 1996 679 2059 l'atc;
709 2015 773 2052 nam
801 2016 853 2070 pro
873 1997 998 2067 Keplero
1027 2006 1228 2068 expresserunt
1247 1997 1392 2068 Repleum.
1436 1997 1496 2060 Quo
1520 1997 1581 2068 ipso
1602 2005 1672 2052 tem·

304 2097 385 2152 pore,
416 2079 555 2148 flagrante
585 2077 660 2131 bello
681 2079 842 2150 Hungarico
873 2095 934 2132 cum
955 2078 1064 2142 Turcis,
1094 2079 1127 2131 de
1157 2077 1303 2148 provinciis
1325 2076 1474 2131 limitaneis
1498 2077 1672 2132 Ferdinandc

302 2158 399 2214 heredi
428 2156 568 2211 tradendis
598 2157 691 2212 arduis
726 2156 972 2214 deliberationibus
1012 2165 1118 2222 actum,
1148 2157 1262 2229 quippe
1299 2158 1408 2212 exactis
1447 2157 1526 2211 annis
1558 2157 1669 2212 heredis

306 2237 488 2294 tutelaribus.

387 2317 455 2372 Oum
475 2315 563 2388 igitur
583 2331 664 2370 55555
685 2316 809 2387 quidam,
831 2317 932 2389 oppidu
954 2333 1036 2389 quam
1057 2316 1186 2386 pulcher,
1215 2315 1294 2371 initia
1315 2316 1534 2386 speculationum
1554 2315 1674 2370 istamm

306 2413 367 2453 cum
387 2393 598 2470 gubernationis
615 2395 835 2451 Ferdinandinae
858 2397 1012 2468 primordiis
1034 2397 1230 2460 connexuerit;
1253 2396 1312 2467 quis
1326 2400 1404 2449 'vetet
1422 2395 1506 2450 etiam
1529 2410 1674 2449 successus

290 2477 426 2549 reliquos
448 2478 682 2530 commemorando
703 2477 831 2547 exsequi:
863 2479 1023 2532 55555555
1048 2477 1171 2532 llrmetur
1196 2476 1257 2548 spei
1277 2476 1399 2546 optimae
1420 2475 1520 2545 plena,
1549 2492 1603 2530 non
1626 2491 1673 2528 ca·

306 2573 367 2613 sum
387 2571 507 2620 caecum,
530 2556 578 2610 sed
598 2556 711 2626 genium
730 2557 997 2627 perspicacissimum
1018 2564 1049 2611 et
1062 2556 1305 2627 vigilantissimum
1318 2556 1413 2618 1111555,
1436 2555 1480 2626 qui
1501 2555 1574 2609 hanc
1587 2555 1673 2610 ritem

306 2637 446 2694 imbellem
467 2635 596 2706 humique
618 2641 776 2706 serpentem
797 2637 877 2692 ulmis
898 2637 954 2692 illis
976 2636 1139 2692 sublimibus
1161 2636 1346 2706 coaptaverit.

385 2716 499 2771 Etenim
519 2715 624 2770 factum
644 2723 688 2770 est
708 2717 757 2770 illc
778 2716 839 2787 ipso
860 2733 933 2772 anno
959 2717 1043 2781 1597,
1067 2723 1099 2770 ut
1120 2716 1214 2787 Tycbo
1235 2717 1378 2779 Brabeus,
1400 2715 1442 2768 vir
1462 2714 1565 2769 illustri
1587 2723 1673 2770 stem·

308 2803 383 2854 mate
404 2795 510 2852 Danico
531 2801 702 2868 proguatus,
730 2795 904 2868 consiliisque
925 2798 1125 2852 restaurandae
1146 2797 1332 2851 astronomiae
1353 2795 1489 2865 susceptis
1510 2795 1674 2850 celebratis·

308 2877 401 2942 simus,
424 2891 561 2940 successu,
584 2877 675 2946 quoad
695 2875 778 2940 vixit,
801 2876 989 2940 felicissimus,
1012 2883 1045 2929 ut
1064 2876 1109 2930 hic
1130 2875 1242 2947 inquam
1261 2875 1355 2930 Dania
1376 2875 1470 2945 patria
1490 2875 1593 2929 relicta
1613 2893 1674 2929 cum

307 2957 380 3014 omni
402 2963 542 3027 apparatu
564 2957 747 3010 astronomico
769 2957 902 3010 transiret
928 2956 956 3010 in
978 2956 1162 3010 Germaniam.
1206 2957 1273 3010 Cum
1301 2963 1395 3010 autem
1416 2955 1499 3024 hnjus
1521 2955 1573 3009 riri
1594 2955 1673 3010 insti-

306 3045 371 3094 tuta
385 3035 451 3091 mihi
472 3054 509 3089 ex
529 3035 623 3090 relatu
644 3041 674 3090 et
693 3036 927 3106 praelectionibus
941 3035 1084 3090 Maestlini
1106 3037 1205 3090 dudum
1224 3043 1319 3089 essent
1332 3041 1408 3099 nota,
1431 3051 1490 3088 cum
1508 3035 1674 3089 mentionem

306 3117 383 3173 illius
403 3123 437 3175 ut
458 3114 553 3170 summi
574 3115 686 3170 artificis
707 3114 811 3186 passim
831 3115 860 3170 in
880 3115 941 3186 1555
961 3115 1058 3170 1155115
1080 3115 1223 3179 fecissem:
1248 3115 1394 3186 pulchrum
1415 3131 1587 3186 aequumque
1608 3115 1672 3170 mihi

309 3197 397 3254 risum
418 3201 476 3260 est,
507 3195 623 3264 primurn
652 3203 736 3266 atque
761 3194 887 3250 libellum
907 3212 996 3250 meum
1028 3197 1160 3268 catalogo
1183 3195 1405 3250 Francofurtensi
1437 3195 1571 3249 insertum
1598 3195 1673 3259 sciri,

309 3278 384 3332 inter
411 3281 518 3330 ceteros
541 3275 698 3330 matheseos
719 3275 891 3345 professores
919 3275 1004 3329 etiam
1025 3277 1190 3346 Tychonem,
1222 3283 1254 3330 51
1275 3275 1503 3347 antesignanum,
1531 3277 1674 3330 consulere

309 3373 394 3427 super
414 3354 533 3410 materia
552 3354 654 3418 libelli,
687 3371 767 3425 quam
789 3372 850 3410 cum
879 3355 991 3426 proprio
1026 3362 1084 3409 tum
1104 3355 1248 3410 Maestlini
1274 3355 1379 3424 judicio
1412 3355 1524 3408 maximi
1545 3355 1675 3410 momenti

307 3454 366 3492 rem
387 3427 561 3490 esse'rebar.
602 3436 641 3488 Et
661 3434 747 3489 ceteri
768 3435 875 3506 quidem
896 3441 1003 3505 promte
1026 3437 1239 3505 responderunt,
1267 3434 1412 3489 Galilaeae
1433 3435 1567 3500 Patauio,
1592 3437 1674 3491 Ursus

308 3518 412 3589 Praga,
434 3514 582 3570 Limnaeus
602 3515 688 3569 Jeua:
708 3508 744 3584 ²⁸)
766 3516 802 3568 ad
816 3515 973 3586 Tychonem
994 3530 1058 3568 vero
1080 3515 1202 3585 epistola
1221 3531 1284 3569 mea
1304 3514 1410 3569 tardius
1431 3515 1537 3578 delata,
1560 3519 1631 3587 quod
1653 3516 1675 3569 is

306 3598 396 3652 locum
417 3593 577 3664 inscriptum
602 3595 712 3649 interea
731 3602 882 3660 mutasset,
913 3595 1087 3665 voluptatem
1115 3613 1151 3649 ex
1181 3612 1315 3665 responso
1340 3595 1413 3648 tenti
1438 3594 1488 3648 riri
1517 3603 1675 3650 secuturam

307 3693 358 3746 per
379 3674 520 3746 integrum
540 3689 642 3729 annum
656 3673 786 3738 detinuit;
808 3675 890 3730 hausi
904 3677 1016 3729 tandem
1030 3674 1107 3728 illam
1122 3675 1229 3729 affatim
1251 3673 1420 3745 adjunxique
1441 3673 1570 3728 laetitiae
1585 3675 1674 3746 publi-

309 3770 375 3818 cae,
397 3770 468 3824 quee
490 3759 556 3807 tunc
576 3755 698 3824 Styriam
720 3757 837 3809 tenebat
857 3756 893 3808 ob
913 3754 1030 3809 exordia
1049 3754 1260 3824 gubernationis
1282 3755 1461 3819 Perdinaudi,
1488 3755 1675 3810 florentissimi

308 3833 448 3904 principie.
492 3832 655 3903 Quanquam
676 3833 787 3904 eclipsis
808 3849 912 3907 magna
926 3834 997 3889 Solis
1020 3834 1046 3887 in
1068 3829 1287 3888 dodecatemoric
1308 3833 1432 3904 piscium,
1455 3833 1500 3906 qui
1518 3837 1597 3890 15555
1612 3837 1675 3890 Fer·

310 3913 427 3966 dinando
449 3911 593 3975 culminat,
620 3914 761 3983 multoque
783 3915 872 3985 magis
893 3914 1071 3984 intemperies
1091 3915 1230 3970 hominum
1252 3921 1401 3979 certorum,
1429 3915 1489 3983 jam
1511 3915 1597 3986 signa
1618 3933 1675 3970 meo

305 3991 409 4061 judicic
430 3991 632 4061 praetulissent
652 3993 789 4048 aerumnis
811 3995 896 4064 paulo
916 4001 982 4064 5551
1001 4010 1052 4065 per
1071 3995 1230 4064 provincias
1252 3994 1316 4048 illas
1338 3994 1501 4048 consecutis.

390 4077 591 4142 Argumentum
612 4072 756 4127 literarum
777 4075 879 4128 Brahei
901 4074 1045 4138 hocerat,
1067 4075 1108 4128 uti
1130 4075 1273 4144 suspensis
1292 4073 1529 4143 speculationibus
1553 4090 1571 4129 a
1592 4075 1676 4146 priori

221 4201 223 4206 .
311 4151 540 4206 descendentibus
561 4151 679 4207 animum
700 4153 793 4223 potius
814 4156 849 4208 ad
871 4154 1079 4209 observationes
1101 4169 1169 4225 quas
1191 4153 1271 4208 simul
1291 4154 1435 4219 offerebat,
1462 4155 1676 4210 considerandas

312 4230 477 4300 adjicerem:
508 4231 590 4302 inque
617 4233 649 4285 iis
671 4233 758 4303 primo
779 4236 869 4304 gradu
891 4235 978 4296 lacto,
1009 4241 1110 4304 555155
1131 4237 1237 4288 55555
1265 4235 1300 4288 ad
1326 4250 1427 4288 causas
1448 4237 1627 4290 ascenderem
1649 4242 1678 4289 et

310 4311 369 4366 tale
390 4311 454 4381 quid
475 4310 504 4364 in
524 4327 576 4366 sua
596 4313 688 4382 potius
710 4313 869 4383 hypothesi,
891 4330 972 4384 quam
994 4314 1053 4383 ipse
1074 4314 1227 4383 Coperuica
1248 4314 1381 4368 veriorem
1403 4314 1546 4378 censebat,
1569 4315 1677 4370 commi·

311 4391 445 4446 niscerer:
475 4390 608 4461 denique,
638 4399 671 4446 ut
691 4393 726 4445 55
751 4392 841 4462 15555
860 4411 903 4447 55
934 4395 1097 4458 conferrem,
1130 4393 1231 4465 quippe
1253 4393 1299 4464 qui
1325 4394 1385 4462 jam
1412 4409 1487 4448 mare
1517 4397 1677 4450 transisset

311 4473 432 4543 Cumque
453 4487 506 4524 uon
529 4470 624 4524 statim
645 4489 699 4542 ego
721 4476 922 4542 responderem,
945 4475 1071 4528 Braheus
1093 4476 1190 4527 eodem
1210 4481 1375 4544 argumento
1397 4474 1490 4543 plures
1512 4477 1548 4528 ad
1562 4492 1607 4529 me
1628 4491 1679 4546 per

311 4568 412 4606 aunum
433 4557 593 4621 sequentem
615 4551 725 4621 scripsit
746 4553 893 4622 epistolas,
924 4569 1038 4623 quarum
1060 4570 1117 4608 una
1141 4559 1207 4623 post
1228 4553 1324 4619 aliam,
1356 4569 1407 4606 sua
1428 4554 1573 4623 quaelibet
1602 4571 1679 4610 mora
1737 4576 1749 4582 ··

310 4629 484 4702 interposita,
507 4630 572 4684 milri
593 4637 658 4685 sunt
678 4630 812 4688 redditae.
855 4633 966 4688 Interim
989 4633 1096 4688 Graetii
1124 4632 1257 4703 dissipato
1284 4639 1378 4687 nostro
1400 4639 1481 4686 coetu
1502 4635 1677 4699 discentium,

311 4711 372 4780 ipse
394 4711 538 4775 salarium,
563 4712 634 4781 quod
654 4711 798 4781 capiebam
820 4728 838 4766 5
856 4713 1016 4783 proceribus
1038 4713 1197 4784 provinciae
1218 4713 1278 4767 sine
1300 4729 1401 4783 opera,
1428 4712 1500 4767 bene
1522 4715 1678 4770 collocatu-

311 4805 357 4845 rus
379 4791 521 4846 consilium
542 4793 654 4846 tandem
680 4790 757 4864 cepi,
784 4793 945 4865 ›Tychouem
965 4793 1059 4848 Brahe
1079 4793 1210 4848 visitandi
1232 4792 1314 4848 toties
1337 4793 1509 4850 inritantem.
1555 4795 1680 4850 Venerat
