3674 5528
726 273 846 324 serem
866 259 1026 341 terdonen·
1481 271 1557 342 ‘aas

179 441 239 502 sero
261 429 322 480 aeui
343 430 478 496 decrepita
495 431 682 483 incbnationum
701 431 806 484 ailsctus
825 427 898 484 esaei
936 435 976 484 Ad
994 447 1058 499 quae
1076 433 1134 485 olim
1151 433 1223 484 vaide
1242 433 1425 494 inclinavimus,
1453 448 1485 485 ea
1502 442 1557 499 post

181 499 340 552 damnamus
362 510 391 554 et
410 517 565 561 arersanrur;
597 505 695 556 sordere
714 505 785 554 uobis
802 506 936 569 incipiunt,
955 521 1004 556 non
1023 506 1101 555 solum
1120 505 1150 555 ob
1168 505 1302 568 pleniorem
1320 507 1423 555 rationis
1441 519 1512 556 naum
1532 513 1557 556 et

184 572 267 634 mains
284 574 432 634 indicium,
461 574 506 624 sed
522 576 630 637 maxime
649 577 680 626 ob
698 577 776 626 erasis
793 578 966 627 mutationem.
1003 577 1036 626 Et
1060 577 1126 628 hanc
1144 577 1331 627 inclinationum
1349 578 1512 627 mutationem
1532 583 1557 628 et

188 641 362 694 diiieremiam
390 661 443 696 non
462 645 488 694 in
506 647 623 696 rationaii
641 647 720 696 solnm
738 646 849 705 homine,
878 649 922 698 sed
947 650 972 697 in
996 649 1074 697 brutis
1100 663 1195 713 quoque
1220 654 1305 710 aperte
1329 647 1555 698 animadvertimus.

189 713 275 772 Porro,
295 715 317 764 si
336 716 516 767 inclinationes
533 717 558 765 in
579 718 661 767 ιιιὶωο
681 719 865 769 conformantur
892 733 908 768 a
925 719 1042 768 natalitio
1061 719 1157 776 sidere,
1177 733 1226 768 non
1246 731 1262 767 a
1280 725 1485 782 temperamento,
1504 725 1556 768 tum

193 786 281 836 medici
301 801 333 836 ex
352 793 605 850 temperamentorum
624 789 765 854 cognitione
784 795 811 839 et
830 790 1000 841 observatione
1023 789 1117 840 nullutn
1136 795 1229 840 certum
1245 789 1367 851 iudicium
1394 790 1425 839 (le
1451 789 1555 840 inclina·

194 857 300 908 tionibus
320 860 458 910 sensitirae
476 860 574 908 mimae
593 861 700 923 prolerre
719 867 830 924 possunt.
868 862 903 910 ht
921 861 1012 912 mediol
1031 867 1058 910 et
1074 859 1209 925 philosophi
1228 861 1319 911 certius
1334 861 1450 924 judicant
1469 861 1500 912 de
1517 863 1557 910 inv
1600 901 1601 910 .

195 928 371 980 chnationibus
390 943 466 994 qaam
483 931 707 993 perspicacissimus
728 931 884 996 asuelogns3
914 946 973 997 ergo
991 937 1070 995 patet.
1089 932 1264 982 inclinationes
1282 947 1331 980 non
1351 933 1382 981 ab
1401 933 1487 990 astris,
1513 932 1557 982 sed

195 1002 435 1064 atemperamentis
454 1015 515 1051 esse.
553 1000 653 1052 indicis
670 1002 820 1052 medicorum
842 1018 872 1052 ex
891 1004 1095 1066 temperamentis
1121 1003 1183 1052 adeo
1207 1003 1349 1052 constantia
1369 1010 1394 1052 et
1412 1005 1483 1066 quasi
1501 1018 1556 1068 per·

196 1077 274 1134 petua
284 1085 339 1122 esse
350 1087 400 1122 nou
408 1077 518 1136 possent,
531 1087 578 1123 nec
587 1088 683 1136 semper
694 1089 740 1124 nec
748 1074 837 1137 ubique
845 1075 963 1127 valerent.
977 1076 997 1123 si
1007 1075 1180 1124 inclinationes
1196 1089 1245 1122 non
1258 1073 1350 1123 acrasi
1363 1073 1499 1130 humorum,
1514 1074 1557 1122 sed

196 1153 212 1190 a
231 1141 301 1191 coelo
319 1145 485 1206 provenirent
523 1144 607 1194 Fieret
624 1145 695 1205 allis,
714 1151 743 1194 ut
761 1145 837 1194 erasis
856 1147 962 1210 corporis
980 1158 1055 1208 saepe
1075 1153 1141 1194 esset
1158 1145 1334 1210 phlegmatica,
1353 1144 1482 1195 inclinatio
1500 1145 1558 1194 sero

195 1213 257 1264 sesi
271 1217 328 1264 tota
339 1213 473 1264 Martialis.
511 1213 631 1266 Videmus
649 1230 745 1280 quoqne
757 1218 783 1266 iu
802 1217 874 1266 rebus
886 1217 1031 1266 inanimatis
1044 1217 1150 1266 cresium
1163 1216 1316 1266 differentias
1331 1217 1484 1278 potissimum
1498 1231 1556 1266 con·

194 1287 299 1335 &tuere
317 1285 406 1334 sirium
425 1285 598 1345 differentiam,
618 1293 646 1336 ut
666 1287 731 1337 ailae
749 1287 841 1338 herbae
859 1288 971 1338 habeant
988 1289 1037 1336 rim
1056 1287 1191 1352 digerendi.
1211 1287 1379 1345 mollificandl,
1404 1283 1570 1342 attrahendi.¹

195 1355 350 1420 giutimudi,
371 1355 437 1406 aliae
455 1357 631 1407 mundificaudi
649 1364 815 1422 potestatem,
842 1359 907 1408 aliae
927 1359 1106 1416 calefaciendi,
1133 1358 1198 1408 aliae
1217 1358 1377 1422 refrigerandi
1401 1359 1464 1412 vim,
1487 1365 1559 1422 prout

195 1427 273 1477 erasis
292 1427 389 1476 illarum
409 1427 526 1477 admittit.
565 1427 637 1490 Quod
654 1429 680 1478 ln
698 1430 735 1478 hin
753 1431 817 1478 vires
835 1443 865 1479 ex
884 1431 963 1486 crasi,
989 1429 1015 1478 id
1034 1431 1059 1478 in
1078 1429 1195 1479 animatis
1214 1429 1354 1492 corporibus
1373 1436 1431 1477 sunt
1449 1428 1554 1477 inclina-

195 1497 286 1547 tiones.
325 1497 395 1548 Dicis
415 1513 523 1563 qnoque,
553 1500 664 1548 animum
690 1514 718 1549 ss
735 1499 828 1550 habere
856 1501 889 1551 ad
908 1501 1026 1551 coelestia
1050 1500 1114 1550 haec
1133 1501 1219 1560 παθη,
1247 1506 1276 1548 ut
1294 1498 1379 1548 oculus
1405 1498 1437 1548 sd
1465 1499 1554 1554 lucem,

196 1569 263 1618 auria
282 1567 316 1619 ad
335 1583 423 1619 sonum
442 1573 478 1633 (p.
500 1567 573 1629 eit).
610 1570 683 1621 Haec
701 1586 750 1621 nou
770 1571 876 1622 absurde
895 1573 963 1622 dicta
981 1578 1052 1628 aunt,
1080 1579 1174 1620 certam
1193 1571 1259 1622 enlm
1285 1571 1435 1633 superiorum
1454 1569 1554 1619 relatio·

195 1655 253 1690 uem
273 1640 306 1690 ad
325 1639 442 1690 inferiora
461 1655 515 1690 esse
533 1642 586 1704 ipsc
606 1641 672 1692 clare
690 1643 768 1702 innui,
787 1644 831 1693 aad
850 1658 900 1692 nou
919 1657 948 1692 eo
961 1643 1043 1698 modo,
1062 1658 1109 1706 quo
1128 1648 1155 1692 tu
1172 1641 1298 1706 intelligis,
1318 1655 1368 1690 non
1381 1640 1446 1705 quod
1459 1642 1556 1690 animus

194 1711 229 1760 ad
247 1712 370 1761 coelestes
388 1711 565 1762 inclinationes
584 1714 619 1762 sic
640 1726 667 1762 se
686 1711 795 1770 habeat,
820 1715 864 1764 sed
882 1713 946 1778 quod
964 1713 1054 1778 singull
1073 1714 1179 1777 corpon's
1202 1713 1315 1761 humores
1335 1711 1498 1762 elementares
1517 1725 1556 1760 re·

193 1783 303 1845 spiciunt
322 1783 432 1848 singulos
450 1781 576 1846 planetas,
595 1789 624 1833 nt
642 1784 760 1840 videlicet
777 1783 793 1846 ii
812 1785 942 1836 relativam
961 1786 1009 1833 rim
1036 1783 1130 1834 babeat
1156 1783 1189 1833 ad
1206 1783 1333 1832 humorem
1351 1781 1557 1833 melanchoilcnm

194 1851 371 1910 excitandum,
390 1853 582 1910 stimulandum,
600 1855 782 1920 vegetandnmc
803 1855 828 1916 0¹
848 1857 880 1906 ad
899 1856 1036 1912 choleram,
1056 1847 1081 1918 Q
1101 1855 1133 1904 ad
1152 1856 1306 1919 sanguinem.

266 1924 297 1974 ln
316 1939 428 1981 summa,
448 1924 517 1982 dico,
536 1926 616 1976 nullas
635 1925 767 1989 quaiitmes
785 1929 878 1990 primas
903 1933 949 1976 aut
967 1926 1089 1977 secundas
1106 1932 1206 1990 praeter
1228 1924 1380 1976 caliditatem
1400 1931 1426 1975 et
1444 1924 1556 1974 lucidita-

196 2001 264 2053 tem,
285 2001 315 2044 ut
332 2009 380 2046 nec
398 1995 461 2046 ullas
480 1995 653 2064 inclinationes
672 1999 753 2048 inesse
771 1998 894 2062 planetis3
921 1999 957 2046 ris
975 2013 1033 2048 rero
1052 1998 1185 2062 vegetandi
1203 1997 1228 2045 in
1247 1996 1354 2060 planetis
1379 2011 1429 2044 non
1448 2003 1501 2044 tam
1519 2001 1558 2044 eat

195 2067 329 2126 naturalia,
347 2081 422 2131 quam
440 2067 545 2117 relativa
564 2083 596 2132 ea
612 2069 766 2118 ordinatione
786 2069 877 2118 dirius.
897 2065 1068 2132 (Kupierus
1086 2070 1112 2117 in
1130 2068 1255 2134 margine:
1275 2067 1340 2116 Pons
1360 2063 1506 2128 asinorum.)

267 2137 359 2187 Porro:
384 2138 405 2186 si
427 2138 601 2188 inclinationes
625 2140 656 2189 ab
679 2141 766 2197 asnia,
794 2141 892 2190 malitia
909 2155 966 2189 vero
985 2154 1068 2190 eornm
1086 2139 1201 2195 aliunde,
1226 2145 1285 2188 tuuc
1305 2138 1337 2187 ad
1357 2137 1555 2188 constituendum

194 2215 292 2258 sertum
312 2207 344 2259 de
362 2209 562 2259 inclinationibus
578 2210 699 2274 iudicium
722 2225 772 2260 nou
790 2211 869 2260 solnm
895 2217 964 2261 astra
982 2211 1166 2261 consideranda
1183 2217 1267 2266 amnt,
1294 2209 1338 2258 aed
1366 2209 1442 2258 animi
1461 2223 1557 2274 qnoque

195 2293 213 2330 a
229 2279 331 2330 malitia
347 2281 428 2345 magis
446 2281 559 2330 minuare
579 2283 744 2332 contaminati
760 2282 880 2333 habitudo
900 2281 1025 2346 astrologo
1043 2281 1291 2346 praecognoscends‚
1312 2285 1338 2329 et
1357 2280 1429 2329 simul
1447 2281 1473 2329 ln
1489 2281 1555 2343 ludi-

193 2352 262 2400 cium
282 2351 426 2402 adhibenda
444 2353 498 2401 erit.
536 2351 629 2402 Verum
648 2353 785 2418 astrologus
801 2353 900 2417 indicat
918 2352 1070 2404 solummodo
1086 2355 1158 2416 juata
1176 2353 1282 2416 positum
1302 2351 1364 2402 coeii
1383 2356 1409 2401 et
1428 2351 1556 2402 diversita-

193 2429 245 2471 tem
266 2427 424 2486 aspectuum,
442 2429 514 2486 prout
531 2423 565 2472 illi
585 2429 629 2474 aut
648 2425 728 2487 asperi
748 2430 792 2474 aut
803 2425 911 2474 mitiores
931 2431 997 2474 sunt.
1033 2423 1099 2489 Ergo
1112 2439 1142 2474 eo
1155 2424 1207 2487 ipso
1225 2423 1337 2472 uolentes
1350 2422 1460 2471 volentes
1474 2429 1557 2472 osten·

193 2493 257 2542 dunt
278 2493 411 2557 astrologi,
439 2500 484 2543 aut
502 2494 573 2543 simui
591 2493 728 2544 bonitatem
747 2499 773 2545 et
791 2496 912 2545 malitiam
931 2509 987 2545 cum
1005 2495 1064 2558 ipsis
1082 2493 1283 2544 inclinationibus
1306 2495 1332 2542 in
1352 2494 1440 2542 animis
1460 2494 1554 2542 couior·

192 2563 266 2616 mari.
289 2570 335 2612 aut
352 2565 373 2612 si
391 2564 439 2614 hoc
457 2565 552 2620 nolunt.
571 2566 692 2615 incertum
710 2567 816 2629 ipsorum
830 2580 884 2616 esse
900 2567 1019 2628 iudicium
1039 2564 1227 2629 (Kapisrnsc
1247 2561 1388 2624 omnino!),
1407 2563 1445 2612 rel
1459 2566 1558 2614 omnino

193 2636 275 2684 stiam
295 2636 329 2684 ab
348 2637 421 2684 astris
441 2636 595 2702 originaliter
612 2636 786 2686 inclinationes
805 2652 854 2687 non
872 2637 977 2702 prodire.
1015 2636 1144 2697 Quomodo
1164 2635 1230 2686 hunc
1249 2635 1340 2685 nodum
1360 2635 1477 2685 Gordium
1491 2650 1556 2684 com-

192 2705 268 2756 mode
287 2705 382 2758 solvere
400 2700 478 2769 pobsis
498 2712 542 2756 aut
559 2707 628 2764 reiis,
647 2723 697 2758 non
716 2709 796 2765 rideo.
817 2723 873 2760 cum
891 2709 948 2772 ipsa
965 2708 1057 2759 veritas
1076 2709 1114 2756 sit.
1153 2706 1191 2756 Tu
1203 2707 1278 2772 igitur
1301 2713 1386 2769 aperte
1405 2713 1431 2756 et
1449 2707 1557 2771 ingenue

193 2777 228 2828 ad
246 2777 313 2828 haec
333 2777 364 2827 de
383 2777 584 2828 inclinationibus
604 2786 753 2843 argumenta
771 2780 900 2844 responde.

267 2847 342 2908 Quod
361 2849 431 2905 dicis,
450 2848 556 2912 planetis
574 2863 624 2898 non
643 2851 724 2900 inesse
743 2851 881 2900 bonitatem
901 2856 944 2900 aut
962 2845 1092 2906 malitiam,
1114 2847 1159 2899 sed
1171 2847 1338 2897 tortitudinem
1355 2853 1381 2896 et
1394 2846 1556 2904 debilitatem,

193 2919 326 2983 pulchrum
347 2925 372 2968 et
391 2920 515 2982 abjectum
535 2916 601 2981 (ride
619 2933 643 2984 p.
664 2917 740 2980 ete),
761 2921 794 2972 ad
812 2921 838 2970 id
856 2924 892 2970 sic
910 2921 1059 2984 respondeo:
1088 2919 1255 2971 iortitndinem
1275 2923 1300 2966 et
1319 2919 1424 2966 actionis
1443 2917 1556 2966 debilita-

193 2997 244 3040 tem
264 2991 327 3054 ipsis
346 2991 429 3040 inesse
447 3006 497 3040 non
515 3005 587 3056 nego,
608 3005 673 3050 cum,
692 2993 789 3042 ratione
808 2993 944 3042 ‹limantiae
963 3005 980 3040 a
997 2991 1083 3042 Terra.
1103 2992 1165 3040 situs
1185 2997 1210 3039 et
1227 2989 1326 3039 luminis
1344 2986 1389 3038 do.
1409 2989 1485 3038 etiam
1503 3001 1556 3036 ma-

191 3063 258 3123 jores
279 3067 326 3110 aut
343 3061 450 3112 minores
469 3062 531 3112 rires
549 3061 669 3112 habeant.
708 3062 770 3112 Cum
789 3077 845 3114 vero
863 3064 1065 3118 inclinationem,
1093 3063 1153 3112 item
1172 3060 1339 3110 fortitudinem
1359 3064 1385 3108 et
1404 3058 1557 3108 debilitatem

192 3132 302 3194 planetis
322 3132 410 3181 tribuis
428 3133 523 3184 inesse.
551 3147 583 3182 aa
603 3149 652 3182 non
671 3148 701 3184 so
720 3135 773 3198 ipso
792 3149 920 3184 excessum
939 3141 965 3183 et
983 3133 1122 3190 deiectum,
1151 3133 1193 3196 qui
1211 3133 1242 3182 ab
1262 3130 1349 3180 ethicis
1369 3145 1411 3193 pro
1430 3130 1494 3178 vitiis
1512 3128 1556 3178 ba·

193 3203 298 3260 beuter,
328 3203 401 3252 nmul
419 3201 523 3253 innuen?
552 3201 727 3268 (Keplerns
746 3207 772 3254 in
790 3207 914 3270 margins:
935 3205 1046 3254 deiectus
1071 3210 1178 3253 nonest
1200 3201 1301 3251 malurn.
1340 3200 1431 3251 Omnia
1449 3201 1515 3250 bona
1533 3202 1558 3248 in

193 3272 309 3331 namra.)
348 3273 445 3336 Jupiter
468 3281 494 3324 et
511 3273 599 3325 Venus
616 3276 790 3326 inclinationes
812 3278 936 3340 iucundas
959 3282 985 3325 et
1007 3275 1123 3338 pulchras
1150 3281 1192 3324 tuo
1213 3272 1307 3338 judicio
1325 3273 1399 3330 dant;
1426 3271 1558 3321 sidebiies

193 3345 295 3402 inerint,
311 3346 389 3396 etiam
402 3359 460 3395 suas
472 3345 646 3396 inclinationes
659 3347 774 3410 pulchras
788 3354 814 3397 et
826 3347 927 3408 debiles,
947 3347 985 3396 rei
998 3347 1136 3397 beneficam
1154 3346 1235 3410 potius
1248 3349 1364 3394 naturam
1383 3343 1486 3394 debilius
1499 3347 1559 3392 nato

193 3417 345 3466 attribuunt.
384 3415 493 3466 Necesse
512 3431 573 3467 sane
591 3419 650 3475 erit,
681 3433 711 3468 ex
729 3419 779 3468 ista
797 3419 925 3468 debilitate
945 3418 1070 3468 deiectum
1097 3418 1152 3468 oriri
1171 3417 1196 3466 in
1218 3417 1316 3472 animo,
1343 3421 1369 3464 et
1387 3415 1446 3464 inde
1464 3428 1559 3478 quoque

192 3485 353 3538 harmoniam
371 3488 496 3537 achonum
516 3495 541 3537 et
558 3489 746 3538 inclinationum
766 3490 867 3540 turbari.
906 3488 997 3538 Sinde
1017 3503 1120 3538 excessu
1139 3487 1154 3543 ii
1174 3494 1200 3537 et
1219 3485 1244 3547 (ς
1261 3486 1425 3548 iudicandum
1444 3487 1498 3543 erit,
1518 3485 1559 3533 ubi

194 3565 220 3608 et
238 3557 360 3608 fortitudo
379 3559 404 3606 ln
423 3573 467 3607 suo
485 3559 673 3610 inclinationum
693 3575 784 3625 genere
803 3561 889 3609 vitium
906 3561 988 3626 pariet
1006 3559 1188 3622 (Kepierus:
1208 3564 1235 3608 at
1254 3556 1363 3606 nondum
1383 3563 1422 3606 est
1439 3554 1555 3612 malitia).

193 3627 285 3686 Certe,
313 3627 528 3680 aliucliuationes
546 3631 615 3681 coeio
635 3631 768 3688 adscribis,
797 3647 847 3680 non
873 3638 944 3695 potes
969 3645 1019 3680 non
1044 3631 1119 3680 etiam
1137 3629 1271 3693 qualitates
1296 3627 1395 3676 illarum
1422 3627 1500 3676 bonas
1519 3627 1557 3675 rel

193 3699 279 3760 malm,
294 3699 365 3751 coeio
384 3700 528 3752 attribuere.
564 3701 649 3751 Dicis:
678 3702 754 3760 forte,
780 3702 922 3765 pulchrum,
951 3702 1100 3765 abjectum..
1114 3700 1194 3750 debile
1212 3705 1310 3750 tantum
1329 3697 1375 3748 iliis
1394 3699 1490 3752 inesse,
1508 3713 1557 3746 nou

192 3771 285 3820 honum
304 3776 351 3822 ant
368 3770 474 3829 melum
494 3772 582 3830 audioc
602 3772 647 3822 aed
665 3774 722 3837 quid
742 3773 810 3823 alind
829 3774 854 3823 id
873 3781 920 3826 est.
941 3787 1015 3837 quam
1034 3773 1129 3835 reipsa
1146 3771 1237 3820 bonnm
1257 3778 1283 3821 et
1300 3768 1400 3830 maium,
1419 3768 1494 3834 idque
1513 3769 1557 3818 aii-

192 3843 292 3906 quando
310 3841 412 3896 fortius.
433 3842 564 3906 aliquando
584 3843 688 3894 debilius
706 3851 826 3894 statuere.
865 3843 945 3894 Video
964 3851 989 3892 ts
1008 3843 1130 3894 vocabula
1147 3848 1260 3898 mutare,
1279 3855 1329 3890 non
1347 3855 1405 3890 rere
1424 3855 1463 3889 res
1483 3839 1556 3904 ipsas.

194 3911 404 3978 (Kapisrus:
432 3912 600 3964 Melancboiia
624 3930 674 3963 non
693 3922 731 3965 est
758 3913 872 3976 furtum.)
908 3913 987 3972 Vide,
1013 3915 1047 3963 mi
1077 3913 1171 3963 erudite
1189 3912 1311 3975 Kepiere‚
1339 3926 1413 3975 quarn
1441 3911 1560 3974 procula

193 3979 307 4035 raritatis
327 3985 429 4034 tramite
446 3998 525 4034 noras
543 3992 604 4035 tuae
623 3985 806 4049 speculationes
825 3991 851 4036 te
870 3987 1012 4042 abducant,
1042 3991 1067 4034 et
1085 3985 1111 4033 in
1130 3997 1194 4048 quae
1213 3984 1286 4033 deria
1304 3982 1431 4032 devenias.
1470 3981 1561 4032 Gouier

194 4071 275 4106 meam
294 4057 447 4106 sententiam
466 4069 521 4106 cum
539 4063 584 4106 tna
602 4062 629 4106 et
647 4057 747 4118 ridebis,
767 4071 832 4121 qnae
850 4059 930 4107 minus
949 4055 1060 4107 absurdis
1083 4062 1168 4106 utatur
1186 4053 1330 4104 redonibus.
1378 4050 1561 4117 (Keplerus2

195 4125 232 4176 ’l'n
249 4129 319 4178 insta
337 4129 364 4178 in
383 4124 575 4176 melancholiam
593 4128 693 4178 coniers
713 4134 757 4180 aut
775 4143 871 4179 mecum
891 4129 984 4178 sentis:
1003 4127 1039 4177 sic
1058 4126 1202 4176 excusanda
1220 4125 1317 4175 scelera
1336 4121 1560 4188 temperamentis.)

196 4196 271 4264 Cupio
289 4205 377 4248 tamen
397 4211 427 4248 ex
447 4202 472 4247 te
491 4198 593 4248 meliora
611 4198 706 4257 audire,
725 4201 746 4248 si
765 4200 899 4264 inpromtu
912 4199 1011 4249 fuerint.
1049 4198 1102 4247 lmo
1115 4203 1140 4246 te
1154 4195 1279 4253 adhortor,
1298 4197 1370 4246 utad
1384 4195 1560 4246 excutiendum

196 4271 304 4321 veritatis
323 4272 408 4336 ignem
428 4283 526 4318 omnem
545 4269 698 4335 diligentiam
718 4269 844 4324 adhibeas.
872 4277 897 4319 et
915 4270 1004 4320 validis
1023 4269 1202 4318 contrariorum
1221 4273 1422 4334 argumentorum
1441 4267 1560 4317 arietibus

196 4349 292 4394 normae
318 4341 462 4392 sententiae
480 4355 562 4389 muros
581 4355 722 4408 oppugnes,
742 4348 768 4392 et
785 4343 806 4392 si
824 4347 897 4405 potes
916 4341 1027 4404 delicias.
1065 4339 1118 4404 Ege
1137 4339 1236 4389 recitati
1255 4339 1361 4389 libenter
1381 4339 1477 4389 cedam.

281 4412 491 4493 Keplerus:
516 4411 562 4480 De
586 4411 899 4474 inclinationibus
924 4411 1086 4473 confudisti
1112 4429 1158 4472 me
1182 4411 1261 4472 inter
1282 4409 1453 4486 legendum.
1491 4407 1558 4466 Ve-

196 4501 242 4565 lim
266 4502 438 4583 respiceres
465 4499 504 4560 ad
530 4519 614 4560 meas
638 4500 743 4562 literas
767 4501 899 4580 priores,
930 4500 999 4580 qnid
1024 4499 1143 4560 omnino
1168 4499 1349 4576 scripserim.
1397 4497 1477 4556 Nam
1502 4493 1557 4553 hoc

194 4591 314 4670 quidem,
342 4589 424 4672 quod
452 4599 485 4650 tu
511 4589 636 4660 reintss,
658 4590 748 4668 plane
774 4609 830 4650 non
856 4588 975 4668 scripsi.
1023 4587 1109 4661 Dixi,
1144 4587 1357 4648 inclinationes
1386 4581 1556 4660 implantari

192 4679 242 4758 ipsi
265 4682 387 4745 animae
414 4697 455 4738 ex
480 4686 630 4739 astrorum
655 4697 836 4752 commensu,
864 4678 919 4739 boc
935 4681 992 4750 est,
1018 4676 1148 4737 animum
1165 4675 1261 4755 ipsum
1286 4670 1415 4734 transire
1436 4668 1464 4730 in
1481 4669 1573 4730 cha-¹

190 4780 331 4844 racterem
359 4765 536 4838 thematis;
560 4773 662 4830 notam
686 4765 730 4828 tui
755 4766 900 4830 thematis
924 4775 955 4830 et
979 4765 1009 4826 in
1034 4773 1064 4826 te
1089 4765 1191 4850 fluere,
1216 4761 1322 4822 deinde
1348 4757 1558 4820 inclinationes
