3586 5518
387 3160 475 3233 Quod
499 3164 526 3224 si
550 3161 701 3226 crassitiei
730 3159 811 3224 orbis
835 3161 959 3223 Terreni
989 3168 1187 3223 accenseatur
1215 3168 1350 3241 systema
1373 3161 1510 3242 Lunare,
1543 3177 1617 3239 ergo
1641 3157 1665 3220 si

297 3252 358 3314 ima
390 3252 564 3331 superficies
598 3252 679 3314 orbis
702 3250 826 3312 Terreni
850 3257 891 3311 et*
905 3252 1022 3313 Lunam
1052 3251 1308 3330 comprehendens
1337 3257 1385 3310 est
1412 3245 1511 3322 1000,
1548 3267 1667 3311 summa
1746 3307 1749 3315 ,

298 3339 429 3400 Veneris
445 3346 494 3402 est
507 3339 535 3402 in
553 3339 719 3420 Oopernieo
734 3335 810 3404 847.
843 3337 885 3400 Et
900 3339 1023 3401 Terreni
1048 3339 1129 3400 orbis
1145 3359 1211 3402 oum
1228 3339 1316 3401 Luna
1338 3357 1470 3400 summus
1495 3355 1603 3417 margo
1621 3345 1667 3399 est

300 3423 381 3490 801:
407 3428 433 3490 si
457 3437 483 3498 (ς
504 3429 565 3491 imo
588 3430 683 3491 habet
709 3425 802 3493 1000.
840 3427 899 3490 Ηίο
922 3427 1065 3509 relimte
1089 3428 1255 3490 identidem
1278 3429 1429 3508 respicere
1454 3427 1492 3488 ad
1516 3427 1668 3488 tabellam

300 3516 369 3579 huie
384 3515 461 3579 libro
475 3519 686 3597 praemissam,
701 3536 809 3597 nempe
824 3517 862 3578 ad
878 3517 966 3596 hujus
981 3515 1221 3596 interpositionis
1241 3517 1475 3598 qualemcunque
1490 3515 1667 3596 imaginem.

389 3605 435 3667 En
469 3625 610 3669 numeros
633 3606 796 3688 parallelos
830 3605 1011 3686 propinquos
1035 3605 1210 3680 invicem,⁰)
1242 3613 1273 3667 et
1296 3605 1406 3668 Martis
1430 3604 1668 3685 quidematque

301 3693 432 3756 Veneris
457 3697 589 3758 eosdem.
637 3695 766 3759 Telluris
789 3713 861 3756 vero
886 3704 918 3757 et
935 3693 1076 3756 Mercurii
1100 3715 1156 3757 non
1182 3696 1342 3758 admodum
1357 3693 1547 3769 diversos‚‘¹)
1573 3695 1667 3756 solius

301 3781 388 3844 Jovis
413 3783 569 3846 immodice
593 3785 811 3864 discrepantes,
837 3785 890 3845 sed
914 3784 991 3864 qnod
1016 3783 1045 3845 iu
1071 3784 1321 3847 tantadistantia
1344 3802 1431 3845 nemo
1447 3782 1584 3845 miretur.
1627 3781 1669 3845 Et

301 3869 331 3932 in
354 3867 457 3933 Marte
482 3873 600 3953 quidem
624 3884 714 3954 atque
738 3874 871 3941 Venere,
894 3872 1001 3935 vicinis
1025 3870 1089 3934 orbi
1110 3874 1253 3948 Telluris,
1278 3873 1534 3952 videsquautam
1554 3871 1669 3934 efficiat
1722 3920 1727 3933 .

303 3959 511 4022 diversitatem
537 3962 686 4024 orbiculus
714 3963 818 4024 Lunae
843 3962 1013 4031 accensitus
1037 3962 1187 4024 crassitiei
1211 3962 1292 4024 orbis
1317 3961 1458 4024 Terreni:
1483 3961 1535 4043 qui
1566 3969 1667 4024 tamen

305 4047 456 4111 orbiculus
480 4050 531 4112 vix
556 4047 574 4113 3
599 4051 740 4132 scrupula
764 4059 885 4133 aequat,
910 4051 1042 4131 qualium
1066 4051 1147 4113 orbis
1171 4051 1283 4113 Terrae
1307 4052 1400 4113 habet
1424 4047 1477 4114 60.
1491 4051 1519 4123 ο)

394 4138 481 4200 Unde
515 4139 656 4218 colligere
689 4148 792 4220 potes,
827 4159 915 4220 qnam
944 4139 1031 4202 facile
1065 4141 1306 4202 animadversum
1340 4141 1461 4215 luisset,
1496 4148 1669 4221 quantaque

304 4244 493 4288 numerorum
518 4229 674 4290 extitisset
694 4229 907 4308 inaequalitas,
932 4230 958 4292 si
983 4229 1057 4291 haee
1082 4229 1278 4291 eontraooeli
1303 4235 1442 4292 naturam
1466 4236 1668 4301 tentarentur,

305 4313 363 4377 hoo
393 4323 458 4388 est,
493 4315 518 4377 si
542 4318 625 4379 Dens
657 4317 722 4398 ipse
754 4320 783 4380 in
812 4319 964 4380 creatione
992 4337 1050 4379 non
1080 4318 1117 4378 ad
1148 4317 1203 4379 has
1230 4319 1440 4400 proportiones
1469 4319 1669 4397 respexisset.

306 4401 398 4466 Certe
423 4405 500 4466 enim
526 4405 680 4469 fortuitum
711 4407 766 4469 hoe
791 4427 858 4467 esse
889 4427 946 4468 non
970 4415 1087 4486 potest,
1122 4415 1242 4469 uttam
1270 4407 1454 4488 propinquae
1486 4407 1550 4469 sint
1573 4409 1670 4471 iuter·

305 4491 395 4554 vallis
425 4493 507 4556 hisee
530 4495 739 4576 proportiones
764 4514 938 4574 corpomm,
972 4513 1039 4558 cum
1067 4504 1192 4575 propter
1215 4495 1296 4570 alia,
1330 4505 1392 4558 tum
1416 4497 1566 4570 maxime,
1603 4496 1670 4577 quia

308 4581 387 4643 idem
403 4583 474 4644 ordo
490 4591 539 4645 est
552 4584 786 4658 intervallorum,
804 4603 891 4663 quem
907 4603 997 4662 supra
1012 4584 1179 4646 rationibus
1195 4585 1317 4665 optimis
1339 4584 1514 4663 corporibus
1530 4585 1667 4666 ascripsi,

307 4669 376 4731 uide
400 4689 466 4751 cap.
491 4669 522 4736 3.
569 4671 647 4735 Nam
673 4674 729 4736 etsi
755 4670 819 4737 635
845 4695 863 4734 a
887 4669 951 4735 577
976 4673 1144 4764 discrepat,
1180 4674 1252 4736 nulli
1277 4681 1377 4738 tamen
1403 4675 1601 4757 propinquior
1624 4683 1670 4738 est

308 4765 398 4837 atque
421 4760 488 4821 huie
512 4759 579 4841 ipsi.
