<?xml version="1.0" encoding="UTF-8"?>
<!DOCTYPE html PUBLIC "-//W3C//DTD XHTML 1.0 Transitional//EN"
    "http://www.w3.org/TR/xhtml1/DTD/xhtml1-transitional.dtd">
<html xmlns="http://www.w3.org/1999/xhtml" xml:lang="en" lang="en">
 <head>
  <title>
</title>
<meta http-equiv="Content-Type" content="text/html;charset=utf-8" />
  <meta name='ocr-system' content='tesseract 3.04.00' />
  <meta name='ocr-capabilities' content='ocr_page ocr_carea ocr_par ocr_line ocrx_word'/>
</head>
<body>
  <div class='ocr_page' id='page_1' title='image "./joanniskepleria22frisgoog_0079.png"; bbox 0 0 3542 5528; ppageno 0'>
   <div class='ocr_carea' id='block_1_1' title="bbox 303 271 1054 338">
    <p class='ocr_par' dir='ltr' id='par_1_1' title="bbox 303 271 1054 338">
     <span class='ocr_line' id='line_1_1' title="bbox 303 271 1054 338; baseline -0.003 -12"><span class='ocrx_word' id='word_1_1' title='bbox 303 271 345 338; x_wconf 81' lang='grc'>52</span> <span class='ocrx_word' id='word_1_2' title='bbox 894 273 1054 326; x_wconf 70' lang='lat' dir='ltr'>mamam</span> 
     </span>
    </p>
   </div>
   <div class='ocr_carea' id='block_1_2' title="bbox 298 427 1704 2910">
    <p class='ocr_par' dir='ltr' id='par_1_2' title="bbox 298 427 1704 2910">
     <span class='ocr_line' id='line_1_2' title="bbox 303 427 1650 511; baseline -0.005 -16"><span class='ocrx_word' id='word_1_3' title='bbox 303 431 472 495; x_wconf 89' lang='lat' dir='ltr'>mutandus.</span> <span class='ocrx_word' id='word_1_4' title='bbox 518 429 597 502; x_wconf 83' lang='lat' dir='ltr'>Quia</span> <span class='ocrx_word' id='word_1_5' title='bbox 618 430 711 510; x_wconf 88' lang='lat' dir='ltr'>igitur</span> <span class='ocrx_word' id='word_1_6' title='bbox 733 437 846 492; x_wconf 87' lang='lat' dir='ltr'>eertum</span> <span class='ocrx_word' id='word_1_7' title='bbox 867 449 960 511; x_wconf 89' lang='lat' dir='ltr'>penes</span> <span class='ocrx_word' id='word_1_8' title='bbox 988 449 1042 493; x_wconf 85' lang='lat' dir='ltr'>vos</span> <span class='ocrx_word' id='word_1_9' title='bbox 1077 429 1195 493; x_wconf 87' lang='lat' dir='ltr'>minime</span> <span class='ocrx_word' id='word_1_10' title='bbox 1225 437 1304 505; x_wconf 89' lang='lat' dir='ltr'>erat,</span> <span class='ocrx_word' id='word_1_11' title='bbox 1333 429 1578 492; x_wconf 84' lang='lat' dir='ltr'>inveteraturane</span> <span class='ocrx_word' id='word_1_12' title='bbox 1609 427 1650 488; x_wconf 86' lang='lat' dir='ltr'>ait</span> 
     </span>
     <span class='ocr_line' id='line_1_3' title="bbox 303 518 1649 602; baseline -0.006 -18"><span class='ocrx_word' id='word_1_13' title='bbox 303 523 378 584; x_wconf 88' lang='lat' dir='ltr'>baec</span> <span class='ocrx_word' id='word_1_14' title='bbox 401 520 527 583; x_wconf 89' lang='lat' dir='ltr'>mutatio</span> <span class='ocrx_word' id='word_1_15' title='bbox 551 537 605 581; x_wconf 92' lang='lat' dir='ltr'>nec</span> <span class='ocrx_word' id='word_1_16' title='bbox 628 537 676 594; x_wconf 89' lang='lat' dir='ltr'>ne,</span> <span class='ocrx_word' id='word_1_17' title='bbox 699 518 774 581; x_wconf 91' lang='lat' dir='ltr'>nibil</span> <span class='ocrx_word' id='word_1_18' title='bbox 796 519 843 580; x_wconf 92' lang='lat' dir='ltr'>hic</span> <span class='ocrx_word' id='word_1_19' title='bbox 866 529 988 596; x_wconf 90' lang='lat' dir='ltr'>temere,</span> <span class='ocrx_word' id='word_1_20' title='bbox 1013 519 1085 582; x_wconf 92' lang='lat' dir='ltr'>nihil</span> <span class='ocrx_word' id='word_1_21' title='bbox 1102 538 1182 580; x_wconf 89' lang='lat' dir='ltr'>vana</span> <span class='ocrx_word' id='word_1_22' title='bbox 1200 520 1328 600; x_wconf 87' lang='lat' dir='ltr'>quadam</span> <span class='ocrx_word' id='word_1_23' title='bbox 1346 519 1556 602; x_wconf 77' lang='lat' dir='ltr'><strong>desperatione</strong></span> <span class='ocrx_word' id='word_1_24' title='bbox 1580 533 1649 577; x_wconf 89' lang='lat' dir='ltr'>cor-</span> 
     </span>
     <span class='ocr_line' id='line_1_4' title="bbox 303 607 1648 694; baseline -0.007 -20"><span class='ocrx_word' id='word_1_25' title='bbox 303 611 495 694; x_wconf 86' lang='lat' dir='ltr'>rumpendum</span> <span class='ocrx_word' id='word_1_26' title='bbox 518 627 585 670; x_wconf 90' lang='lat' dir='ltr'>esse</span> <span class='ocrx_word' id='word_1_27' title='bbox 608 607 773 688; x_wconf 89' lang='lat' dir='ltr'>putabatis,</span> <span class='ocrx_word' id='word_1_28' title='bbox 799 609 876 688; x_wconf 92' lang='lat' dir='ltr'>quod</span> <span class='ocrx_word' id='word_1_29' title='bbox 900 609 1034 690; x_wconf 91' lang='lat' dir='ltr'>nequiret</span> <span class='ocrx_word' id='word_1_30' title='bbox 1057 609 1085 671; x_wconf 94' lang='lat' dir='ltr'>in</span> <span class='ocrx_word' id='word_1_31' title='bbox 1105 617 1256 689; x_wconf 83' lang='lat' dir='ltr'>posterum</span> <span class='ocrx_word' id='word_1_32' title='bbox 1270 607 1397 672; x_wconf 91' lang='lat' dir='ltr'>restitui.</span> <span class='ocrx_word' id='word_1_33' title='bbox 1430 607 1567 686; x_wconf 90' lang='lat' dir='ltr'>Denique</span> <span class='ocrx_word' id='word_1_34' title='bbox 1582 623 1648 665; x_wconf 93' lang='lat' dir='ltr'>mo-</span> 
     </span>
     <span class='ocr_line' id='line_1_5' title="bbox 304 691 1649 778; baseline -0.004 -18"><span class='ocrx_word' id='word_1_35' title='bbox 304 699 433 774; x_wconf 89' lang='lat' dir='ltr'>nebatis,</span> <span class='ocrx_word' id='word_1_36' title='bbox 458 705 596 760; x_wconf 88' lang='lat' dir='ltr'>eventum</span> <span class='ocrx_word' id='word_1_37' title='bbox 618 695 812 776; x_wconf 80' lang='lat' dir='ltr'>profectionis</span> <span class='ocrx_word' id='word_1_38' title='bbox 835 717 920 760; x_wconf 90' lang='lat' dir='ltr'>meae</span> <span class='ocrx_word' id='word_1_39' title='bbox 943 698 973 760; x_wconf 93' lang='lat' dir='ltr'>in</span> <span class='ocrx_word' id='word_1_40' title='bbox 996 699 1209 768; x_wconf 84' lang='lat' dir='ltr'>incertoesse,</span> <span class='ocrx_word' id='word_1_41' title='bbox 1233 697 1354 778; x_wconf 87' lang='lat' dir='ltr'>fierique</span> <span class='ocrx_word' id='word_1_42' title='bbox 1377 715 1481 777; x_wconf 87' lang='lat' dir='ltr'>posse.</span> <span class='ocrx_word' id='word_1_43' title='bbox 1506 704 1539 756; x_wconf 92' lang='lat' dir='ltr'>ut</span> <span class='ocrx_word' id='word_1_44' title='bbox 1564 691 1649 756; x_wconf 88' lang='lat' dir='ltr'>Cha-</span> 
     </span>
     <span class='ocr_line' id='line_1_6' title="bbox 304 784 1649 870; baseline -0.007 -20"><span class='ocrx_word' id='word_1_45' title='bbox 304 789 409 870; x_wconf 85' lang='lat' dir='ltr'>rybdin</span> <span class='ocrx_word' id='word_1_46' title='bbox 427 787 526 849; x_wconf 85' lang='lat' dir='ltr'>vitans</span> <span class='ocrx_word' id='word_1_47' title='bbox 549 786 579 848; x_wconf 92' lang='lat' dir='ltr'>iu</span> <span class='ocrx_word' id='word_1_48' title='bbox 599 784 734 868; x_wconf 81' lang='lat' dir='ltr'><strong>Scyllam</strong></span> <span class='ocrx_word' id='word_1_49' title='bbox 753 785 890 848; x_wconf 83' lang='lat' dir='ltr'>incidam.</span> <span class='ocrx_word' id='word_1_50' title='bbox 924 787 966 850; x_wconf 87' lang='lat' dir='ltr'>Et</span> <span class='ocrx_word' id='word_1_51' title='bbox 979 788 1054 849; x_wconf 90' lang='lat' dir='ltr'>haec</span> <span class='ocrx_word' id='word_1_52' title='bbox 1068 787 1185 866; x_wconf 88' lang='lat' dir='ltr'>quidem</span> <span class='ocrx_word' id='word_1_53' title='bbox 1205 793 1459 866; x_wconf 87' lang='lat' dir='ltr'>argumentatum</span> <span class='ocrx_word' id='word_1_54' title='bbox 1473 785 1649 846; x_wconf 84' lang='lat' dir='ltr'>valuerunt:</span> 
     </span>
     <span class='ocr_line' id='line_1_7' title="bbox 298 873 1651 959; baseline -0.007 -19"><span class='ocrx_word' id='word_1_55' title='bbox 298 879 362 959; x_wconf 87' lang='lat' dir='ltr'>jam</span> <span class='ocrx_word' id='word_1_56' title='bbox 384 885 544 957; x_wconf 88' lang='lat' dir='ltr'>postquam</span> <span class='ocrx_word' id='word_1_57' title='bbox 568 894 605 936; x_wconf 87' lang='lat' dir='ltr'>ex</span> <span class='ocrx_word' id='word_1_58' title='bbox 627 875 684 936; x_wconf 89' lang='lat' dir='ltr'>hac</span> <span class='ocrx_word' id='word_1_59' title='bbox 708 895 806 938; x_wconf 89' lang='lat' dir='ltr'>annua</span> <span class='ocrx_word' id='word_1_60' title='bbox 835 875 927 939; x_wconf 91' lang='lat' dir='ltr'>veluti</span> <span class='ocrx_word' id='word_1_61' title='bbox 961 875 1031 938; x_wconf 89' lang='lat' dir='ltr'>crisi</span> <span class='ocrx_word' id='word_1_62' title='bbox 1062 876 1099 937; x_wconf 90' lang='lat' dir='ltr'>de</span> <span class='ocrx_word' id='word_1_63' title='bbox 1131 876 1283 938; x_wconf 90' lang='lat' dir='ltr'>turbarum</span> <span class='ocrx_word' id='word_1_64' title='bbox 1315 875 1418 938; x_wconf 88' lang='lat' dir='ltr'>harum</span> <span class='ocrx_word' id='word_1_65' title='bbox 1446 875 1529 937; x_wconf 87' lang='lat' dir='ltr'>exitu</span> <span class='ocrx_word' id='word_1_66' title='bbox 1553 873 1651 952; x_wconf 83' lang='lat' dir='ltr'>deque</span> 
     </span>
     <span class='ocr_line' id='line_1_8' title="bbox 303 961 1649 1045; baseline -0.003 -20"><span class='ocrx_word' id='word_1_67' title='bbox 303 965 436 1028; x_wconf 87' lang='lat' dir='ltr'>venturis</span> <span class='ocrx_word' id='word_1_68' title='bbox 458 965 642 1045; x_wconf 84' lang='lat' dir='ltr'>temporibus</span> <span class='ocrx_word' id='word_1_69' title='bbox 661 963 806 1044; x_wconf 87' lang='lat' dir='ltr'>judicium</span> <span class='ocrx_word' id='word_1_70' title='bbox 824 965 924 1026; x_wconf 82' lang='lat' dir='ltr'>facere</span> <span class='ocrx_word' id='word_1_71' title='bbox 942 965 1050 1028; x_wconf 77' lang='lat' dir='ltr'>didici:</span> <span class='ocrx_word' id='word_1_72' title='bbox 1073 965 1311 1045; x_wconf 86' lang='lat' dir='ltr'>respondendum</span> <span class='ocrx_word' id='word_1_73' title='bbox 1330 971 1378 1026; x_wconf 90' lang='lat' dir='ltr'>est</span> <span class='ocrx_word' id='word_1_74' title='bbox 1396 963 1509 1044; x_wconf 90' lang='lat' dir='ltr'>aliquid</span> <span class='ocrx_word' id='word_1_75' title='bbox 1528 961 1569 1023; x_wconf 89' lang='lat' dir='ltr'>ad</span> <span class='ocrx_word' id='word_1_76' title='bbox 1591 978 1649 1039; x_wconf 91' lang='lat' dir='ltr'>op-</span> 
     </span>
     <span class='ocr_line' id='line_1_9' title="bbox 303 1050 1650 1136; baseline -0.005 -20"><span class='ocrx_word' id='word_1_77' title='bbox 303 1055 419 1136; x_wconf 89' lang='lat' dir='ltr'>positas</span> <span class='ocrx_word' id='word_1_78' title='bbox 442 1053 585 1116; x_wconf 90' lang='lat' dir='ltr'>rationes.</span> <span class='ocrx_word' id='word_1_79' title='bbox 624 1050 712 1124; x_wconf 83' lang='lat' dir='ltr'>Quod</span> <span class='ocrx_word' id='word_1_80' title='bbox 735 1053 852 1134; x_wconf 89' lang='lat' dir='ltr'>quidem</span> <span class='ocrx_word' id='word_1_81' title='bbox 875 1054 992 1129; x_wconf 82' lang='lat' dir='ltr'>latiam,</span> <span class='ocrx_word' id='word_1_82' title='bbox 1019 1072 1143 1118; x_wconf 88' lang='lat' dir='ltr'>exorsus</span> <span class='ocrx_word' id='word_1_83' title='bbox 1166 1054 1203 1116; x_wconf 88' lang='lat' dir='ltr'>ab</span> <span class='ocrx_word' id='word_1_84' title='bbox 1222 1053 1336 1116; x_wconf 88' lang='lat' dir='ltr'>ultima.</span> <span class='ocrx_word' id='word_1_85' title='bbox 1375 1051 1578 1132; x_wconf 75' lang='lat' dir='ltr'>Quaecunque</span> <span class='ocrx_word' id='word_1_86' title='bbox 1603 1067 1650 1110; x_wconf 90' lang='lat' dir='ltr'>me</span> 
     </span>
     <span class='ocr_line' id='line_1_10' title="bbox 303 1139 1651 1225; baseline -0.006 -19"><span class='ocrx_word' id='word_1_87' title='bbox 303 1162 430 1225; x_wconf 88' lang='lat' dir='ltr'>namque</span> <span class='ocrx_word' id='word_1_88' title='bbox 446 1143 566 1206; x_wconf 84' lang='lat' dir='ltr'>fortuna</span> <span class='ocrx_word' id='word_1_89' title='bbox 580 1149 723 1224; x_wconf 89' lang='lat' dir='ltr'>sequatur</span> <span class='ocrx_word' id='word_1_90' title='bbox 736 1143 796 1205; x_wconf 89' lang='lat' dir='ltr'>alio</span> <span class='ocrx_word' id='word_1_91' title='bbox 815 1143 997 1224; x_wconf 86' lang='lat' dir='ltr'>proiectum,</span> <span class='ocrx_word' id='word_1_92' title='bbox 1017 1151 1129 1205; x_wconf 90' lang='lat' dir='ltr'>certum</span> <span class='ocrx_word' id='word_1_93' title='bbox 1152 1143 1257 1217; x_wconf 89' lang='lat' dir='ltr'>habeo,</span> <span class='ocrx_word' id='word_1_94' title='bbox 1282 1143 1458 1206; x_wconf 79' lang='lat' dir='ltr'>atrociorem</span> <span class='ocrx_word' id='word_1_95' title='bbox 1481 1159 1541 1202; x_wconf 88' lang='lat' dir='ltr'>nou</span> <span class='ocrx_word' id='word_1_96' title='bbox 1565 1139 1651 1200; x_wconf 84' lang='lat' dir='ltr'>futu-</span> 
     </span>
     <span class='ocr_line' id='line_1_11' title="bbox 303 1229 1654 1314; baseline -0.005 -20"><span class='ocrx_word' id='word_1_97' title='bbox 303 1251 376 1308; x_wconf 91' lang='lat' dir='ltr'>ram,</span> <span class='ocrx_word' id='word_1_98' title='bbox 400 1251 488 1314; x_wconf 89' lang='lat' dir='ltr'>quam</span> <span class='ocrx_word' id='word_1_99' title='bbox 511 1251 586 1314; x_wconf 89' lang='lat' dir='ltr'>quae</span> <span class='ocrx_word' id='word_1_100' title='bbox 610 1231 696 1293; x_wconf 88' lang='lat' dir='ltr'>nobis</span> <span class='ocrx_word' id='word_1_101' title='bbox 718 1231 862 1312; x_wconf 81' lang='lat' dir='ltr'>impendit</span> <span class='ocrx_word' id='word_1_102' title='bbox 885 1233 1011 1294; x_wconf 88' lang='lat' dir='ltr'>durante</span> <span class='ocrx_word' id='word_1_103' title='bbox 1034 1233 1089 1294; x_wconf 88' lang='lat' dir='ltr'>hae</span> <span class='ocrx_word' id='word_1_104' title='bbox 1112 1231 1198 1312; x_wconf 88' lang='lat' dir='ltr'>Reip.</span> <span class='ocrx_word' id='word_1_105' title='bbox 1221 1241 1342 1294; x_wconf 88' lang='lat' dir='ltr'>nostrae</span> <span class='ocrx_word' id='word_1_106' title='bbox 1365 1233 1470 1294; x_wconf 84' lang='lat' dir='ltr'>forma.</span> <span class='ocrx_word' id='word_1_107' title='bbox 1517 1229 1654 1290; x_wconf 86' lang='lat' dir='ltr'>Ventum</span> 
     </span>
     <span class='ocr_line' id='line_1_12' title="bbox 304 1319 1652 1402; baseline -0.004 -20"><span class='ocrx_word' id='word_1_108' title='bbox 304 1329 352 1384; x_wconf 88' lang='lat' dir='ltr'>est</span> <span class='ocrx_word' id='word_1_109' title='bbox 365 1323 430 1401; x_wconf 85' lang='lat' dir='ltr'>jam</span> <span class='ocrx_word' id='word_1_110' title='bbox 444 1321 483 1382; x_wconf 90' lang='lat' dir='ltr'>ad</span> <span class='ocrx_word' id='word_1_111' title='bbox 498 1321 589 1382; x_wconf 84' lang='lat' dir='ltr'>exilia</span> <span class='ocrx_word' id='word_1_112' title='bbox 602 1319 728 1382; x_wconf 89' lang='lat' dir='ltr'>civium:</span> <span class='ocrx_word' id='word_1_113' title='bbox 755 1340 831 1402; x_wconf 90' lang='lat' dir='ltr'>quae</span> <span class='ocrx_word' id='word_1_114' title='bbox 854 1321 966 1383; x_wconf 86' lang='lat' dir='ltr'>indicta</span> <span class='ocrx_word' id='word_1_115' title='bbox 988 1329 1066 1396; x_wconf 93' lang='lat' dir='ltr'>suut,</span> <span class='ocrx_word' id='word_1_116' title='bbox 1091 1321 1311 1400; x_wconf 89' lang='lat' dir='ltr'>repraesentari</span> <span class='ocrx_word' id='word_1_117' title='bbox 1329 1321 1458 1382; x_wconf 91' lang='lat' dir='ltr'>noudum</span> <span class='ocrx_word' id='word_1_118' title='bbox 1476 1323 1652 1398; x_wconf 87' lang='lat' dir='ltr'>coeperunt,</span> 
     </span>
     <span class='ocr_line' id='line_1_13' title="bbox 303 1405 1656 1491; baseline -0.003 -21"><span class='ocrx_word' id='word_1_119' title='bbox 303 1419 460 1490; x_wconf 91' lang='lat' dir='ltr'>postquam</span> <span class='ocrx_word' id='word_1_120' title='bbox 482 1408 608 1490; x_wconf 86' lang='lat' dir='ltr'>principi</span> <span class='ocrx_word' id='word_1_121' title='bbox 631 1410 712 1470; x_wconf 86' lang='lat' dir='ltr'>cives</span> <span class='ocrx_word' id='word_1_122' title='bbox 736 1409 956 1491; x_wconf 83' lang='lat' dir='ltr'>supplicarunt,</span> <span class='ocrx_word' id='word_1_123' title='bbox 986 1429 1218 1490; x_wconf 84' lang='lat' dir='ltr'>responsumque</span> <span class='ocrx_word' id='word_1_124' title='bbox 1246 1410 1389 1472; x_wconf 80' lang='lat' dir='ltr'>differtur.</span> <span class='ocrx_word' id='word_1_125' title='bbox 1436 1406 1496 1479; x_wconf 83' lang='lat' dir='ltr'>Qui</span> <span class='ocrx_word' id='word_1_126' title='bbox 1520 1425 1559 1468; x_wconf 86' lang='lat' dir='ltr'>ex</span> <span class='ocrx_word' id='word_1_127' title='bbox 1582 1405 1656 1468; x_wconf 88' lang='lat' dir='ltr'>aula</span> 
     </span>
     <span class='ocr_line' id='line_1_14' title="bbox 304 1494 1655 1579; baseline -0.003 -20"><span class='ocrx_word' id='word_1_128' title='bbox 304 1498 334 1559; x_wconf 94' lang='lat' dir='ltr'>iu</span> <span class='ocrx_word' id='word_1_129' title='bbox 357 1498 434 1560; x_wconf 90' lang='lat' dir='ltr'>banc</span> <span class='ocrx_word' id='word_1_130' title='bbox 457 1498 636 1560; x_wconf 84' lang='lat' dir='ltr'>mentionem</span> <span class='ocrx_word' id='word_1_131' title='bbox 660 1498 812 1573; x_wconf 90' lang='lat' dir='ltr'>incidunt,</span> <span class='ocrx_word' id='word_1_132' title='bbox 841 1501 981 1579; x_wconf 88' lang='lat' dir='ltr'>graviora</span> <span class='ocrx_word' id='word_1_133' title='bbox 1008 1499 1178 1560; x_wconf 91' lang='lat' dir='ltr'>minantur:</span> <span class='ocrx_word' id='word_1_134' title='bbox 1212 1518 1333 1579; x_wconf 88' lang='lat' dir='ltr'>quorum</span> <span class='ocrx_word' id='word_1_135' title='bbox 1361 1516 1450 1560; x_wconf 89' lang='lat' dir='ltr'>voces</span> <span class='ocrx_word' id='word_1_136' title='bbox 1478 1496 1506 1558; x_wconf 91' lang='lat' dir='ltr'>si</span> <span class='ocrx_word' id='word_1_137' title='bbox 1529 1494 1655 1557; x_wconf 87' lang='lat' dir='ltr'>oracula</span> 
     </span>
     <span class='ocr_line' id='line_1_15' title="bbox 304 1583 1653 1668; baseline -0.001 -22"><span class='ocrx_word' id='word_1_138' title='bbox 304 1587 374 1661; x_wconf 77' lang='lat' dir='ltr'>sint,</span> <span class='ocrx_word' id='word_1_139' title='bbox 398 1605 545 1667; x_wconf 87' lang='lat' dir='ltr'>nunquam</span> <span class='ocrx_word' id='word_1_140' title='bbox 560 1586 770 1649; x_wconf 89' lang='lat' dir='ltr'>commissurus</span> <span class='ocrx_word' id='word_1_141' title='bbox 786 1595 834 1649; x_wconf 90' lang='lat' dir='ltr'>est</span> <span class='ocrx_word' id='word_1_142' title='bbox 846 1588 994 1668; x_wconf 89' lang='lat' dir='ltr'>princeps,</span> <span class='ocrx_word' id='word_1_143' title='bbox 1019 1595 1053 1650; x_wconf 89' lang='lat' dir='ltr'>nt</span> <span class='ocrx_word' id='word_1_144' title='bbox 1075 1588 1123 1648; x_wconf 91' lang='lat' dir='ltr'>vel</span> <span class='ocrx_word' id='word_1_145' title='bbox 1147 1587 1319 1650; x_wconf 90' lang='lat' dir='ltr'>Lutherano</span> <span class='ocrx_word' id='word_1_146' title='bbox 1342 1587 1425 1649; x_wconf 91' lang='lat' dir='ltr'>locus</span> <span class='ocrx_word' id='word_1_147' title='bbox 1448 1586 1476 1648; x_wconf 93' lang='lat' dir='ltr'>in</span> <span class='ocrx_word' id='word_1_148' title='bbox 1501 1585 1575 1647; x_wconf 91' lang='lat' dir='ltr'>urbe</span> <span class='ocrx_word' id='word_1_149' title='bbox 1599 1583 1653 1658; x_wconf 86' lang='lat' dir='ltr'>sit,</span> 
     </span>
     <span class='ocr_line' id='line_1_16' title="bbox 304 1674 1654 1756; baseline -0.001 -22"><span class='ocrx_word' id='word_1_150' title='bbox 304 1675 352 1736; x_wconf 91' lang='lat' dir='ltr'>vel</span> <span class='ocrx_word' id='word_1_151' title='bbox 383 1674 478 1738; x_wconf 88' lang='lat' dir='ltr'>libera</span> <span class='ocrx_word' id='word_1_152' title='bbox 510 1675 650 1756; x_wconf 84' lang='lat' dir='ltr'>migranti</span> <span class='ocrx_word' id='word_1_153' title='bbox 682 1684 820 1756; x_wconf 90' lang='lat' dir='ltr'>potestas</span> <span class='ocrx_word' id='word_1_154' title='bbox 851 1675 1014 1750; x_wconf 87' lang='lat' dir='ltr'>evehendi,</span> <span class='ocrx_word' id='word_1_155' title='bbox 1049 1677 1268 1750; x_wconf 89' lang='lat' dir='ltr'>commutandi,</span> <span class='ocrx_word' id='word_1_156' title='bbox 1299 1675 1443 1738; x_wconf 89' lang='lat' dir='ltr'>vendendi</span> <span class='ocrx_word' id='word_1_157' title='bbox 1472 1674 1553 1736; x_wconf 89' lang='lat' dir='ltr'>bona</span> <span class='ocrx_word' id='word_1_158' title='bbox 1586 1689 1654 1734; x_wconf 85' lang='lat' dir='ltr'>sua</span> 
     </span>
     <span class='ocr_line' id='line_1_17' title="bbox 305 1762 1655 1847; baseline -0.001 -21"><span class='ocrx_word' id='word_1_159' title='bbox 305 1762 518 1844; x_wconf 86' lang='lat' dir='ltr'>Confingentnr</span> <span class='ocrx_word' id='word_1_160' title='bbox 541 1764 612 1837; x_wconf 91' lang='lat' dir='ltr'>doli,</span> <span class='ocrx_word' id='word_1_161' title='bbox 638 1764 743 1845; x_wconf 89' lang='lat' dir='ltr'>quibus</span> <span class='ocrx_word' id='word_1_162' title='bbox 767 1767 796 1828; x_wconf 93' lang='lat' dir='ltr'>in</span> <span class='ocrx_word' id='word_1_163' title='bbox 820 1765 944 1828; x_wconf 91' lang='lat' dir='ltr'>crimina</span> <span class='ocrx_word' id='word_1_164' title='bbox 961 1765 1130 1846; x_wconf 89' lang='lat' dir='ltr'>majestatis</span> <span class='ocrx_word' id='word_1_165' title='bbox 1150 1765 1336 1847; x_wconf 89' lang='lat' dir='ltr'>implicentur</span> <span class='ocrx_word' id='word_1_166' title='bbox 1353 1766 1444 1838; x_wconf 86' lang='lat' dir='ltr'>cives,</span> <span class='ocrx_word' id='word_1_167' title='bbox 1469 1772 1504 1824; x_wconf 90' lang='lat' dir='ltr'>ut</span> <span class='ocrx_word' id='word_1_168' title='bbox 1527 1763 1655 1842; x_wconf 86' lang='lat' dir='ltr'>rapinae</span> 
     </span>
     <span class='ocr_line' id='line_1_18' title="bbox 304 1851 1655 1935; baseline -0.001 -22"><span class='ocrx_word' id='word_1_169' title='bbox 304 1859 495 1932; x_wconf 86' lang='lat' dir='ltr'>praetextum</span> <span class='ocrx_word' id='word_1_170' title='bbox 525 1851 656 1914; x_wconf 87' lang='lat' dir='ltr'>habeant</span> <span class='ocrx_word' id='word_1_171' title='bbox 679 1853 828 1933; x_wconf 87' lang='lat' dir='ltr'>justitiae.</span> <span class='ocrx_word' id='word_1_172' title='bbox 876 1853 1022 1917; x_wconf 85' lang='lat' dir='ltr'>Carceres</span> <span class='ocrx_word' id='word_1_173' title='bbox 1049 1853 1143 1935; x_wconf 91' lang='lat' dir='ltr'>primo</span> <span class='ocrx_word' id='word_1_174' title='bbox 1175 1854 1275 1934; x_wconf 90' lang='lat' dir='ltr'>parati</span> <span class='ocrx_word' id='word_1_175' title='bbox 1306 1863 1409 1922; x_wconf 87' lang='lat' dir='ltr'>eruut,</span> <span class='ocrx_word' id='word_1_176' title='bbox 1442 1860 1504 1914; x_wconf 89' lang='lat' dir='ltr'>tum</span> <span class='ocrx_word' id='word_1_177' title='bbox 1537 1851 1655 1914; x_wconf 89' lang='lat' dir='ltr'>multae</span> 
     </span>
     <span class='ocr_line' id='line_1_19' title="bbox 303 1939 1704 2024; baseline 0 -22"><span class='ocrx_word' id='word_1_178' title='bbox 303 1939 503 2021; x_wconf 88' lang='lat' dir='ltr'>pecuniariae,</span> <span class='ocrx_word' id='word_1_179' title='bbox 529 1941 923 2019; x_wconf 87' lang='lat' dir='ltr'>quibusilli1·edimantur;</span> <span class='ocrx_word' id='word_1_180' title='bbox 948 1944 1072 2024; x_wconf 88' lang='lat' dir='ltr'>denique</span> <span class='ocrx_word' id='word_1_181' title='bbox 1092 1942 1177 2005; x_wconf 91' lang='lat' dir='ltr'>bonis</span> <span class='ocrx_word' id='word_1_182' title='bbox 1200 1941 1355 2022; x_wconf 88' lang='lat' dir='ltr'>dissipatis</span> <span class='ocrx_word' id='word_1_183' title='bbox 1379 1941 1478 2004; x_wconf 83' lang='lat' dir='ltr'>exilia.</span> <span class='ocrx_word' id='word_1_184' title='bbox 1524 1940 1567 2002; x_wconf 78' lang='lat' dir='ltr'>Et</span> <span class='ocrx_word' id='word_1_185' title='bbox 1586 1939 1655 2018; x_wconf 88' lang='lat' dir='ltr'>jam</span> <span class='ocrx_word' id='word_1_186' title='bbox 1700 1959 1704 1970; x_wconf 90' lang='grc'><strong><em>·</em></strong></span> 
     </span>
     <span class='ocr_line' id='line_1_20' title="bbox 305 2027 1655 2112; baseline -0.001 -21"><span class='ocrx_word' id='word_1_187' title='bbox 305 2029 422 2110; x_wconf 93' lang='lat' dir='ltr'>quidem</span> <span class='ocrx_word' id='word_1_188' title='bbox 447 2027 590 2107; x_wconf 87' lang='lat' dir='ltr'>incipiunt</span> <span class='ocrx_word' id='word_1_189' title='bbox 612 2029 744 2109; x_wconf 85' lang='lat' dir='ltr'>irrogare</span> <span class='ocrx_word' id='word_1_190' title='bbox 768 2032 879 2093; x_wconf 87' lang='lat' dir='ltr'>multas</span> <span class='ocrx_word' id='word_1_191' title='bbox 902 2032 1099 2112; x_wconf 89' lang='lat' dir='ltr'>pecuniarias.</span> <span class='ocrx_word' id='word_1_192' title='bbox 1138 2030 1197 2103; x_wconf 84' lang='lat' dir='ltr'>Qui</span> <span class='ocrx_word' id='word_1_193' title='bbox 1221 2033 1364 2094; x_wconf 85' lang='lat' dir='ltr'>infantem</span> <span class='ocrx_word' id='word_1_194' title='bbox 1389 2031 1427 2092; x_wconf 92' lang='lat' dir='ltr'>ad</span> <span class='ocrx_word' id='word_1_195' title='bbox 1450 2029 1535 2092; x_wconf 80' lang='lat' dir='ltr'>verbi</span> <span class='ocrx_word' id='word_1_196' title='bbox 1561 2029 1655 2091; x_wconf 91' lang='lat' dir='ltr'>mini-</span> 
     </span>
     <span class='ocr_line' id='line_1_21' title="bbox 305 2115 1655 2200; baseline 0.001 -22"><span class='ocrx_word' id='word_1_197' title='bbox 305 2126 399 2179; x_wconf 89' lang='lat' dir='ltr'>strum</span> <span class='ocrx_word' id='word_1_198' title='bbox 422 2116 452 2178; x_wconf 91' lang='lat' dir='ltr'>in</span> <span class='ocrx_word' id='word_1_199' title='bbox 477 2135 545 2176; x_wconf 89' lang='lat' dir='ltr'>arce</span> <span class='ocrx_word' id='word_1_200' title='bbox 569 2115 667 2194; x_wconf 86' lang='lat' dir='ltr'>aliqua</span> <span class='ocrx_word' id='word_1_201' title='bbox 684 2119 783 2180; x_wconf 89' lang='lat' dir='ltr'>vicina</span> <span class='ocrx_word' id='word_1_202' title='bbox 802 2120 957 2200; x_wconf 84' lang='lat' dir='ltr'>degentem</span> <span class='ocrx_word' id='word_1_203' title='bbox 978 2121 1083 2195; x_wconf 89' lang='lat' dir='ltr'>delert,</span> <span class='ocrx_word' id='word_1_204' title='bbox 1111 2120 1252 2200; x_wconf 87' lang='lat' dir='ltr'>baptismi</span> <span class='ocrx_word' id='word_1_205' title='bbox 1271 2139 1371 2194; x_wconf 88' lang='lat' dir='ltr'>causa,</span> <span class='ocrx_word' id='word_1_206' title='bbox 1397 2120 1445 2199; x_wconf 89' lang='lat' dir='ltr'>qui</span> <span class='ocrx_word' id='word_1_207' title='bbox 1463 2117 1497 2181; x_wconf 90' lang='lat' dir='ltr'>S.</span> <span class='ocrx_word' id='word_1_208' title='bbox 1514 2117 1655 2181; x_wconf 87' lang='lat' dir='ltr'>Coenam</span> 
     </span>
     <span class='ocr_line' id='line_1_22' title="bbox 304 2203 1655 2290; baseline -0.001 -21"><span class='ocrx_word' id='word_1_209' title='bbox 304 2207 474 2286; x_wconf 76' lang='lat' dir='ltr'>accipiter</span> <span class='ocrx_word' id='word_1_210' title='bbox 497 2203 684 2264; x_wconf 90' lang='lat' dir='ltr'>institutione</span> <span class='ocrx_word' id='word_1_211' title='bbox 708 2206 834 2280; x_wconf 83' lang='lat' dir='ltr'>Christi,</span> <span class='ocrx_word' id='word_1_212' title='bbox 867 2209 916 2289; x_wconf 93' lang='lat' dir='ltr'>qui</span> <span class='ocrx_word' id='word_1_213' title='bbox 939 2210 1095 2271; x_wconf 87' lang='lat' dir='ltr'>conciones</span> <span class='ocrx_word' id='word_1_214' title='bbox 1118 2209 1317 2290; x_wconf 83' lang='lat' dir='ltr'>Evangelicas</span> <span class='ocrx_word' id='word_1_215' title='bbox 1341 2207 1425 2283; x_wconf 84' lang='lat' dir='ltr'>adit3</span> <span class='ocrx_word' id='word_1_216' title='bbox 1454 2207 1655 2287; x_wconf 88' lang='lat' dir='ltr'>majestatem</span> 
     </span>
     <span class='ocr_line' id='line_1_23' title="bbox 304 2290 1653 2379; baseline 0 -22"><span class='ocrx_word' id='word_1_217' title='bbox 304 2293 404 2358; x_wconf 89' lang='lat' dir='ltr'>laesit.</span> <span class='ocrx_word' id='word_1_218' title='bbox 441 2290 666 2364; x_wconf 79' lang='lat' dir='ltr'>QuiPsalmum</span> <span class='ocrx_word' id='word_1_219' title='bbox 688 2291 766 2354; x_wconf 91' lang='lat' dir='ltr'>intra</span> <span class='ocrx_word' id='word_1_220' title='bbox 787 2297 889 2358; x_wconf 92' lang='lat' dir='ltr'>urbem</span> <span class='ocrx_word' id='word_1_221' title='bbox 912 2307 1025 2372; x_wconf 87' lang='lat' dir='ltr'>cantat,</span> <span class='ocrx_word' id='word_1_222' title='bbox 1050 2298 1098 2379; x_wconf 95' lang='lat' dir='ltr'>qui</span> <span class='ocrx_word' id='word_1_223' title='bbox 1121 2298 1271 2377; x_wconf 84' lang='lat' dir='ltr'>postillae,</span> <span class='ocrx_word' id='word_1_224' title='bbox 1297 2297 1345 2376; x_wconf 90' lang='lat' dir='ltr'>qui</span> <span class='ocrx_word' id='word_1_225' title='bbox 1369 2297 1492 2358; x_wconf 90' lang='lat' dir='ltr'>Biblia</span> <span class='ocrx_word' id='word_1_226' title='bbox 1509 2295 1653 2358; x_wconf 89' lang='lat' dir='ltr'>Lutbe-</span> 
     </span>
     <span class='ocr_line' id='line_1_24' title="bbox 304 2379 1654 2465; baseline 0 -19"><span class='ocrx_word' id='word_1_227' title='bbox 304 2402 392 2446; x_wconf 87' lang='lat' dir='ltr'>rana</span> <span class='ocrx_word' id='word_1_228' title='bbox 414 2381 520 2461; x_wconf 90' lang='lat' dir='ltr'>legit,</span> <span class='ocrx_word' id='word_1_229' title='bbox 545 2379 626 2442; x_wconf 89' lang='lat' dir='ltr'>urbis</span> <span class='ocrx_word' id='word_1_230' title='bbox 641 2381 790 2443; x_wconf 90' lang='lat' dir='ltr'>territorio</span> <span class='ocrx_word' id='word_1_231' title='bbox 805 2395 933 2448; x_wconf 89' lang='lat' dir='ltr'>meretur</span> <span class='ocrx_word' id='word_1_232' title='bbox 947 2387 1051 2448; x_wconf 89' lang='lat' dir='ltr'>arceri.</span> <span class='ocrx_word' id='word_1_233' title='bbox 1090 2385 1149 2458; x_wconf 84' lang='lat' dir='ltr'>Qui</span> <span class='ocrx_word' id='word_1_234' title='bbox 1168 2386 1197 2448; x_wconf 93' lang='lat' dir='ltr'>in</span> <span class='ocrx_word' id='word_1_235' title='bbox 1220 2386 1391 2448; x_wconf 88' lang='lat' dir='ltr'>coemiterio</span> <span class='ocrx_word' id='word_1_236' title='bbox 1414 2403 1555 2465; x_wconf 90' lang='lat' dir='ltr'>pompam</span> <span class='ocrx_word' id='word_1_237' title='bbox 1580 2385 1654 2447; x_wconf 91' lang='lat' dir='ltr'>hor-</span> 
     </span>
     <span class='ocr_line' id='line_1_25' title="bbox 304 2468 1656 2556; baseline 0.001 -23"><span class='ocrx_word' id='word_1_238' title='bbox 304 2480 386 2533; x_wconf 87' lang='lat' dir='ltr'>tatur</span> <span class='ocrx_word' id='word_1_239' title='bbox 409 2471 448 2533; x_wconf 90' lang='lat' dir='ltr'>ad</span> <span class='ocrx_word' id='word_1_240' title='bbox 474 2487 593 2550; x_wconf 89' lang='lat' dir='ltr'>preces,</span> <span class='ocrx_word' id='word_1_241' title='bbox 623 2468 670 2548; x_wconf 92' lang='lat' dir='ltr'>qui</span> <span class='ocrx_word' id='word_1_242' title='bbox 694 2471 831 2532; x_wconf 90' lang='lat' dir='ltr'>morienti</span> <span class='ocrx_word' id='word_1_243' title='bbox 854 2475 1084 2553; x_wconf 85' lang='lat' dir='ltr'>consolationem</span> <span class='ocrx_word' id='word_1_244' title='bbox 1108 2475 1258 2556; x_wconf 86' lang='lat' dir='ltr'>suggerit,</span> <span class='ocrx_word' id='word_1_245' title='bbox 1287 2474 1463 2554; x_wconf 87' lang='lat' dir='ltr'>gravissime</span> <span class='ocrx_word' id='word_1_246' title='bbox 1486 2485 1600 2554; x_wconf 88' lang='lat' dir='ltr'>peccat</span> <span class='ocrx_word' id='word_1_247' title='bbox 1623 2483 1656 2535; x_wconf 89' lang='lat' dir='ltr'>et</span> 
     </span>
     <span class='ocr_line' id='line_1_26' title="bbox 304 2558 1655 2640; baseline 0 -16"><span class='ocrx_word' id='word_1_248' title='bbox 304 2563 517 2640; x_wconf 74' lang='lat' dir='ltr'>uoivrpeyporr</span> <span class='ocrx_word' id='word_1_249' title='bbox 541 2566 598 2620; x_wconf 89' lang='lat' dir='ltr'>est.</span> <span class='ocrx_word' id='word_1_250' title='bbox 635 2558 719 2620; x_wconf 89' lang='lat' dir='ltr'>Haec</span> <span class='ocrx_word' id='word_1_251' title='bbox 743 2559 819 2620; x_wconf 89' lang='lat' dir='ltr'>enim</span> <span class='ocrx_word' id='word_1_252' title='bbox 843 2563 940 2622; x_wconf 88' lang='lat' dir='ltr'>omnia</span> <span class='ocrx_word' id='word_1_253' title='bbox 960 2565 1075 2624; x_wconf 91' lang='lat' dir='ltr'>suntin</span> <span class='ocrx_word' id='word_1_254' title='bbox 1096 2565 1235 2626; x_wconf 84' lang='lat' dir='ltr'>decretis.</span> <span class='ocrx_word' id='word_1_255' title='bbox 1272 2564 1393 2627; x_wconf 90' lang='lat' dir='ltr'>Nullum</span> <span class='ocrx_word' id='word_1_256' title='bbox 1417 2563 1466 2625; x_wconf 92' lang='lat' dir='ltr'>hio</span> <span class='ocrx_word' id='word_1_257' title='bbox 1490 2563 1655 2625; x_wconf 84' lang='lat' dir='ltr'>discrimen</span> 
     </span>
     <span class='ocr_line' id='line_1_27' title="bbox 304 2646 1654 2725; baseline 0 -13"><span class='ocrx_word' id='word_1_258' title='bbox 304 2651 383 2712; x_wconf 90' lang='lat' dir='ltr'>inter</span> <span class='ocrx_word' id='word_1_259' title='bbox 397 2649 491 2710; x_wconf 84' lang='lat' dir='ltr'>civem</span> <span class='ocrx_word' id='word_1_260' title='bbox 514 2654 546 2708; x_wconf 90' lang='lat' dir='ltr'>et</span> <span class='ocrx_word' id='word_1_261' title='bbox 563 2646 731 2708; x_wconf 90' lang='lat' dir='ltr'>ministrum</span> <span class='ocrx_word' id='word_1_262' title='bbox 745 2647 969 2725; x_wconf 90' lang='lat' dir='ltr'>provincialium</span> <span class='ocrx_word' id='word_1_263' title='bbox 987 2652 1016 2711; x_wconf 95' lang='lat' dir='ltr'>in</span> <span class='ocrx_word' id='word_1_264' title='bbox 1036 2653 1225 2715; x_wconf 86' lang='lat' dir='ltr'>exsecutione</span> <span class='ocrx_word' id='word_1_265' title='bbox 1244 2662 1391 2714; x_wconf 87' lang='lat' dir='ltr'>servatur.</span> <span class='ocrx_word' id='word_1_266' title='bbox 1428 2653 1505 2714; x_wconf 87' lang='lat' dir='ltr'>Mihi</span> <span class='ocrx_word' id='word_1_267' title='bbox 1528 2651 1558 2713; x_wconf 90' lang='lat' dir='ltr'>iu</span> <span class='ocrx_word' id='word_1_268' title='bbox 1584 2652 1654 2714; x_wconf 85' lang='lat' dir='ltr'>viu-</span> 
     </span>
     <span class='ocr_line' id='line_1_28' title="bbox 305 2733 1656 2803; baseline 0.001 -3"><span class='ocrx_word' id='word_1_269' title='bbox 305 2735 416 2800; x_wconf 83' lang='lat' dir='ltr'>dictam</span> <span class='ocrx_word' id='word_1_270' title='bbox 441 2735 584 2798; x_wconf 90' lang='lat' dir='ltr'>contemti</span> <span class='ocrx_word' id='word_1_271' title='bbox 607 2735 763 2796; x_wconf 90' lang='lat' dir='ltr'>ministerii</span> <span class='ocrx_word' id='word_1_272' title='bbox 787 2733 879 2796; x_wconf 88' lang='lat' dir='ltr'>urbici</span> <span class='ocrx_word' id='word_1_273' title='bbox 898 2736 992 2797; x_wconf 91' lang='lat' dir='ltr'>multa</span> <span class='ocrx_word' id='word_1_274' title='bbox 1018 2737 1057 2800; x_wconf 91' lang='lat'>10</span> <span class='ocrx_word' id='word_1_275' title='bbox 1074 2741 1254 2802; x_wconf 85' lang='lat' dir='ltr'>thelerornm</span> <span class='ocrx_word' id='word_1_276' title='bbox 1274 2742 1387 2803; x_wconf 86' lang='lat' dir='ltr'>indicta</span> <span class='ocrx_word' id='word_1_277' title='bbox 1404 2747 1472 2802; x_wconf 88' lang='lat' dir='ltr'>cst:</span> <span class='ocrx_word' id='word_1_278' title='bbox 1498 2739 1656 2803; x_wconf 90' lang='lat' dir='ltr'>dimidium</span> 
     </span>
     <span class='ocr_line' id='line_1_29' title="bbox 303 2822 1654 2910; baseline 0.001 -21"><span class='ocrx_word' id='word_1_279' title='bbox 303 2826 441 2907; x_wconf 90' lang='lat' dir='ltr'>precibus</span> <span class='ocrx_word' id='word_1_280' title='bbox 455 2825 576 2899; x_wconf 90' lang='lat' dir='ltr'>redemi,</span> <span class='ocrx_word' id='word_1_281' title='bbox 600 2825 745 2904; x_wconf 90' lang='lat' dir='ltr'>reliquum</span> <span class='ocrx_word' id='word_1_282' title='bbox 768 2822 849 2904; x_wconf 88' lang='lat' dir='ltr'>prius</span> <span class='ocrx_word' id='word_1_283' title='bbox 873 2833 939 2886; x_wconf 89' lang='lat' dir='ltr'>erat</span> <span class='ocrx_word' id='word_1_284' title='bbox 960 2831 1180 2902; x_wconf 86' lang='lat' dir='ltr'>praestandum,</span> <span class='ocrx_word' id='word_1_285' title='bbox 1206 2849 1293 2910; x_wconf 89' lang='lat' dir='ltr'>quarn</span> <span class='ocrx_word' id='word_1_286' title='bbox 1316 2848 1435 2910; x_wconf 89' lang='lat' dir='ltr'>possem</span> <span class='ocrx_word' id='word_1_287' title='bbox 1455 2829 1582 2891; x_wconf 85' lang='lat' dir='ltr'>filiolam</span> <span class='ocrx_word' id='word_1_288' title='bbox 1606 2829 1654 2891; x_wconf 89' lang='lat' dir='ltr'>iu·</span> 
     </span>
    </p>
   </div>
   <div class='ocr_carea' id='block_1_3' title="bbox 206 2912 1657 2994">
    <p class='ocr_par' dir='ltr' id='par_1_3' title="bbox 206 2912 1657 2994">
     <span class='ocr_line' id='line_1_30' title="bbox 206 2912 1657 2994; baseline 0.001 -16"><span class='ocrx_word' id='word_1_289' title='bbox 206 2941 234 2988; x_wconf 63' lang='lat'>¹.</span> <span class='ocrx_word' id='word_1_290' title='bbox 304 2917 381 2978; x_wconf 83' lang='lat' dir='ltr'>ferre</span> <span class='ocrx_word' id='word_1_291' title='bbox 405 2915 573 2994; x_wconf 89' lang='lat' dir='ltr'>sepulchro.</span> <span class='ocrx_word' id='word_1_292' title='bbox 619 2914 722 2986; x_wconf 88' lang='lat' dir='ltr'>Alius,</span> <span class='ocrx_word' id='word_1_293' title='bbox 748 2913 826 2993; x_wconf 93' lang='lat' dir='ltr'>quod</span> <span class='ocrx_word' id='word_1_294' title='bbox 849 2912 988 2992; x_wconf 89' lang='lat' dir='ltr'>populum</span> <span class='ocrx_word' id='word_1_295' title='bbox 1011 2924 1077 2976; x_wconf 89' lang='lat' dir='ltr'>erat</span> <span class='ocrx_word' id='word_1_296' title='bbox 1099 2918 1273 2980; x_wconf 84' lang='lat' dir='ltr'>exhortatus</span> <span class='ocrx_word' id='word_1_297' title='bbox 1296 2919 1326 2980; x_wconf 93' lang='lat' dir='ltr'>iu</span> <span class='ocrx_word' id='word_1_298' title='bbox 1349 2918 1538 2993; x_wconf 87' lang='lat' dir='ltr'>coemiterio,</span> <span class='ocrx_word' id='word_1_299' title='bbox 1568 2918 1657 2980; x_wconf 92' lang='lat' dir='ltr'>nulla</span> 
     </span>
    </p>
   </div>
   <div class='ocr_carea' id='block_1_4' title="bbox 251 3002 1659 4860">
    <p class='ocr_par' dir='ltr' id='par_1_4' title="bbox 251 3002 1659 4860">
     <span class='ocr_line' id='line_1_31' title="bbox 303 3002 1655 3072; baseline 0.001 -5"><span class='ocrx_word' id='word_1_300' title='bbox 303 3005 454 3068; x_wconf 83' lang='lat' dir='ltr'>mentione</span> <span class='ocrx_word' id='word_1_301' title='bbox 478 3003 643 3064; x_wconf 86' lang='lat' dir='ltr'>invidiosae</span> <span class='ocrx_word' id='word_1_302' title='bbox 667 3021 785 3072; x_wconf 90' lang='lat' dir='ltr'>causae,</span> <span class='ocrx_word' id='word_1_303' title='bbox 810 3002 964 3062; x_wconf 88' lang='lat' dir='ltr'>teterrimo</span> <span class='ocrx_word' id='word_1_304' title='bbox 988 3021 1105 3064; x_wconf 89' lang='lat' dir='ltr'>carcere</span> <span class='ocrx_word' id='word_1_305' title='bbox 1129 3005 1288 3070; x_wconf 86' lang='lat' dir='ltr'>detinetur.</span> <span class='ocrx_word' id='word_1_306' title='bbox 1335 3007 1459 3070; x_wconf 88' lang='lat' dir='ltr'>Summa</span> <span class='ocrx_word' id='word_1_307' title='bbox 1482 3009 1558 3069; x_wconf 87' lang='lat' dir='ltr'>haec</span> <span class='ocrx_word' id='word_1_308' title='bbox 1584 3016 1655 3069; x_wconf 90' lang='lat' dir='ltr'>est:</span> 
     </span>
     <span class='ocr_line' id='line_1_32' title="bbox 305 3091 1656 3182; baseline 0.002 -26"><span class='ocrx_word' id='word_1_309' title='bbox 305 3115 341 3156; x_wconf 90' lang='lat' dir='ltr'>ea</span> <span class='ocrx_word' id='word_1_310' title='bbox 366 3092 553 3174; x_wconf 89' lang='lat' dir='ltr'>jamdicta,</span> <span class='ocrx_word' id='word_1_311' title='bbox 587 3091 722 3170; x_wconf 87' lang='lat' dir='ltr'>incepta,</span> <span class='ocrx_word' id='word_1_312' title='bbox 756 3092 838 3182; x_wconf 70' lang='lat' dir='ltr'>lacta</span> <span class='ocrx_word' id='word_1_313' title='bbox 861 3098 930 3152; x_wconf 91' lang='lat' dir='ltr'>sunt</span> <span class='ocrx_word' id='word_1_314' title='bbox 953 3111 972 3150; x_wconf 89' lang='lat' dir='ltr'>a</span> <span class='ocrx_word' id='word_1_315' title='bbox 994 3092 1140 3171; x_wconf 87' lang='lat' dir='ltr'>principe,</span> <span class='ocrx_word' id='word_1_316' title='bbox 1175 3102 1287 3157; x_wconf 90' lang='lat' dir='ltr'>utnon</span> <span class='ocrx_word' id='word_1_317' title='bbox 1309 3097 1408 3177; x_wconf 91' lang='lat' dir='ltr'>possit</span> <span class='ocrx_word' id='word_1_318' title='bbox 1430 3097 1494 3158; x_wconf 90' lang='lat' dir='ltr'>sine</span> <span class='ocrx_word' id='word_1_319' title='bbox 1520 3097 1656 3159; x_wconf 87' lang='lat' dir='ltr'>maximo</span> 
     </span>
     <span class='ocr_line' id='line_1_33' title="bbox 304 3179 1657 3265; baseline 0.003 -21"><span class='ocrx_word' id='word_1_320' title='bbox 304 3182 350 3244; x_wconf 90' lang='lat' dir='ltr'>sui</span> <span class='ocrx_word' id='word_1_321' title='bbox 378 3184 522 3261; x_wconf 90' lang='lat' dir='ltr'>despectu</span> <span class='ocrx_word' id='word_1_322' title='bbox 551 3181 599 3242; x_wconf 87' lang='lat' dir='ltr'>vel</span> <span class='ocrx_word' id='word_1_323' title='bbox 629 3199 717 3240; x_wconf 92' lang='lat' dir='ltr'>uuum</span> <span class='ocrx_word' id='word_1_324' title='bbox 741 3197 849 3240; x_wconf 90' lang='lat' dir='ltr'>aunum</span> <span class='ocrx_word' id='word_1_325' title='bbox 873 3179 926 3240; x_wconf 92' lang='lat' dir='ltr'>ulli</span> <span class='ocrx_word' id='word_1_326' title='bbox 949 3179 1031 3240; x_wconf 91' lang='lat' dir='ltr'>verbi</span> <span class='ocrx_word' id='word_1_327' title='bbox 1055 3179 1189 3242; x_wconf 91' lang='lat' dir='ltr'>ministro</span> <span class='ocrx_word' id='word_1_328' title='bbox 1211 3183 1240 3243; x_wconf 95' lang='lat' dir='ltr'>in</span> <span class='ocrx_word' id='word_1_329' title='bbox 1265 3184 1359 3247; x_wconf 91' lang='lat' dir='ltr'>tribus</span> <span class='ocrx_word' id='word_1_330' title='bbox 1381 3186 1464 3247; x_wconf 91' lang='lat' dir='ltr'>bisce</span> <span class='ocrx_word' id='word_1_331' title='bbox 1488 3185 1657 3265; x_wconf 88' lang='lat' dir='ltr'>provinciis</span> 
     </span>
     <span class='ocr_line' id='line_1_34' title="bbox 305 3267 1657 3354; baseline 0.004 -22"><span class='ocrx_word' id='word_1_332' title='bbox 305 3273 335 3332; x_wconf 93' lang='lat' dir='ltr'>in</span> <span class='ocrx_word' id='word_1_333' title='bbox 354 3271 418 3332; x_wconf 90' lang='lat' dir='ltr'>ulla</span> <span class='ocrx_word' id='word_1_334' title='bbox 432 3288 509 3343; x_wconf 90' lang='lat' dir='ltr'>arce,</span> <span class='ocrx_word' id='word_1_335' title='bbox 535 3286 726 3348; x_wconf 90' lang='lat' dir='ltr'>quaecuuque</span> <span class='ocrx_word' id='word_1_336' title='bbox 745 3267 825 3346; x_wconf 91' lang='lat' dir='ltr'>jura,</span> <span class='ocrx_word' id='word_1_337' title='bbox 849 3267 976 3346; x_wconf 86' lang='lat' dir='ltr'>publica,</span> <span class='ocrx_word' id='word_1_338' title='bbox 1002 3268 1121 3347; x_wconf 86' lang='lat' dir='ltr'>privata</span> <span class='ocrx_word' id='word_1_339' title='bbox 1136 3271 1347 3348; x_wconf 87' lang='lat' dir='ltr'>praetendente</span> <span class='ocrx_word' id='word_1_340' title='bbox 1362 3274 1459 3336; x_wconf 89' lang='lat' dir='ltr'>locum</span> <span class='ocrx_word' id='word_1_341' title='bbox 1473 3276 1657 3354; x_wconf 85' lang='lat' dir='ltr'>relinquere.</span> 
     </span>
     <span class='ocr_line' id='line_1_35' title="bbox 305 3356 1658 3444; baseline 0.004 -24"><span class='ocrx_word' id='word_1_342' title='bbox 305 3362 352 3420; x_wconf 90' lang='lat' dir='ltr'>Ac</span> <span class='ocrx_word' id='word_1_343' title='bbox 375 3358 433 3420; x_wconf 92' lang='lat' dir='ltr'>nisi</span> <span class='ocrx_word' id='word_1_344' title='bbox 456 3358 674 3419; x_wconf 88' lang='lat' dir='ltr'>malesauorum</span> <span class='ocrx_word' id='word_1_345' title='bbox 699 3357 846 3418; x_wconf 89' lang='lat' dir='ltr'>hominum</span> <span class='ocrx_word' id='word_1_346' title='bbox 869 3356 1025 3418; x_wconf 89' lang='lat' dir='ltr'>conatibus</span> <span class='ocrx_word' id='word_1_347' title='bbox 1053 3357 1179 3417; x_wconf 89' lang='lat' dir='ltr'>resistat</span> <span class='ocrx_word' id='word_1_348' title='bbox 1201 3358 1364 3420; x_wconf 90' lang='lat' dir='ltr'>Austriaca</span> <span class='ocrx_word' id='word_1_349' title='bbox 1386 3363 1562 3435; x_wconf 89' lang='lat' dir='ltr'>clementia,</span> <span class='ocrx_word' id='word_1_350' title='bbox 1588 3364 1658 3444; x_wconf 89' lang='lat' dir='ltr'>jam</span> 
     </span>
     <span class='ocr_line' id='line_1_36' title="bbox 304 3445 1658 3532; baseline 0.005 -23"><span class='ocrx_word' id='word_1_351' title='bbox 304 3451 334 3509; x_wconf 92' lang='lat' dir='ltr'>in</span> <span class='ocrx_word' id='word_1_352' title='bbox 358 3447 541 3527; x_wconf 91' lang='lat' dir='ltr'>quorundam</span> <span class='ocrx_word' id='word_1_353' title='bbox 564 3446 671 3508; x_wconf 88' lang='lat' dir='ltr'>animis</span> <span class='ocrx_word' id='word_1_354' title='bbox 696 3445 848 3506; x_wconf 84' lang='lat' dir='ltr'>delineata</span> <span class='ocrx_word' id='word_1_355' title='bbox 870 3452 938 3505; x_wconf 89' lang='lat' dir='ltr'>suut</span> <span class='ocrx_word' id='word_1_356' title='bbox 963 3453 993 3507; x_wconf 91' lang='lat' dir='ltr'>et</span> <span class='ocrx_word' id='word_1_357' title='bbox 1016 3445 1169 3527; x_wconf 87' lang='lat' dir='ltr'>martyria,</span> <span class='ocrx_word' id='word_1_358' title='bbox 1193 3465 1248 3508; x_wconf 91' lang='lat' dir='ltr'>nec</span> <span class='ocrx_word' id='word_1_359' title='bbox 1270 3456 1452 3528; x_wconf 91' lang='lat' dir='ltr'>temperatur</span> <span class='ocrx_word' id='word_1_360' title='bbox 1474 3452 1513 3514; x_wconf 91' lang='lat' dir='ltr'>ab</span> <span class='ocrx_word' id='word_1_361' title='bbox 1538 3454 1658 3532; x_wconf 89' lang='lat' dir='ltr'>apertis</span> 
     </span>
     <span class='ocr_line' id='line_1_37' title="bbox 305 3533 1657 3622; baseline 0.004 -23"><span class='ocrx_word' id='word_1_362' title='bbox 305 3535 594 3616; x_wconf 88' lang='lat' dir='ltr'>comminationibus.</span> <span class='ocrx_word' id='word_1_363' title='bbox 640 3536 704 3598; x_wconf 89' lang='lat' dir='ltr'>Nec</span> <span class='ocrx_word' id='word_1_364' title='bbox 729 3534 882 3614; x_wconf 90' lang='lat' dir='ltr'>quisquam</span> <span class='ocrx_word' id='word_1_365' title='bbox 907 3533 1039 3608; x_wconf 88' lang='lat' dir='ltr'>dubitat,</span> <span class='ocrx_word' id='word_1_366' title='bbox 1070 3535 1138 3614; x_wconf 90' lang='lat' dir='ltr'>quin</span> <span class='ocrx_word' id='word_1_367' title='bbox 1162 3536 1188 3596; x_wconf 90' lang='lat' dir='ltr'>si</span> <span class='ocrx_word' id='word_1_368' title='bbox 1211 3536 1241 3596; x_wconf 93' lang='lat' dir='ltr'>iu</span> <span class='ocrx_word' id='word_1_369' title='bbox 1264 3536 1344 3599; x_wconf 87' lang='lat' dir='ltr'>cives</span> <span class='ocrx_word' id='word_1_370' title='bbox 1368 3539 1450 3600; x_wconf 89' lang='lat' dir='ltr'>etin</span> <span class='ocrx_word' id='word_1_371' title='bbox 1473 3543 1657 3622; x_wconf 89' lang='lat' dir='ltr'>metropolin</span> 
     </span>
     <span class='ocr_line' id='line_1_38' title="bbox 303 3622 1656 3712; baseline 0.007 -28"><span class='ocrx_word' id='word_1_372' title='bbox 303 3627 406 3687; x_wconf 85' lang='lat' dir='ltr'>valeat</span> <span class='ocrx_word' id='word_1_373' title='bbox 429 3625 503 3686; x_wconf 89' lang='lat' dir='ltr'>haec</span> <span class='ocrx_word' id='word_1_374' title='bbox 527 3625 709 3704; x_wconf 88' lang='lat' dir='ltr'>persecutio,</span> <span class='ocrx_word' id='word_1_375' title='bbox 734 3623 867 3701; x_wconf 89' lang='lat' dir='ltr'>singulas</span> <span class='ocrx_word' id='word_1_376' title='bbox 891 3640 1006 3702; x_wconf 92' lang='lat' dir='ltr'>quoque</span> <span class='ocrx_word' id='word_1_377' title='bbox 1028 3622 1169 3685; x_wconf 90' lang='lat' dir='ltr'>nobilium</span> <span class='ocrx_word' id='word_1_378' title='bbox 1192 3642 1292 3699; x_wconf 89' lang='lat' dir='ltr'>arces,</span> <span class='ocrx_word' id='word_1_379' title='bbox 1316 3625 1455 3707; x_wconf 89' lang='lat' dir='ltr'>ipsosque</span> <span class='ocrx_word' id='word_1_380' title='bbox 1478 3631 1555 3692; x_wconf 88' lang='lat' dir='ltr'>adeo</span> <span class='ocrx_word' id='word_1_381' title='bbox 1581 3651 1656 3712; x_wconf 91' lang='lat' dir='ltr'>pro-</span> 
     </span>
     <span class='ocr_line' id='line_1_39' title="bbox 304 3709 1655 3794; baseline 0.006 -20"><span class='ocrx_word' id='word_1_382' title='bbox 304 3732 397 3788; x_wconf 89' lang='lat' dir='ltr'>ceres,</span> <span class='ocrx_word' id='word_1_383' title='bbox 422 3714 529 3775; x_wconf 90' lang='lat' dir='ltr'>uedum</span> <span class='ocrx_word' id='word_1_384' title='bbox 551 3713 701 3774; x_wconf 90' lang='lat' dir='ltr'>ministros</span> <span class='ocrx_word' id='word_1_385' title='bbox 725 3718 901 3790; x_wconf 83' lang='lat' dir='ltr'>perreptare</span> <span class='ocrx_word' id='word_1_386' title='bbox 923 3712 973 3771; x_wconf 91' lang='lat' dir='ltr'>sit.</span> <span class='ocrx_word' id='word_1_387' title='bbox 1011 3709 1114 3772; x_wconf 87' lang='lat' dir='ltr'>Habes</span> <span class='ocrx_word' id='word_1_388' title='bbox 1133 3712 1364 3775; x_wconf 90' lang='lat' dir='ltr'>delineationem</span> <span class='ocrx_word' id='word_1_389' title='bbox 1378 3715 1507 3794; x_wconf 87' lang='lat' dir='ltr'>aliquam</span> <span class='ocrx_word' id='word_1_390' title='bbox 1527 3730 1655 3782; x_wconf 89' lang='lat' dir='ltr'>nostra-</span> 
     </span>
     <span class='ocr_line' id='line_1_40' title="bbox 303 3799 1657 3879; baseline 0.006 -16"><span class='ocrx_word' id='word_1_391' title='bbox 303 3803 378 3863; x_wconf 89' lang='lat' dir='ltr'>tium</span> <span class='ocrx_word' id='word_1_392' title='bbox 401 3821 507 3864; x_wconf 89' lang='lat' dir='ltr'>rerum.</span> <span class='ocrx_word' id='word_1_393' title='bbox 554 3799 621 3872; x_wconf 83' lang='lat' dir='ltr'>Qua</span> <span class='ocrx_word' id='word_1_394' title='bbox 645 3821 702 3863; x_wconf 91' lang='lat' dir='ltr'>non</span> <span class='ocrx_word' id='word_1_395' title='bbox 725 3800 830 3861; x_wconf 89' lang='lat' dir='ltr'>ultimo</span> <span class='ocrx_word' id='word_1_396' title='bbox 854 3807 971 3860; x_wconf 91' lang='lat' dir='ltr'>tautum</span> <span class='ocrx_word' id='word_1_397' title='bbox 995 3809 1183 3879; x_wconf 87' lang='lat' dir='ltr'>argumento,</span> <span class='ocrx_word' id='word_1_398' title='bbox 1208 3803 1262 3862; x_wconf 90' lang='lat' dir='ltr'>sed</span> <span class='ocrx_word' id='word_1_399' title='bbox 1285 3810 1316 3863; x_wconf 90' lang='lat' dir='ltr'>et</span> <span class='ocrx_word' id='word_1_400' title='bbox 1340 3804 1437 3865; x_wconf 91' lang='lat' dir='ltr'>medio</span> <span class='ocrx_word' id='word_1_401' title='bbox 1461 3805 1657 3871; x_wconf 84' lang='lat' dir='ltr'>satisfactum</span> 
     </span>
     <span class='ocr_line' id='line_1_41' title="bbox 304 3887 1658 3971; baseline 0.006 -19"><span class='ocrx_word' id='word_1_402' title='bbox 304 3899 386 3971; x_wconf 91' lang='lat' dir='ltr'>puto.</span> <span class='ocrx_word' id='word_1_403' title='bbox 432 3892 526 3963; x_wconf 88' lang='lat' dir='ltr'>Nam,</span> <span class='ocrx_word' id='word_1_404' title='bbox 558 3899 590 3952; x_wconf 90' lang='lat' dir='ltr'>ut</span> <span class='ocrx_word' id='word_1_405' title='bbox 617 3909 694 3952; x_wconf 88' lang='lat' dir='ltr'>nuuc</span> <span class='ocrx_word' id='word_1_406' title='bbox 727 3889 843 3968; x_wconf 86' lang='lat' dir='ltr'>quidem</span> <span class='ocrx_word' id='word_1_407' title='bbox 867 3887 979 3949; x_wconf 88' lang='lat' dir='ltr'>habent</span> <span class='ocrx_word' id='word_1_408' title='bbox 1007 3888 1138 3950; x_wconf 90' lang='lat' dir='ltr'>humana</span> <span class='ocrx_word' id='word_1_409' title='bbox 1164 3891 1329 3968; x_wconf 88' lang='lat' dir='ltr'>praesidia,</span> <span class='ocrx_word' id='word_1_410' title='bbox 1361 3892 1443 3954; x_wconf 89' lang='lat' dir='ltr'>nulla</span> <span class='ocrx_word' id='word_1_411' title='bbox 1470 3911 1508 3954; x_wconf 88' lang='lat' dir='ltr'>ne</span> <span class='ocrx_word' id='word_1_412' title='bbox 1532 3895 1658 3960; x_wconf 89' lang='lat' dir='ltr'>minima</span> 
     </span>
     <span class='ocr_line' id='line_1_42' title="bbox 305 3977 1659 4064; baseline 0.004 -24"><span class='ocrx_word' id='word_1_413' title='bbox 305 3979 422 4058; x_wconf 90' lang='lat' dir='ltr'>quidem</span> <span class='ocrx_word' id='word_1_414' title='bbox 445 3999 515 4060; x_wconf 89' lang='lat' dir='ltr'>spes</span> <span class='ocrx_word' id='word_1_415' title='bbox 539 3981 637 4041; x_wconf 88' lang='lat' dir='ltr'>estin</span> <span class='ocrx_word' id='word_1_416' title='bbox 666 3995 827 4059; x_wconf 89' lang='lat' dir='ltr'>quoquam,</span> <span class='ocrx_word' id='word_1_417' title='bbox 857 3977 916 4038; x_wconf 88' lang='lat' dir='ltr'>nisi</span> <span class='ocrx_word' id='word_1_418' title='bbox 945 3977 976 4037; x_wconf 92' lang='lat' dir='ltr'>iu</span> <span class='ocrx_word' id='word_1_419' title='bbox 1006 3979 1105 4040; x_wconf 88' lang='lat' dir='ltr'>armis.</span> <span class='ocrx_word' id='word_1_420' title='bbox 1152 3979 1202 4039; x_wconf 92' lang='lat' dir='ltr'>Ad</span> <span class='ocrx_word' id='word_1_421' title='bbox 1230 3999 1314 4058; x_wconf 81' lang='lat' dir='ltr'>arma</span> <span class='ocrx_word' id='word_1_422' title='bbox 1341 3989 1439 4042; x_wconf 87' lang='lat' dir='ltr'>autem</span> <span class='ocrx_word' id='word_1_423' title='bbox 1469 3982 1536 4062; x_wconf 90' lang='lat' dir='ltr'>quis</span> <span class='ocrx_word' id='word_1_424' title='bbox 1565 3994 1659 4064; x_wconf 86' lang='lat' dir='ltr'>putas</span> 
     </span>
     <span class='ocr_line' id='line_1_43' title="bbox 304 4066 1659 4146; baseline 0.007 -19"><span class='ocrx_word' id='word_1_425' title='bbox 304 4068 428 4130; x_wconf 83' lang='lat' dir='ltr'>veniet?</span> <span class='ocrx_word' id='word_1_426' title='bbox 472 4068 549 4131; x_wconf 84' lang='lat' dir='ltr'>Num</span> <span class='ocrx_word' id='word_1_427' title='bbox 582 4067 724 4129; x_wconf 88' lang='lat' dir='ltr'>nobilitas</span> <span class='ocrx_word' id='word_1_428' title='bbox 756 4074 861 4127; x_wconf 87' lang='lat' dir='ltr'>contra</span> <span class='ocrx_word' id='word_1_429' title='bbox 892 4066 1077 4145; x_wconf 88' lang='lat' dir='ltr'>principem?</span> <span class='ocrx_word' id='word_1_430' title='bbox 1122 4066 1296 4146; x_wconf 88' lang='lat' dir='ltr'>Disputatio</span> <span class='ocrx_word' id='word_1_431' title='bbox 1329 4069 1444 4132; x_wconf 86' lang='lat' dir='ltr'>infinita</span> <span class='ocrx_word' id='word_1_432' title='bbox 1476 4079 1536 4134; x_wconf 88' lang='lat' dir='ltr'>est.</span> <span class='ocrx_word' id='word_1_433' title='bbox 1592 4073 1659 4136; x_wconf 87' lang='lat' dir='ltr'>Neo</span> 
     </span>
     <span class='ocr_line' id='line_1_44' title="bbox 305 4154 1659 4241; baseline 0.005 -24"><span class='ocrx_word' id='word_1_434' title='bbox 305 4157 409 4231; x_wconf 87' lang='lat' dir='ltr'>video,</span> <span class='ocrx_word' id='word_1_435' title='bbox 434 4176 509 4237; x_wconf 89' lang='lat' dir='ltr'>quae</span> <span class='ocrx_word' id='word_1_436' title='bbox 532 4157 603 4218; x_wconf 89' lang='lat' dir='ltr'>mihi</span> <span class='ocrx_word' id='word_1_437' title='bbox 625 4157 746 4237; x_wconf 87' lang='lat' dir='ltr'>privata</span> <span class='ocrx_word' id='word_1_438' title='bbox 768 4172 837 4234; x_wconf 87' lang='lat' dir='ltr'>spes</span> <span class='ocrx_word' id='word_1_439' title='bbox 861 4155 891 4215; x_wconf 93' lang='lat' dir='ltr'>in</span> <span class='ocrx_word' id='word_1_440' title='bbox 914 4154 1034 4234; x_wconf 88' lang='lat' dir='ltr'>publica</span> <span class='ocrx_word' id='word_1_441' title='bbox 1058 4154 1231 4218; x_wconf 87' lang='lat' dir='ltr'>calamitate</span> <span class='ocrx_word' id='word_1_442' title='bbox 1253 4159 1351 4236; x_wconf 88' lang='lat' dir='ltr'>possit</span> <span class='ocrx_word' id='word_1_443' title='bbox 1375 4177 1450 4221; x_wconf 89' lang='lat' dir='ltr'>esse.</span> <span class='ocrx_word' id='word_1_444' title='bbox 1492 4161 1659 4241; x_wconf 82' lang='lat' dir='ltr'>Nunquam</span> 
     </span>
     <span class='ocr_line' id='line_1_45' title="bbox 305 4243 1659 4324; baseline 0.005 -18"><span class='ocrx_word' id='word_1_445' title='bbox 305 4246 392 4306; x_wconf 89' lang='lat' dir='ltr'>salva</span> <span class='ocrx_word' id='word_1_446' title='bbox 413 4252 515 4324; x_wconf 86' lang='lat' dir='ltr'>potest</span> <span class='ocrx_word' id='word_1_447' title='bbox 537 4264 603 4307; x_wconf 89' lang='lat' dir='ltr'>esse</span> <span class='ocrx_word' id='word_1_448' title='bbox 631 4265 680 4307; x_wconf 89' lang='lat' dir='ltr'>res</span> <span class='ocrx_word' id='word_1_449' title='bbox 710 4243 876 4306; x_wconf 89' lang='lat' dir='ltr'>domestica</span> <span class='ocrx_word' id='word_1_450' title='bbox 902 4243 930 4304; x_wconf 94' lang='lat' dir='ltr'>in</span> <span class='ocrx_word' id='word_1_451' title='bbox 960 4243 1087 4322; x_wconf 90' lang='lat' dir='ltr'>publicis</span> <span class='ocrx_word' id='word_1_452' title='bbox 1119 4245 1368 4324; x_wconf 89' lang='lat' dir='ltr'>grassationibus.</span> <span class='ocrx_word' id='word_1_453' title='bbox 1415 4247 1523 4310; x_wconf 86' lang='lat' dir='ltr'>Filiam</span> <span class='ocrx_word' id='word_1_454' title='bbox 1557 4269 1659 4312; x_wconf 89' lang='lat' dir='ltr'>meam</span> 
     </span>
     <span class='ocr_line' id='line_1_46' title="bbox 251 4333 1658 4416; baseline 0.005 -21"><span class='ocrx_word' id='word_1_455' title='bbox 251 4399 252 4410; x_wconf 46' lang='lat'>,</span> <span class='ocrx_word' id='word_1_456' title='bbox 306 4334 382 4414; x_wconf 92' lang='lat' dir='ltr'>quod</span> <span class='ocrx_word' id='word_1_457' title='bbox 408 4333 530 4408; x_wconf 89' lang='lat' dir='ltr'>attinet,</span> <span class='ocrx_word' id='word_1_458' title='bbox 560 4335 677 4412; x_wconf 89' lang='lat' dir='ltr'>opinor,</span> <span class='ocrx_word' id='word_1_459' title='bbox 708 4334 784 4395; x_wconf 91' lang='lat' dir='ltr'>bauo</span> <span class='ocrx_word' id='word_1_460' title='bbox 808 4351 874 4393; x_wconf 90' lang='lat' dir='ltr'>esse</span> <span class='ocrx_word' id='word_1_461' title='bbox 897 4349 995 4392; x_wconf 90' lang='lat' dir='ltr'>rerum</span> <span class='ocrx_word' id='word_1_462' title='bbox 1019 4334 1138 4408; x_wconf 90' lang='lat' dir='ltr'>faciem,</span> <span class='ocrx_word' id='word_1_463' title='bbox 1171 4342 1204 4394; x_wconf 92' lang='lat' dir='ltr'>ut</span> <span class='ocrx_word' id='word_1_464' title='bbox 1226 4334 1306 4397; x_wconf 90' lang='lat' dir='ltr'>haud</span> <span class='ocrx_word' id='word_1_465' title='bbox 1328 4343 1454 4416; x_wconf 83' lang='lat' dir='ltr'>gravate</span> <span class='ocrx_word' id='word_1_466' title='bbox 1478 4342 1658 4402; x_wconf 89' lang='lat' dir='ltr'>consensuri</span> 
     </span>
     <span class='ocr_line' id='line_1_47' title="bbox 305 4415 1657 4506; baseline 0.005 -22"><span class='ocrx_word' id='word_1_467' title='bbox 305 4425 367 4484; x_wconf 89' lang='lat' dir='ltr'>sint</span> <span class='ocrx_word' id='word_1_468' title='bbox 390 4423 452 4506; x_wconf 84' lang='lat' dir='ltr'>ejus</span> <span class='ocrx_word' id='word_1_469' title='bbox 477 4429 591 4484; x_wconf 87' lang='lat' dir='ltr'>tutores</span> <span class='ocrx_word' id='word_1_470' title='bbox 615 4441 681 4483; x_wconf 90' lang='lat' dir='ltr'>cum</span> <span class='ocrx_word' id='word_1_471' title='bbox 704 4439 795 4482; x_wconf 83' lang='lat' dir='ltr'>uxore</span> <span class='ocrx_word' id='word_1_472' title='bbox 818 4439 895 4494; x_wconf 89' lang='lat' dir='ltr'>mea,</span> <span class='ocrx_word' id='word_1_473' title='bbox 920 4415 995 4500; x_wconf 89' lang='lat' dir='ltr'>quae</span> <span class='ocrx_word' id='word_1_474' title='bbox 1019 4421 1100 4483; x_wconf 89' lang='lat' dir='ltr'>illam</span> <span class='ocrx_word' id='word_1_475' title='bbox 1124 4441 1223 4484; x_wconf 91' lang='lat' dir='ltr'>secum</span> <span class='ocrx_word' id='word_1_476' title='bbox 1246 4424 1417 4487; x_wconf 90' lang='lat' dir='ltr'>abduceret.</span> <span class='ocrx_word' id='word_1_477' title='bbox 1454 4427 1502 4488; x_wconf 84' lang='lat' dir='ltr'>Ac</span> <span class='ocrx_word' id='word_1_478' title='bbox 1524 4429 1657 4491; x_wconf 86' lang='lat' dir='ltr'>officium</span> 
     </span>
     <span class='ocr_line' id='line_1_48' title="bbox 262 4505 1656 4595; baseline 0.004 -22"><span class='ocrx_word' id='word_1_479' title='bbox 262 4505 263 4509; x_wconf 62' lang='grc'>’</span> <span class='ocrx_word' id='word_1_480' title='bbox 304 4531 409 4587; x_wconf 88' lang='lat' dir='ltr'>meum,</span> <span class='ocrx_word' id='word_1_481' title='bbox 434 4511 629 4592; x_wconf 86' lang='lat' dir='ltr'>quale-fuerit</span> <span class='ocrx_word' id='word_1_482' title='bbox 643 4511 787 4572; x_wconf 90' lang='lat' dir='ltr'>hactenus</span> <span class='ocrx_word' id='word_1_483' title='bbox 801 4511 865 4589; x_wconf 89' lang='lat' dir='ltr'>jam</span> <span class='ocrx_word' id='word_1_484' title='bbox 889 4527 965 4570; x_wconf 93' lang='lat' dir='ltr'>auno</span> <span class='ocrx_word' id='word_1_485' title='bbox 988 4517 1133 4585; x_wconf 88' lang='lat' dir='ltr'>vertente,</span> <span class='ocrx_word' id='word_1_486' title='bbox 1159 4518 1231 4590; x_wconf 89' lang='lat' dir='ltr'>puto</span> <span class='ocrx_word' id='word_1_487' title='bbox 1254 4520 1285 4574; x_wconf 87' lang='lat' dir='ltr'>te</span> <span class='ocrx_word' id='word_1_488' title='bbox 1309 4515 1491 4595; x_wconf 89' lang='lat' dir='ltr'>perspicere.</span> <span class='ocrx_word' id='word_1_489' title='bbox 1531 4517 1656 4579; x_wconf 87' lang='lat' dir='ltr'>Nemini</span> 
     </span>
     <span class='ocr_line' id='line_1_49' title="bbox 276 4594 1659 4682; baseline 0.005 -21"><span class='ocrx_word' id='word_1_490' title='bbox 276 4617 279 4626; x_wconf 85' lang='grc'><strong>’</strong></span> <span class='ocrx_word' id='word_1_491' title='bbox 304 4601 369 4662; x_wconf 90' lang='lat' dir='ltr'>usui</span> <span class='ocrx_word' id='word_1_492' title='bbox 394 4608 462 4662; x_wconf 87' lang='lat' dir='ltr'>sunt</span> <span class='ocrx_word' id='word_1_493' title='bbox 485 4616 575 4677; x_wconf 90' lang='lat' dir='ltr'>opera</span> <span class='ocrx_word' id='word_1_494' title='bbox 597 4618 678 4672; x_wconf 91' lang='lat' dir='ltr'>mea;</span> <span class='ocrx_word' id='word_1_495' title='bbox 702 4599 837 4679; x_wconf 89' lang='lat' dir='ltr'>quodque</span> <span class='ocrx_word' id='word_1_496' title='bbox 858 4594 999 4658; x_wconf 88' lang='lat' dir='ltr'>salarium</span> <span class='ocrx_word' id='word_1_497' title='bbox 1017 4617 1115 4661; x_wconf 91' lang='lat' dir='ltr'>meum</span> <span class='ocrx_word' id='word_1_498' title='bbox 1134 4599 1268 4662; x_wconf 89' lang='lat' dir='ltr'>obtinere</span> <span class='ocrx_word' id='word_1_499' title='bbox 1284 4621 1331 4664; x_wconf 92' lang='lat' dir='ltr'>me</span> <span class='ocrx_word' id='word_1_500' title='bbox 1348 4603 1514 4682; x_wconf 89' lang='lat' dir='ltr'>patiuntur,</span> <span class='ocrx_word' id='word_1_501' title='bbox 1540 4605 1659 4668; x_wconf 82' lang='lat' dir='ltr'>faciunt</span> 
     </span>
     <span class='ocr_line' id='line_1_50' title="bbox 304 4685 1656 4768; baseline 0.006 -20"><span class='ocrx_word' id='word_1_502' title='bbox 304 4707 361 4749; x_wconf 92' lang='lat' dir='ltr'>uon</span> <span class='ocrx_word' id='word_1_503' title='bbox 385 4697 448 4750; x_wconf 88' lang='lat' dir='ltr'>tarn</span> <span class='ocrx_word' id='word_1_504' title='bbox 467 4705 520 4767; x_wconf 89' lang='lat' dir='ltr'>spe</span> <span class='ocrx_word' id='word_1_505' title='bbox 535 4695 712 4768; x_wconf 89' lang='lat' dir='ltr'>sequuturae</span> <span class='ocrx_word' id='word_1_506' title='bbox 728 4707 764 4748; x_wconf 83' lang='lat' dir='ltr'>ex</span> <span class='ocrx_word' id='word_1_507' title='bbox 780 4705 826 4748; x_wconf 93' lang='lat' dir='ltr'>me</span> <span class='ocrx_word' id='word_1_508' title='bbox 840 4685 990 4756; x_wconf 89' lang='lat' dir='ltr'>utilitatis,</span> <span class='ocrx_word' id='word_1_509' title='bbox 1014 4706 1103 4767; x_wconf 89' lang='lat' dir='ltr'>quam</span> <span class='ocrx_word' id='word_1_510' title='bbox 1126 4689 1329 4753; x_wconf 88' lang='lat' dir='ltr'>misericordia</span> <span class='ocrx_word' id='word_1_511' title='bbox 1352 4700 1384 4753; x_wconf 89' lang='lat' dir='ltr'>et</span> <span class='ocrx_word' id='word_1_512' title='bbox 1405 4701 1487 4754; x_wconf 89' lang='lat' dir='ltr'>metu</span> <span class='ocrx_word' id='word_1_513' title='bbox 1511 4694 1656 4758; x_wconf 88' lang='lat' dir='ltr'>sinistrae</span> 
     </span>
     <span class='ocr_line' id='line_1_51' title="bbox 305 4773 1656 4860; baseline 0.01 -24"><span class='ocrx_word' id='word_1_514' title='bbox 305 4777 534 4840; x_wconf 85' lang='lat' dir='ltr'>existimationis</span> <span class='ocrx_word' id='word_1_515' title='bbox 556 4795 648 4860; x_wconf 90' lang='lat' dir='ltr'>penes</span> <span class='ocrx_word' id='word_1_516' title='bbox 671 4794 725 4838; x_wconf 89' lang='lat' dir='ltr'>vos</span> <span class='ocrx_word' id='word_1_517' title='bbox 748 4777 778 4836; x_wconf 90' lang='lat' dir='ltr'>in</span> <span class='ocrx_word' id='word_1_518' title='bbox 801 4773 934 4854; x_wconf 91' lang='lat' dir='ltr'>imperio.</span> <span class='ocrx_word' id='word_1_519' title='bbox 971 4775 1021 4836; x_wconf 89' lang='lat' dir='ltr'>Ad</span> <span class='ocrx_word' id='word_1_520' title='bbox 1046 4776 1120 4838; x_wconf 89' lang='lat' dir='ltr'>haec</span> <span class='ocrx_word' id='word_1_521' title='bbox 1143 4777 1169 4838; x_wconf 91' lang='lat' dir='ltr'>si</span> <span class='ocrx_word' id='word_1_522' title='bbox 1188 4777 1220 4839; x_wconf 91' lang='lat' dir='ltr'>in</span> <span class='ocrx_word' id='word_1_523' title='bbox 1240 4779 1344 4843; x_wconf 87' lang='lat' dir='ltr'>schola</span> <span class='ocrx_word' id='word_1_524' title='bbox 1362 4781 1434 4844; x_wconf 87' lang='lat' dir='ltr'>mibi</span> <span class='ocrx_word' id='word_1_525' title='bbox 1453 4781 1656 4850; x_wconf 87' lang='lat' dir='ltr'>laborandum</span> 
     </span>
    </p>
   </div>
   <div class='ocr_carea' id='block_1_5' title="bbox 0 0 1781 5528">
    <p class='ocr_par' dir='ltr' id='par_1_5' title="bbox 0 0 1781 5528">
     <span class='ocr_line' id='line_1_52' title="bbox 0 0 1781 5528; baseline 0 0"><span class='ocrx_word' id='word_1_526' title='bbox 0 0 1781 5528; x_wconf 95' lang='lat' dir='ltr'> </span> 
     </span>
    </p>
   </div>
  </div>
 </body>
</html>
