3586 5518
742 255 904 310 Fumantem.
1460 252 1503 318 79

118 402 347 472 iuuereedeux
375 422 531 494 erogetur
558 413 786 491 uovoertilioi,
813 415 926 495 quiex
947 433 1018 476 aere
1046 432 1121 493 opus
1155 414 1309 487 eonbeiat3
1336 411 1504 491 eujusmodi

120 493 262 558 bominem
286 499 580 582 horologiopaeum
604 504 660 565 bae
684 503 713 565 in
737 504 809 566 urbe
832 511 1025 583 praesentem
1048 501 1160 575 habeo,
1183 503 1269 582 eujus
1288 501 1358 564 mibi
1381 501 1506 580 placent

123 601 213 664 opera
264 585 382 650 Globo
410 609 487 654 vero
513 591 582 671 quid
606 593 724 674 sculpto
743 611 818 672 opus
843 593 911 655 est?
956 587 1118 671 Pingatur,
1143 591 1265 665 utillo,
1291 589 1504 670 quemMona-

125 673 174 736 thii
195 675 283 750 vidi,
320 682 422 746 (lunio
442 702 469 740 a.
491 685 571 746 isat,
595 689 754 758 stuttgardie
771 690 883 741 Gratim
908 689 1046 753 proieetus,
1069 689 1229 740 Monasbium
1251 691 1342 740 uanut
1359 685 1505 754 Keplerus.)

128 763 259 844 sipiani
284 785 390 850 opus,
419 769 612 850 quiquidem
636 773 728 834 etiam
751 772 858 834 stellas
882 772 955 834 lesit
977 769 1135 832 exemtiles
1163 779 1287 850 propter
1311 771 1504 850 praesessio-

130 871 191 916 uem
213 857 500 936 aequinoctiorum.

196 1013 271 1064 Hane
291 1013 403 1078 Kepleri
423 993 576 1066 sententiism
595 1017 626 1065 de
644 1017 787 1067 innovando
805 1018 903 1081 penitus
923 1033 967 1068 seu
986 1017 1142 1067 dissolvenda
1160 1014 1278 1066 machina
1290 1017 1399 1075 coelesti,
1419 1033 1502 1082 quem,

133 1091 158 1134 nt
175 1099 188 1134 e
205 1084 341 1135 Maesulini
359 1086 458 1149 judicio
477 1101 552 1150 supra
570 1089 692 1151 proposito
712 1095 737 1137 et
756 1103 769 1138 e
788 1089 947 1153 sequentibus
966 1089 1069 1152 patebit,
1087 1088 1161 1151 plane
1180 1087 1300 1137 diversam
1321 1089 1353 1137 ab
1372 1103 1410 1144 ea,
1429 1103 1503 1154 quam
1561 1145 1563 1148 ¹

134 1169 204 1220 supra
220 1159 331 1221 principi
351 1159 502 1222 scripserat,
529 1158 707 1208 confisieudam
726 1165 865 1217 statuerat,
890 1159 1038 1209 Meestlinua
1057 1173 1132 1224 aegre
1150 1159 1261 1215 ferebat,
1287 1161 1422 1224 anxiusque
1440 1160 1503 1210 baeo

134 1229 255 1292 metipsit
273 1227 314 1289 (d.
334 1225 380 1278 30.
395 1227 453 1278 Oet.
468 1225 504 1290 (9.
519 1225 595 1290 Ner)
613 1225 708 1290 1590:
732 1230 771 1280 De
787 1245 860 1294 opere
879 1237 999 1296 argenteo
1017 1230 1075 1295 quid
1093 1229 1199 1280 scribam
1218 1231 1391 1295 propemodum
1409 1233 1502 1288 neseio,

135 1313 282 1364 quamquam
302 1300 439 1350 scribenda
457 1299 536 1350 multa
553 1300 677 1350 haberem.
716 1300 788 1361 Quae
811 1303 881 1350 initio
904 1302 1046 1352 metuebam
1068 1308 1094 1350 et
1116 1303 1208 1352 taoltus
1234 1315 1329 1351 meeum
1353 1302 1503 1366 cogitabam,

137 1369 269 1420 edisserere
290 1379 378 1420 autem
400 1385 477 1420 ausus
495 1385 545 1421 uon
564 1371 607 1429 iul,
627 1386 659 1421 aa
674 1375 728 1435 jam
746 1374 871 1423 eveniunt.
908 1372 1005 1429 Metui,
1026 1372 1121 1436 oblique
1140 1373 1215 1422 etiam
1235 1372 1297 1429 dlxi,
1317 1373 1437 1422 immanes
1456 1387 1502 1423 uec

135 1441 276 1492 tolerabiles
295 1442 368 1492 illud
376 1451 472 1491 sumtus
490 1443 669 1506 requisiturum.
708 1443 860 1494 Dissuadere
879 1457 953 1494 susus
971 1458 1020 1492 non
1039 1443 1087 1500 ini,
1111 1458 1143 1492 ne
1162 1442 1229 1492 alind
1247 1459 1287 1492 me
1305 1457 1423 1508 quaerere
1441 1445 1502 1492 tuis-

136 1524 182 1576 que
198 1513 335 1563 bonoribus
354 1513 412 1577 quid
431 1511 562 1562 detrahere
579 1512 642 1563 rebe
660 1513 768 1572 viderer,
792 1515 937 1578 praesertim
962 1528 1018 1564 eum
1043 1529 1082 1563 res
1105 1515 1159 1578 ipsa
1183 1513 1242 1562 mibi
1261 1515 1360 1580 egregie
1378 1515 1501 1577 probetur,

136 1591 162 1632 st
179 1585 309 1634 inventum
332 1585 453 1634 videlieet
474 1585 505 1633 de
530 1583 578 1633 hae
603 1584 748 1636 admiranda
774 1587 867 1634 orbium
891 1586 977 1635 mundi
1001 1586 1155 1649 proporu'one
1178 1585 1280 1635 misiliee
1306 1585 1366 1634 mibi
1393 1585 1501 1649 pleoeat.

135 1653 207 1704 Unde
226 1669 275 1720 ego
294 1655 327 1705 de
346 1669 406 1706 mee
424 1657 552 1705 sententia
572 1657 703 1721 requisitus
729 1658 895 1720 maximopere
919 1653 979 1718 (neo
999 1653 1132 1714 immerito)
1150 1655 1198 1706 boo
1216 1662 1285 1706 mum
1304 1658 1432 1706 inreritum
1450 1655 1500 1706 eol·

134 1725 243 1775 ludam
275 1725 326 1790 Spe
345 1731 430 1776 autem
450 1740 482 1776 ea
499 1727 605 1786 fruebar,
625 1742 686 1790 opus
704 1727 763 1776 illud
782 1728 923 1778 conlectum
941 1729 971 1776 iri
989 1734 1014 1777 te
1033 1729 1085 1791 ipso
1107 1727 1219 1776 dictante
1238 1733 1264 1776 et
1281 1733 1421 1792 praesente,
1441 1729 1500 1793 quia

137 1799 218 1846 omnia
244 1799 322 1848 etiam
347 1797 514 1846 minutissima
538 1812 555 1846 a
579 1805 605 1847 te
630 1799 903 1862 benepraemeditata
927 1813 981 1847 esse
1001 1797 1080 1860 allata
1098 1805 1179 1846 certus
1199 1812 1274 1846 eram.
1312 1797 1385 1847 Nune
1405 1806 1500 1854 sutem,

137 1881 192 1917 rum
210 1869 243 1918 ad
261 1884 304 1917 me
322 1868 465 1918 devolutum
483 1870 529 1926 sit,
555 1876 580 1917 et
598 1883 645 1934 ego
664 1885 703 1918 me
721 1871 840 1932 imperem
865 1870 979 1925 edeam,
1006 1876 1035 1918 ut
1057 1869 1114 1918 bule
1133 1867 1238 1918 Veneris
1264 1869 1340 1933 rapiti
1364 1869 1395 1918 ab
1417 1868 1501 1933 Apelle

137 1947 223 2004 coepto
240 1940 363 2004 reliquum
382 1953 472 2002 eorpus
491 1940 637 2006 appingam,
662 1940 726 2005 quod
742 1947 875 1990 venustate
894 1947 921 1990 et
939 1940 1043 1990 ardinio
1062 1941 1267 2003 eomespondeat,
1287 1940 1374 1990 dubius
1392 1942 1501 2004 proiecto

138 2025 206 2067 snm,
228 2012 376 2076 praesertim
399 2025 456 2060 eum
475 2011 575 2060 artificis
593 2025 681 2060 manus
700 2013 725 2060 in
744 2011 822 2062 stellis
840 2011 981 2075 sculpendis
1000 2026 1102 2076 segnem
1120 2025 1148 2060 se
1166 2011 1307 2075 prodiderit
1345 2011 1445 2062 Etenim
1463 2011 1500 2060 lll.

137 2083 413 2146 prinsipemoffensum
431 2082 461 2129 iri
481 2081 639 2131 vehementer
656 2089 754 2140 metim
779 2085 800 2131 si
818 2084 884 2132 enim
903 2085 928 2131 ln
947 2084 1075 2147 spongiam
1095 2083 1184 2138 abeat,
1202 2082 1260 2146 quid
1278 2083 1400 2132 dicturum
1418 2089 1500 2146 putas,

138 2163 192 2218 post
209 2161 294 2203 tantos
309 2156 363 2215 jam
382 2154 463 2202 lectos
481 2161 576 2201 sumtus
594 2155 619 2202 in
638 2155 751 2210 invento,
778 2162 866 2203 mma
891 2161 933 2209 te,
959 2167 1034 2218 quam
1053 2167 1126 2202 ame
1145 2154 1337 2217 supramodum
1356 2153 1500 2203 celebrato?

139 2221 166 2274 Si
183 2238 243 2288 opus
261 2225 427 2288 producetur,
448 2231 474 2272 st
492 2225 556 2273 siout
574 2233 688 2288 coeptum
706 2231 760 2280 est,
780 2226 952 2282 continuetur,
971 2239 1018 2274 nee
1038 2223 1157 2274 sumtibus
1177 2229 1221 2272 eut
1240 2225 1344 2274 ertiflmo
1362 2226 1438 2275 etiam
1458 2239 1499 2274 ex·

138 2295 445 2360 pemmonireapondsat,
463 2295 522 2359 quid
534 2297 640 2344 iutumm
652 2294 812 2358 putabimus?
841 2295 885 2346 Sin
903 2297 929 2344 in
950 2295 1057 2353 „chaos“
1077 2295 1213 2360 redigatur,
1232 2303 1262 2344 ut
1278 2310 1368 2345 uerum
1387 2305 1500 2360 exurgat,

140 2367 192 2430 quis
209 2375 305 2416 sumtus
320 2369 374 2430 jam
393 2367 476 2416 laotos
493 2365 575 2416 ieret?
596 2395 628 2404 -
654 2366 727 2416 Nune
745 2375 831 2416 sutem
849 2367 924 2424 mihi,
943 2367 1001 2431 quid
1019 2366 1144 2432 agendum
1162 2367 1209 2424 sit,
1229 2366 1426 2430 respondendum
1445 2374 1498 2423 ests

139 2452 196 2487 nam
214 2438 246 2487 ab
264 2438 433 2487 illustrissimo
451 2439 590 2500 nuperrime
610 2438 640 2487 de
659 2453 775 2502 responso
794 2437 934 2488 admonitus
953 2453 1014 2488 sum.
1053 2436 1175 2486 Constitui
1193 2438 1268 2502 igitur
1289 2453 1328 2488 me
1353 2438 1500 2502 aduertens

139 2505 243 2558 Domim
256 2508 288 2558 D.
304 2509 477 2574 Eiseugreinio
490 2510 636 2572 respondere
656 2509 726 2567 velle,
747 2515 772 2558 et
790 2514 869 2564 tuum,
888 2508 953 2573 quod
971 2509 1034 2558 binis
1052 2508 1128 2558 literis
1147 2507 1206 2558 mihi
1225 2510 1351 2572 scripsisti,
1371 2509 1498 2558 eonsilium

140 2581 277 2642 explicam
303 2593 427 2645 eumque,
454 2579 511 2642 quid
528 2595 600 2644 perro
618 2580 759 2631 laciendum
777 2587 865 2646 putet,
890 2593 997 2646 rogare,
1022 2582 1060 2630 ita
1082 2587 1111 2630 ut
1133 2578 1253 2630 offensam
1272 2581 1387 2645 principis
1406 2581 1498 2630 exitere

140 2653 263 2712 pommus.

210 2725 264 2788 Age
281 2721 352 2771 Deus
371 2721 440 2770 adsit
458 2722 568 2784 coeptis!
605 2721 677 2772 Haeo
701 2722 905 2772 festinantissime
931 2722 1044 2780 calamo,
1072 2723 1136 2771 siout
1158 2729 1212 2771 tute
1237 2722 1337 2772 ridebis.
1375 2721 1496 2778 Proxime,

142 2792 234 2844 salente
252 2792 318 2849 Deo,
339 2793 421 2857 plura
458 2791 524 2842 Vale
542 2807 599 2843 eum
617 2795 722 2859 eonjuge
740 2793 888 2844 felicissime.

208 2970 246 3020 ad
262 2971 327 3022 liaeo
345 2971 475 3035 respoudit
489 2969 614 3034 Keplerus
633 2970 657 3020 d.
680 2969 719 3020 15.
739 2969 825 3020 Martii
847 2965 921 3018 1598.
932 2969 1019 3034 peusis
1037 2967 1104 3017 buno
1122 2968 1148 3016 iu
1166 2967 1283 3017 modum:

223 3095 358 3156 Transeo
384 3094 423 3154 ad
439 3094 607 3173 Penelopes
631 3095 734 3155 telam.
773 3092 815 3154 Et
834 3111 942 3154 maneo
966 3093 994 3154 iu
1015 3089 1146 3172 pristina
1164 3091 1326 3155 sententia.
1373 3091 1407 3153 Sl
1423 3090 1496 3154 mihi

142 3181 192 3242 illa
211 3201 314 3244 massa
336 3181 457 3262 argenti
482 3183 617 3258 deretur,
651 3183 732 3243 uude
753 3181 964 3245 automatsrlis
989 3181 1182 3261 suppeditare
1205 3198 1340 3260 possem,
1364 3181 1496 3243 instrue·

143 3287 200 3331 rem
222 3273 409 3351 horologium
433 3272 582 3346 eoeleste;
610 3279 718 3350 postea
742 3279 858 3332 tentum
882 3271 976 3345 filum,
1007 3271 1045 3331 sd
1074 3271 1333 3349 repraesentanda
1360 3287 1497 3350 corpora,

144 3359 399 3422 circumdecerem.
445 3359 539 3423 Esset
562 3369 663 3422 autem
686 3360 759 3422 illud
779 3360 856 3435 tale,
889 3367 939 3436 ut,
972 3360 998 3420 si
1022 3377 1060 3420 ex
1082 3360 1152 3439 polo
1176 3359 1334 3440 eclipticas
1358 3359 1424 3439 quis
1447 3359 1497 3422 iu·

144 3449 284 3527 spiceret,
308 3450 427 3512 rideret
445 3450 586 3529 planetas
609 3449 638 3510 in
664 3449 726 3511 suis
750 3449 854 3527 signis.

226 3537 312 3610 Quod
343 3547 444 3600 autem
477 3539 582 3602 literas
611 3538 657 3599 ita
679 3538 810 3618 scriptas
834 3537 894 3610 ais,
924 3543 959 3598 ut
981 3553 1039 3596 non
1070 3534 1188 3616 possint
1211 3535 1376 3614 lsengrinio
1406 3537 1496 3612 tradi,

146 3645 213 3704 age,
244 3629 374 3690 oblitera
398 3627 463 3701 ills,
497 3647 572 3708 qnae
596 3643 756 3706 personam
780 3627 845 3707 ejus
870 3625 1019 3696 attinent,
1043 3632 1203 3704 praetextu
1228 3624 1316 3686 laoile
1334 3626 1377 3687 uti
1397 3634 1496 3704 potes.

147 3713 220 3793 Ego,
243 3718 298 3778 uisi
322 3726 375 3778 tue
395 3717 521 3779 consilio
546 3717 588 3778 uti
613 3717 792 3788 voluissem,
817 3733 890 3776 sane
912 3714 951 3775 ad
966 3716 1069 3793 ipsum¹
1082 3714 1270 3792 scripsissem
1288 3714 1495 3793 lseugriniunt.

147 3800 209 3864 Jsm
238 3815 307 3886 post
339 3807 450 3866 festum
483 3807 615 3867 seribere
644 3824 702 3866 non
735 3823 868 3885 possum.
916 3803 1016 3865 Nolim
1047 3811 1161 3876 temen,
1195 3819 1291 3882 neque
1324 3803 1369 3864 bis
1401 3823 1496 3883 neque

150 3895 341 3970 superioribus
366 3904 482 3968 motus,
513 3893 669 3956 abstineas
694 3894 732 3956 ab
761 3913 810 3967 eo,
845 3892 926 3972 quud
951 3890 1004 3952 tibi
1030 3891 1141 3952 lactum
1172 3891 1315 3970 optimum
1338 3892 1496 3954 videbitur.

148 3978 231 4057 barn,
253 3985 301 4064 qui
325 3985 363 4044 de
386 3993 441 4045 tua
465 3983 675 4045 benevolentia
698 3984 849 4046 minimum
874 4000 931 4042 nou
956 3979 1074 4051 dubito,
1098 3999 1155 4041 non
1174 3998 1297 4059 possum
1320 3999 1378 4042 non
1401 3982 1496 4043 vehe-

149 4083 252 4135 menter
273 4073 418 4153 probare,
443 4071 585 4152 quidquid
610 4073 733 4134 taudem
756 4069 913 4133 statueris.
959 4069 1065 4148 Neque
1089 4069 1196 4146 exiguo
1215 4069 1312 4147 majus
1332 4077 1392 4144 est,
1418 4070 1497 4150 quod

146 4157 181 4218 de
201 4169 228 4221 te
255 4181 359 4242 spero,
390 4179 481 4242 quam
510 4161 753 4239 de‘lsengrinio,
786 4159 924 4240 quamvis
954 4159 1037 4220 illurn
1071 4157 1142 4218 mibi
1168 4157 1270 4219 favere
1293 4157 1384 4230 diois,
1418 4159 1496 4238 qnod

146 4255 203 4309 tute
225 4255 333 4332 optime
358 4269 451 4313 nosse
474 4251 599 4330 poteris.

205 4412 267 4464 linis
277 4411 384 4476 Keplerl
397 4409 521 4474 epistulae
537 4403 702 4473 praecessisse
720 4406 815 4456 ridetur
833 4403 884 4454 alia
902 4403 1033 4468 explicatio
1050 4403 1182 4454 maelriuae
1201 4417 1262 4454 suae
1279 4403 1404 4458 eoelestis,
1421 4415 1496 4466 quam

142 4485 253 4548 usquein
270 4481 421 4538 Hanselrio,
441 4495 523 4546 neque
540 4482 605 4530 inter
622 4478 792 4540 manuscripta
809 4475 995 4540 stuttgartiane
1013 4473 1237 4538 deprehendimus,
1255 4489 1377 4540 quamque
1396 4478 1495 4521 secutus

139 4551 275 4605 blaesdinus
299 4555 428 4618 judicium
457 4567 528 4600 suum
555 4565 630 4615 supra
656 4549 806 4614 propositum
832 4543 869 4606 (d.
889 4546 912 4594 d.
933 4543 974 4595 22.
995 4545 1066 4595 Febr.
1086 4543 1128 4594 98.
1155 4550 1203 4594 ret.
1230 4542 1299 4608 styli)
1326 4542 1493 4594 conformavit.

138 4623 243 4678 Ceterum
261 4626 399 4691 sepem,
420 4637 485 4672 noro
504 4628 576 4686 eapte
594 4623 702 4686 impetu,
722 4635 773 4670 rem
792 4617 899 4668 daenes
917 4617 991 4680 paulo
1009 4624 1066 4681 post
1083 4629 1216 4681 aggressus
1235 4623 1281 4672 est,
1300 4613 1406 4676 plumbus
1424 4625 1494 4658 men·

136 4705 180 4748 tem
196 4713 264 4750 snus
282 4698 418 4762 uplism
436 4693 516 4744 literis
533 4695 558 4744 d.
570 4695 594 4744 d.
616 4692 657 4742 ll.
670 4692 740 4744 ,lunii
760 4685 837 4746 ¹598,
855 4701 924 4752 quas,
943 4688 1030 4754 lingna
1048 4687 1200 4738 Gemanica
1215 4687 1280 4736 buno
1298 4686 1325 4732 ln
1342 4681 1417 4730 finem
1435 4694 1494 4732 sou·

132 4773 231 4838 Rupis,
248 4781 277 4824 ut
294 4769 365 4822 Duei
384 4766 515 4818 Fridsriuo
534 4764 572 4816 rel
590 4764 750 4831 Eiseugrenio
768 4759 938 4819 traderentur,
957 4759 1004 4810 baa
1021 4757 1116 4839 habeat
