3674 5528
702 305 733 354 ne
752 305 823 355 aaa
842 305 1002 370 natones.
1466 305 1530 372 ele

169 459 306 526 qualitates
326 459 421 525 aliquid
439 461 505 512 allud
524 461 556 512 ad
574 475 620 512 ncs
637 461 784 522 redundare,
804 461 842 512 rel
861 464 882 512 si
900 463 957 528 quid
975 465 1111 528 proveniat,
1130 463 1157 512 ld
1174 462 1246 520 lucis,
1264 464 1303 514 rel
1315 465 1422 514 mxime
1443 466 1530 516 celcris

170 531 290 584 beneficio
310 531 343 581 ad
362 547 408 582 nos
426 533 574 599 pertingere.
612 532 768 598 astrologica
792 547 848 583 vero
867 535 1020 598 experientia
1037 539 1157 591 testatum
1186 532 1302 598 planetas
1320 534 1365 584 sub
1383 534 1461 586 Terra
1479 539 1529 588 exl-

170 609 279 660 steutes,
299 615 374 668 quum
393 617 440 653 nec
458 603 540 655 lumen
559 617 606 656 nec
625 604 733 654 caluam
750 610 822 654 suum
840 604 873 655 ad
891 619 939 654 noa
955 605 1096 663 demittant,
1115 603 1216 656 vitalem
1231 610 1257 654 et
1269 603 1440 656 abscissoriam
1458 621 1530 658 suern

170 675 294 732 virtutem,
313 679 342 722 ut
360 680 387 724 et
405 673 467 724 alios
486 674 589 725 effectus
608 688 729 725 exercere.
767 673 882 738 Sequitur
892 676 976 740 igitur,
995 681 1021 725 et
1037 682 1137 740 praeter
1153 675 1234 726 lucem
1252 680 1278 724 et
1292 675 1398 726 calorem
1412 677 1530 727 asaelem

171 743 234 794 Solis
253 743 340 794 stellas
360 746 437 794 etiarn
455 743 517 794 alias
535 748 637 795 virtutes
655 744 766 802 babere,
794 759 859 810 quae
884 759 931 795 nec
956 747 1005 796 luci
1031 761 1078 796 nec
1103 745 1177 796 calori
1205 745 1302 794 illarum
1323 753 1382 794 sunt
1400 747 1528 812 alligatae.

171 813 314 876 Quaeritur,
333 831 392 864 uum
410 816 476 864 solus
495 816 563 866 calor
581 815 645 866 Solis
664 816 773 866 vivificus
793 823 861 866 motu
879 831 923 866 suo
943 830 1026 866 annuo
1045 819 1128 867 curuis
1145 822 1252 881 vegetet,
1271 816 1330 881 quid
1346 817 1422 880 igitur
1441 819 1529 868 atellae

170 893 250 951 agunt
269 886 303 936 ad
322 893 459 936 ceterarum
477 901 558 936 rerum
578 884 808 937 comessationem?
844 885 955 937 Necesse
973 889 1028 945 erit,
1047 887 1095 937 illis
1114 887 1190 938 aliam
1208 889 1289 938 inesse
1307 889 1356 936 rim
1376 895 1402 937 et
1420 891 1530 938 animaru

170 957 290 1006 umam
308 957 441 1015 occultam,
460 971 534 1022 qnam
551 959 727 1008 insensibiliter
738 959 922 1009 communicant
933 957 1005 1008 robus
1018 959 1116 1010 creatis.
1143 955 1206 1007 Solis
1219 963 1320 1007 externo
1343 957 1425 1008 calore
1446 962 1531 1010 cineis

170 1035 336 1092 vegetanture
361 1029 402 1091 qui
420 1028 441 1077 ei
459 1044 508 1078 non
527 1029 689 1093 percipiatur,
708 1027 769 1078 nibil
788 1028 856 1078 calor
873 1029 984 1079 internus
1003 1034 1030 1078 et
1048 1029 1158 1078 eccultus
1175 1028 1258 1078 iacere
1276 1033 1370 1090 potest;
1399 1030 1436 1078 sic
1454 1035 1481 1079 et
1499 1029 1529 1080 de

169 1098 248 1148 stellis
264 1098 436 1161 judicandum,
458 1105 483 1148 et
501 1113 547 1150 eae
566 1106 693 1149 externum
712 1098 820 1149 calorem
839 1114 888 1148 non
906 1099 1009 1158 habeut,
1029 1113 1087 1164 erge
1105 1113 1153 1149 nac
1171 1099 1220 1147 vlrn
1238 1098 1377 1149 vivificandi
1391 1098 1442 1149 Scll
1462 1113 1527 1150 cour·

170 1185 289 1224 munem,
320 1183 425 1219 necessa
443 1175 482 1220 est
499 1171 591 1236 igitur,
623 1171 735 1222 occultas
753 1170 800 1218 illis
823 1171 905 1221 inesse
923 1172 987 1220 vires
1009 1177 1035 1220 et
1052 1170 1223 1226 influentiam,
1254 1183 1328 1234 mm
1347 1172 1530 1222 communicent

170 1242 270 1290 creatis.
307 1240 373 1305 Ergo
391 1240 481 1291 falsum
498 1241 554 1298 hoc,
573 1240 659 1291 stellas
678 1240 733 1292 luce
752 1245 778 1290 et
795 1247 865 1292 metu
882 1255 958 1306 agera
976 1242 1064 1299 solum,
1082 1241 1152 1291 nulla
1171 1240 1223 1291 elia
1239 1241 1344 1291 ratione.

258 1363 463 1442 Keplerus:
494 1363 541 1425 An
566 1365 650 1425 calor·
673 1371 704 1425 et
727 1365 778 1426 lux
799 1364 842 1425 ait
862 1363 1031 1426 vehiculum
1046 1362 1189 1424 virtutum
1203 1363 1395 1425 sideralium?
1417 1364 1526 1427 Nonne

169 1451 273 1513 omnia
296 1451 509 1514 dilucidissime
534 1453 660 1514 distinxi
683 1451 712 1514 iu
738 1451 959 1514 fundamentis?
1005 1452 1050 1512 Tu
1073 1470 1144 1514 vero
1168 1451 1240 1514 mihi
1265 1453 1416 1532 negotium
1439 1453 1527 1515 exhi-

170 1540 223 1601 bes
247 1559 306 1603 non
331 1540 542 1602 necessarium.
589 1539 747 1612 Quatenus
775 1541 827 1602 lox
858 1548 906 1602 est
937 1539 1106 1603 vehiculum
1137 1539 1274 1617 illarum,
1312 1560 1370 1603 nou
1396 1551 1467 1604 sunt
1497 1541 1527 1604 iu

91 1659 94 1668 ·
169 1647 281 1706 magna
303 1628 454 1690 varietate
476 1629 525 1691 vel
548 1629 768 1691 inconstantia:
800 1648 876 1710 quae
899 1647 971 1690 vero
994 1627 1023 1690 in
1048 1629 1113 1691 dies
1137 1635 1303 1704 mutantur,
1328 1648 1435 1708 nempe
1458 1630 1526 1710 ple·

170 1735 262 1796 reque
287 1735 399 1792 eorum,
424 1735 500 1797 quae
524 1718 717 1780 considerant
732 1717 886 1797 astrologi,
913 1723 983 1779 sunt
1005 1734 1098 1796 opera
1116 1736 1174 1779 uon
1190 1717 1354 1792 stellarum,
1380 1719 1434 1779 sed
1453 1719 1527 1780 sub-

168 1804 317 1866 lunarium
342 1806 495 1880 mentium,
520 1825 596 1888 quae
615 1806 794 1886 ,camoribus
817 1805 1008 1886 praesident,
1032 1813 1063 1868 et
1086 1813 1236 1868 astrorum
1259 1805 1368 1869 sitibus
1393 1808 1526 1886 configu-

100 1923 105 1930 ’
166 1892 397 1974 rationibusque
421 1887 531 1956 mutuis
555 1904 713 1957 moventur
736 1903 769 1956 ut
793 1893 931 1974 objectis.
977 1894 1042 1983 Nec
1057 1892 1208 1956 Saturnus
1232 1902 1281 1957 est
1303 1893 1457 1956 abscissos
1472 1915 1529 1957 sua

166 1991 289 2058 natura,
315 1983 371 2043 sed
391 1983 606 2064 imaginatione
631 1982 786 2045 facultatis
801 1983 903 2045 vitalis
926 1981 957 2045 in
972 1992 1043 2044 nato
1067 1983 1195 2058 humine,
1221 2000 1297 2063 quae
1321 1984 1527 2046 theramenem

86 2063 89 2076 ¹
167 2071 335 2132 coelestem
359 2071 388 2132 iu
413 2091 481 2132 esse
505 2082 538 2135 et
560 2072 623 2134 fieri
647 2072 763 2145 (radice
787 2081 819 2134 et
841 2071 1022 2145 directione)
1050 2069 1081 2133 in
1104 2090 1137 2134 ee
1161 2072 1310 2151 suscepit,
1340 2091 1464 2154 eumque
1489 2073 1526 2134 ad

165 2159 259 2222 finem
281 2159 365 2220 vitae
389 2159 580 2224 circumfert:
605 2179 662 2221 uon
687 2160 824 2233 otiosum,
850 2161 903 2222 sed
927 2161 1025 2222 instar
1048 2160 1159 2241 objecti
1183 2160 1318 2230 alterins,
1343 2161 1380 2222 ad
1400 2180 1526 2223 maneu-

165 2257 230 2310 tern
260 2254 293 2308 et
322 2248 580 2327 praescribentem
612 2249 843 2310 commotionum
875 2249 1011 2311 vitalium
1042 2249 1223 2311 naturalium
1247 2249 1418 2311 animalium
1444 2251 1527 2331 leges

165 2344 198 2398 et
223 2335 432 2412 incitamenta,
457 2356 533 2418 quae
557 2334 708 2412 eveniunt,
733 2344 763 2398 et
787 2337 816 2398 iu
841 2356 915 2418 opus
929 2337 1079 2417 prodeunt
1093 2337 1269 2400 salutariter
1287 2338 1335 2399 vel
1349 2339 1526 2417 perniciose,

164 2443 222 2504 pro
246 2425 387 2503 subjecta
410 2427 539 2488 materia
562 2433 594 2488 et
616 2425 850 2488 circumstantiis
874 2427 1015 2496 locorum,
1041 2435 1217 2507 temporum,
1242 2425 1343 2488 dietae
1362 2435 1419 2489 etc.
1460 2427 1526 2490 Ne-

164 2532 225 2593 que
250 2515 334 2574 coelo
359 2513 487 2576 virtutes
511 2515 646 2577 occultas
669 2521 703 2575 et
724 2513 962 2591 irrationabiles,
997 2514 1051 2576 sed
1083 2514 1203 2576 animae
1233 2515 1333 2594 potius
1364 2515 1526 2577 facultates

164 2602 309 2664 sensibus
333 2621 393 2664 nou
416 2611 537 2665 utentes
559 2603 668 2678 tribuo,
693 2620 750 2664 uon
775 2622 853 2664 nova
876 2604 987 2683 specie,
1013 2602 1112 2665 sciunt
1135 2604 1331 2666 enimomnes
1355 2604 1392 2666 de
1412 2605 1525 2666 forma-

164 2690 234 2752 trici
272 2690 435 2766 facultate,
479 2710 554 2772 qnae
587 2709 646 2754 non
675 2709 712 2752 ex
743 2691 931 2772 praescripto
959 2699 1061 2754 tactus
1091 2711 1148 2753 sua
1183 2692 1285 2754 munia
1324 2691 1526 2763 administrat,

164 2779 263 2840 multo
287 2779 386 2842 minus
411 2799 448 2841 ex
472 2781 598 2843 aliorum
622 2798 779 2854 sensuum,
813 2782 867 2842 scd
891 2799 929 2842 ex
957 2780 1064 2842 intima
1086 2780 1204 2842 ratione
1232 2779 1302 2841 iude
1330 2800 1350 2840 a
1373 2777 1527 2842 creatione

164 2867 221 2928 sibi
248 2867 482 2931 communicata.
516 2867 606 2939 Quod
630 2868 657 2930 si
680 2887 770 2931 sensu
795 2869 897 2944 utitur,
922 2875 956 2930 ut
971 2869 1130 2930 formatrix
1152 2867 1183 2930 in
1197 2868 1293 2931 Terra
1307 2886 1398 2930 seusu
1413 2887 1524 2944 eorum,

165 2973 242 3036 quae
279 2964 352 3019 suut
384 2957 421 3018 de
444 2957 599 3038 praesenti
629 2957 660 3019 in
692 2958 815 3034 mundo,
849 2957 920 3020 dum
950 2955 1210 3018 insubterraneis
1239 2955 1364 3036 effugiet
1386 2955 1528 3018 sensibus

163 3043 336 3120 hominum
375 3053 409 3108 ut
440 3046 597 3108 formatrix
629 3046 736 3108 matris
774 3065 865 3108 sensu
893 3053 1044 3108 astrorum
1074 3045 1262 3108 redeuntium
1292 3046 1332 3106 ad
1355 3047 1447 3108 situm
1471 3064 1525 3108 suo

163 3133 308 3207 similem,
333 3141 416 3196 certe
439 3134 465 3196 is
490 3153 597 3197 sensus
620 3153 679 3196 non
702 3153 740 3196 ex
763 3135 955 3216 vulgatorum
978 3135 1107 3215 quinque
1129 3153 1251 3197 numero
1275 3133 1344 3196 erit.

252 3235 324 3302 Soli
349 3239 485 3319 equidem
508 3239 684 3319 potissimas
708 3239 815 3302 tribuo
831 3240 861 3302 iu
877 3240 1056 3315 actionibus,
1081 3259 1157 3321 quae
1181 3249 1253 3302 suut
1275 3239 1373 3302 stellis
1387 3238 1526 3320 propriae

163 3335 194 3389 et
216 3327 384 3409 genuinae.
431 3328 476 3389 At
497 3327 529 3389 in
552 3328 610 3390 hac
633 3329 749 3392 ratione
773 3329 886 3410 objecti
915 3337 945 3391 et
969 3329 1135 3391 animorum
1169 3329 1262 3391 ceteri
1285 3329 1427 3409 planetae
1450 3347 1527 3410 pene

161 3417 226 3495 pari
248 3435 350 3498 passu
373 3435 440 3480 cum
464 3414 536 3479 Sole
560 3417 724 3492 ambulant,
749 3426 783 3480 ut
805 3418 903 3499 majus
927 3413 1172 3480 sit'mcmenturn
1195 3417 1225 3478 in
1250 3414 1357 3496 (fiili,
1382 3435 1471 3497 quam
1496 3417 1525 3478 io

163 3503 297 3582 όΘόε
334 3505 405 3585 quia
427 3504 503 3584 conj.
531 3514 579 3566 est
600 3507 782 3568 modificatio
806 3507 975 3586 objectiva,
1000 3506 1100 3568 nitens
1123 3525 1181 3568 non
1207 3516 1313 3568 natura
1336 3507 1526 3585 planetarum

163 3595 343 3668 relatorum,
369 3595 423 3655 sed
448 3594 662 3673 imaginatione
686 3595 872 3674 geometrica
895 3595 1055 3668 mentium,
1081 3615 1157 3675 quae
1181 3596 1355 3675 praesident
1378 3595 1525 3678 patienti-

164 3682 218 3743 bus
243 3682 436 3762 corporibus.
482 3682 567 3743 Haec
592 3683 707 3745 centies
730 3683 759 3744 iu
785 3684 880 3746 literis
905 3685 943 3746 ad
968 3685 1011 3745 'l'e
1035 3685 1169 3746 invenies
1193 3684 1353 3746 inculcata

231 3821 427 3872 Fabricius:
452 3821 510 3873 Jam
529 3821 561 3872 ad
581 3821 638 3872 alia
672 3821 796 3883 Concedo,
815 3825 965 3875 Mercurium
983 3837 1043 3888 prae
1063 3824 1117 3874 aliis
1135 3825 1161 3875 iu
1179 3839 1223 3875 auc
1241 3830 1310 3876 motu
1323 3839 1376 3876 ease
1395 3825 1525 3876 incertum.
1578 3877 1581 3884 ,

161 3891 232 3942 Facit
254 3893 310 3944 lice
333 3897 452 3956 exparte
476 3893 622 3942 amonendi
639 3895 843 3954 incommoditas,
870 3895 1028 3946 latitudinum
1046 3895 1175 3960 implicata
1191 3897 1300 3946 varietas
1319 3895 1364 3947 dte.
1401 3895 1527 3946 Videntur

162 3971 245 4014 autern
265 3971 324 4014 tres
341 3963 500 4013 latitudinum
519 3963 614 4028 species
632 3964 666 4015 sd
684 3965 747 4016 duas
765 3962 816 4027 (rel
835 3967 911 4018 ctiam
929 3980 1005 4016 unam
1024 3967 1050 4015 in
1061 3963 1174 4026 Venere)
1195 3967 1323 4017 commode
1341 3967 1426 4018 reduci
1438 3981 1527 4032 possae

161 4036 186 4083 iu
203 4033 368 4100 longitudine
386 4047 481 4098 quoque
499 4033 637 4084 faciliorem
654 4036 720 4086 riam
743 4038 848 4088 iureulri
864 4052 936 4102 posse
955 4052 1005 4086 non
1024 4037 1115 4088 dubito.
1154 4036 1216 4087 Cum
1234 4038 1334 4088 reflexio
1353 4045 1379 4088 at
1397 4039 1527 4090 inclinatio

162 4105 268 4169 apicycli
288 4104 432 4169 acqualiter
449 4103 488 4154 rel
506 4106 720 4168 proportionaliter
738 4113 853 4158 crescant
872 4114 898 4158 et
915 4108 1077 4166 decrescant,
1102 4109 1177 4158 facile
1194 4114 1279 4172 patet,
1306 4124 1383 4160 uuam
1400 4111 1527 4174 utriusque

163 4190 267 4226 caueam
287 4190 354 4225 esse.
391 4174 538 4240 Imaginatio
556 4177 600 4224 tibi
619 4178 756 4241 apicyclum
774 4178 891 4229 Mercurii
917 4177 995 4239 (more
1014 4179 1166 4229 Ptolemaice
1186 4179 1225 4228 rel
1243 4178 1432 4242 Tyebouiauc),
1457 4184 1528 4244 cuiue

163 4246 229 4296 linea
248 4246 362 4312 apogaei
380 4259 436 4295 cunr
449 4251 501 4295 toto
520 4246 630 4310 apicyclo
648 4249 801 4310 paralleliter
817 4250 856 4300 rel
869 4243 1104 4314 perpendiculariter
1121 4251 1166 4314 ipsi
1180 4252 1286 4316 apogaei
1300 4253 1432 4303 eccentrici
1444 4252 1527 4302 lineae

162 4323 294 4368 mereatur
313 4330 420 4380 semper,
440 4316 512 4380 idque
531 4317 676 4367 admotum
694 4317 758 4369 Solis
778 4331 896 4371 annuum.
933 4319 1070 4371 Mercurius
1088 4328 1217 4372 mereatur
1234 4323 1261 4372 in
1274 4323 1393 4387 apicyclo,
1411 4329 1441 4374 ut
1453 4322 1527 4374 debet

75 4423 78 4428 -
160 4391 232 4449 juxta
250 4401 328 4438 snam
346 4386 481 4450 periodum.
517 4386 573 4437 Hoc
591 4389 663 4438 modo
681 4389 742 4448 fiet,
768 4397 797 4441 ut
814 4406 880 4456 quae
899 4399 953 4442 erat
972 4392 1082 4456 superior
1103 4407 1161 4457 pars
1180 4393 1283 4456 epicycli
1312 4391 1409 4456 (centro
1428 4397 1481 4456 ejus
1499 4394 1525 4442 iu

164 4473 227 4524 suge
247 4458 387 4509 cceentrici
407 4456 569 4519 constitute),
597 4459 623 4508 iu
641 4461 711 4510 ncdls
729 4463 768 4511 rel
787 4464 910 4528 quadrata
930 4463 1034 4528 apogaei
1053 4465 1187 4513 eccentrici
1204 4465 1251 4527 ipsi
1270 4463 1399 4528 eclipticas
1416 4465 1525 4519 uniatur,

164 4535 189 4579 et
206 4535 299 4580 matra
324 4527 449 4578 maximae
470 4529 610 4580 reflexionis
633 4539 752 4595 punctum
775 4532 880 4584 leterale
907 4529 945 4596 (iu
964 4548 1075 4601 apogaec
1095 4535 1227 4585 eccentrici
1250 4536 1384 4585 ccnsbtutc
1402 4529 1525 4596 apicyclc)

163 4607 221 4651 tuuc
240 4599 391 4651 devolvatur
409 4598 442 4648 sd
459 4599 552 4650 lineam
569 4601 644 4652 madii
661 4610 742 4654 motus
755 4603 819 4654 Solis
839 4605 871 4656 ad
889 4605 966 4654 nodos
984 4605 1134 4662 traductam,
1154 4619 1218 4670 quse
1231 4611 1256 4654 et
1268 4605 1371 4668 epicycli
1385 4616 1526 4668 apogaeum

164 4672 235 4737 vulgo
255 4669 395 4726 statuiturr
425 4675 451 4720 at
468 4672 505 4720 sic
522 4672 661 4723 milexicuis
679 4680 812 4738 punctum,
831 4676 908 4741 quod,
929 4676 1037 4740 apicyclc
1056 4678 1081 4726 iu
1101 4677 1232 4726 ecceutrici
1250 4688 1362 4740 apogaec
1381 4673 1525 4730 mussitate,

164 4751 217 4793 erat
234 4743 260 4792 in
280 4740 404 4792 lateribus
423 4741 544 4806 apicycli,
569 4759 636 4796 nunc
653 4746 678 4794 iu
697 4747 791 4798 lineam
808 4748 883 4799 medii
908 4753 989 4798 metus
1009 4746 1072 4800 Scis
1090 4747 1200 4804 incidet,
1227 4754 1253 4796 et
1270 4745 1306 4795 stc
1324 4747 1457 4794 maximam
1474 4743 1525 4794 illic

163 4813 356 4872 meinadcuern
373 4811 458 4863 iaciat
562 4837 565 4844 ·
821 4820 825 4830 “
1226 4843 1230 4850 -
1266 4821 1272 4838 ¹
1350 4831 1355 4840 ·
