3586 5518
808 261 920 327 Mysum
940 260 1140 330 Cosmoqrspbtot

665 473 709 537 ΙΝ
734 470 872 536 CAPUT
896 471 1095 538 DECIMUM
1118 473 1292 537 SEXTUM

821 595 935 648 roras
955 595 1133 648 AUCTORIS.

376 701 408 776 a)
428 709 468 760 Δι
493 705 554 774 jam
584 704 612 758 in
633 704 721 758 lucem
748 705 865 775 prolatis
888 706 1166 776 contemplationibus
1193 705 1374 770 harmonicis,
1404 706 1499 762 decisa
1523 713 1570 760 est
1591 706 1663 758 baec

296 784 491 850 controversia,
522 783 571 840 lib.
594 784 627 838 V.
650 785 745 839 Herm.
787 786 906 840 Primum
936 787 1008 840 enim
1030 787 1189 856 corporibus
1210 785 1278 858 ipsis
1305 786 1424 858 quinque
1445 789 1575 842 ademtae
1598 791 1664 838 sunt

294 864 487 938 proportiones
508 864 615 918 orbium
636 881 673 918 ex
693 871 793 933 parte:
822 865 921 919 ultima
941 883 978 920 so.
1001 874 1032 922 et
1052 867 1259 922 absolutissima
1286 867 1392 922 orbium
1423 867 1568 938 proportio
1590 881 1662 918 com-

223 1015 229 1022 ,
295 945 382 1001 munis
404 951 449 999 est
469 943 546 998 iacta
565 950 596 997 et
616 944 776 1014 corporibus
798 951 828 999 et
847 945 997 1000 harmoniis
1020 963 1097 1016 prop.
1121 946 1159 1002 48
1181 953 1211 1001 et
1232 946 1278 1002 49.
1300 963 1362 1016 cap.
1380 945 1427 1002 IX.
1472 947 1532 1009 Quo
1553 945 1663 998 nomine

295 1026 365 1081 nihil
395 1043 431 1079 ex
462 1024 528 1078 solis
550 1024 712 1094 corporibus
742 1025 769 1078 in
800 1025 873 1080 hano
903 1026 948 1078 rel
978 1027 1054 1080 illam
1083 1033 1191 1096 partem
1221 1029 1254 1079 de
1283 1027 1362 1080 Luna
1390 1025 1527 1097 disputari
1558 1032 1662 1095 potest.

294 1105 403 1162 Deinde
432 1105 454 1159 si
486 1103 604 1158 maxime
626 1121 663 1158 ex
684 1103 751 1158 solis
782 1106 900 1176 quinque
923 1106 1082 1175 corporibus
1112 1107 1297 1162 formarentur
1323 1107 1517 1178 proportiones
1546 1105 1663 1168 orbium,

294 1186 378 1254 hujus
400 1193 494 1241 tamen
514 1184 686 1238 formationis
708 1187 803 1240 modus
825 1187 913 1250 alius,
944 1185 1023 1240 utin
1044 1201 1097 1256 quo
1118 1186 1260 1256 inscriptio
1288 1187 1393 1242 orbium
1414 1187 1534 1259 physica
1557 1187 1662 1256 gradus

294 1265 473 1337 perfectionis
495 1264 703 1335 proportionum
723 1265 954 1336 geometrioarum
976 1266 1179 1330 aemularetur,
1211 1265 1352 1322 stabilitus
1375 1275 1419 1322 est
1439 1283 1520 1337 prop.
1544 1267 1594 1319 46.
1615 1265 1662 1319 tr.
1704 1321 1706 1328 ,

295 1347 388 1401 Tertio
410 1351 521 1400 constat
542 1361 579 1400 ex
600 1345 724 1400 omnibus
746 1345 821 1400 illius
844 1346 910 1400 libri
931 1345 1119 1400 axiomatibus
1140 1352 1170 1400 et
1190 1347 1432 1416 propositionibus,
1453 1347 1582 1402 ultimam
1596 1343 1664 1398 lirni-

295 1427 429 1482 tationem
449 1425 635 1496 proportionis
657 1425 852 1480 diastematum
876 1425 936 1480 lieri
963 1426 1147 1480 necessariam
1173 1434 1288 1496 propter
1309 1435 1399 1482 motus
1418 1429 1613 1498 planetarum
1634 1431 1666 1478 ut

297 1525 334 1562 sc.
366 1506 439 1561 inter
466 1513 606 1560 extremos
636 1512 727 1560 motus
757 1523 820 1560 esse
850 1515 965 1575 possent
993 1506 1154 1560 harmoniae
1175 1513 1279 1562 certae.
1321 1507 1349 1562 si
1379 1508 1444 1573 boo,
1476 1507 1558 1562 nulla
1579 1505 1665 1576 igitur

298 1593 394 1660 potest
414 1584 514 1641 baberi
534 1584 607 1640 ratio
627 1587 725 1640 Lunae
747 1587 858 1640 Terram
880 1585 1154 1650 circumcursitantis,
1185 1593 1218 1640 ut
1238 1601 1309 1656 quae
1338 1587 1408 1642 nibil
1428 1589 1537 1642 confert
1568 1588 1605 1640 ad
1625 1583 1663 1638 in·

298 1668 440 1723 citandum
460 1666 505 1720 vel
526 1667 725 1720 retardandum
745 1667 829 1721 ullius
850 1667 983 1737 planetae
1004 1673 1115 1732 motum,
1136 1684 1187 1722 nec
1206 1668 1370 1722 curriculum
1383 1684 1463 1722 suum
1484 1667 1560 1722 circa
1574 1665 1665 1720 Solem

300 1751 424 1810 exercet,
445 1764 497 1801 nec
517 1764 553 1800 ex
569 1745 634 1800 Sole
655 1747 794 1818 regularis
815 1753 935 1817 apparet
955 1746 1015 1816 ejus
1037 1755 1136 1802 motus.
1178 1747 1249 1802 Nam
1270 1765 1306 1802 ex
1325 1747 1391 1824 Sole
1411 1749 1554 1819 inspectus
1568 1746 1665 1800 Lunae

299 1834 389 1883 motus
410 1827 550 1880 rideretur
571 1826 714 1880 saltuatim
737 1827 872 1882 incedere.
914 1827 960 1881 Sic
985 1825 1074 1898 igitur
1095 1830 1128 1880 de
1149 1828 1216 1882 orbe
1237 1827 1357 1882 Telluris
1387 1835 1431 1882 est
1458 1827 1664 1898 disputandum,

301 1925 334 1963 ao
354 1907 377 1961 si
398 1907 495 1962 Lunae
517 1907 623 1960 coelum
645 1907 749 1961 nullam
770 1906 794 1961 ei
817 1905 969 1961 crassitiem
988 1909 1110 1962 adderet.

380 1985 410 2054 b)
432 1987 509 2041 Haeo
529 1987 640 2057 gemino
662 2003 744 2041 sensu
765 1994 883 2058 possunt
902 1987 1009 2057 accipi;
1030 1987 1146 2057 primus,
1168 1987 1260 2041 textui
1281 1987 1459 2050 conveniens,
1481 1993 1527 2040 est
1548 1985 1608 2040 bic:
1635 1990 1667 2037 ut

302 2069 340 2124 sit
361 2066 467 2138 quidem
490 2066 563 2120 orbis
584 2083 644 2121 oum
665 2069 748 2131 nodo,
771 2069 819 2121 sed
840 2067 997 2122 includatur
1018 2067 1110 2122 orbita
1130 2067 1278 2138 planetae,
1299 2075 1397 2122 tantae
1418 2065 1615 2136 spissitudinis,
1636 2071 1667 2116 ut

302 2150 389 2207 nodus
409 2147 455 2202 bic
476 2163 525 2201 seu
545 2147 641 2202 Lunae
663 2147 783 2211 coelum,
806 2149 898 2201 lateat
917 2154 1006 2202 totum
1027 2148 1110 2211 intus,
1130 2147 1200 2202 nihil
1221 2148 1370 2218 impediens
1393 2147 1517 2201 extimae
1539 2145 1666 2200 intimae·

302 2245 357 2300 que
378 2226 532 2296 superficiei
553 2225 750 2282 rotunditatem
771 2229 938 2282 absolutam.
980 2229 1061 2283 Alter
1075 2243 1172 2282 sensus
1186 2229 1283 2282 horum
1297 2230 1442 2284 verborum
1461 2233 1562 2296 posset
1581 2225 1665 2294 arripi

305 2310 375 2362 iste:
407 2308 478 2378 quod
499 2307 527 2360 in
548 2324 652 2379 genere
674 2309 822 2362 absurdum
844 2308 891 2372 sit,
922 2308 1029 2362 Lunam
1052 2305 1193 2364 circumire
1214 2309 1341 2373 Terram,
1373 2309 1435 2362 dum
1465 2307 1538 2362 baec
1558 2306 1666 2360 interim

303 2388 379 2442 circa
400 2387 492 2441 Solem
517 2387 628 2442 incedit.
670 2388 707 2442 Ut
736 2387 824 2458 igitur
850 2389 922 2443 hano
943 2387 1025 2444 etiam
1057 2388 1240 2458 objectionem
1266 2389 1384 2444 diluam:
1415 2387 1488 2452 diso,
1519 2389 1595 2458 quod
1616 2387 1666 2442 lroc

305 2476 371 2522 tunc
392 2467 552 2524 concinnum
575 2467 659 2522 rideri
680 2469 818 2540 potuerit,
850 2485 910 2522 cunr
932 2471 1050 2523 nondum
1074 2469 1177 2524 detecti
1203 2478 1299 2524 essent
1317 2469 1442 2525 Joviaiss
1473 2467 1609 2537 planetae
1638 2473 1667 2520 et

303 2555 399 2602 cetera
420 2547 447 2601 in
470 2548 547 2601 coelo
569 2564 650 2602 nora.
692 2552 732 2602 At
752 2566 789 2602 ex
810 2564 863 2619 quo
886 2549 936 2603 illa
949 2549 1057 2614 scimus,
1079 2549 1239 2604 concinnum
1254 2565 1427 2622 nequaquam
1445 2548 1566 2619 amplius
1582 2545 1664 2600 videri

302 2629 394 2692 debet,
415 2645 469 2681 non
491 2645 562 2692 esse,
585 2629 656 2700 quod
678 2628 785 2682 omnino
807 2636 859 2692 est,
882 2629 968 2682 nodus
990 2647 1026 2684 sc.
1049 2630 1224 2701 quadruplex
1246 2630 1321 2686 circa
1340 2631 1453 2692 Jorem,
1476 2629 1499 2682 si
1520 2645 1574 2698 pro
1595 2628 1664 2682 nodo

303 2724 434 2780 corporeo
455 2709 550 2778 spatio
570 2708 764 2762 curriculorum
785 2707 938 2780 intelligas,
960 2709 999 2762 sic
1020 2709 1209 2764 circatorem
1231 2711 1426 2772 ordinatorum,
1450 2716 1483 2762 ut
1504 2709 1581 2762 circa
1601 2707 1663 2762 Ter·

303 2805 361 2844 ram
381 2789 478 2842 Lunae
505 2789 668 2843 curriculum
697 2788 852 2844 ordinatum
876 2795 928 2844 est.
970 2789 1041 2843 Nam
1069 2792 1102 2842 de
1124 2807 1258 2860 corpores
1277 2791 1381 2845 orbium
1411 2789 1555 2844 soliditate
1582 2803 1664 2857 supra

302 2869 372 2924 satis
395 2875 513 2933 cautum,
537 2876 567 2923 et
587 2875 703 2924 cavetur
723 2869 806 2924 etiam
826 2869 855 2923 in
875 2877 957 2924 textu
979 2869 1113 2940 sequenti.
1131 2863 1169 2938 ⁸⁸)

338 2995 343 3004 .
383 2945 408 3014 o)
431 2950 586 3004 Consensus
612 2950 640 3004 iu
667 2950 720 3003 boc
747 2949 892 3003 multorum
921 2966 972 3020 per
992 2967 1084 3003 omnes
1106 2957 1215 3005 aetates
1240 2950 1479 3020 pbilosophorum,
1511 2947 1559 3018 qui
1580 2961 1664 3017 supra

185 3095 187 3100 ι
302 3031 405 3102 vulgus
431 3046 532 3100 sapere
557 3037 623 3084 sunt
648 3027 722 3092 ausit
752 3029 894 3100 Diogenes
916 3030 1044 3084 Laertius
1066 3034 1256 3102 Anaxagorae
1284 3029 1398 3092 tribuitr
1426 3030 1498 3083 libro
1523 3045 1600 3090 meo,
1622 3026 1664 3079 oui

303 3112 416 3166 titulus:
439 3111 475 3164 ad
498 3110 673 3166 Vitellionem
692 3109 915 3180 Paralipomeua,
937 3111 1029 3180 capite
1049 3111 1083 3163 de
1103 3111 1165 3164 luoe
1187 3111 1313 3175 siderum,
1337 3109 1462 3181 allegavi
1483 3108 1663 3164 Plutarchum

304 3194 337 3245 de
358 3189 430 3246 lacie
449 3191 556 3246 Lunae.
598 3190 708 3245 Citatur
728 3197 758 3243 et
777 3190 945 3245 Aristoteles
965 3193 1001 3244 ab
1014 3194 1147 3246 Arerroe.
1189 3192 1292 3246 Verum
1312 3191 1365 3244 hoo
1385 3193 1488 3261 dogma
1507 3197 1663 3258 postremus

304 3269 449 3326 Galilaeus
471 3269 622 3341 telescopio
643 3269 760 3342 Belgico
781 3270 1045 3326 confirmatissimum
1071 3270 1198 3328 reddidit.
1240 3271 1309 3326 Vids
1334 3271 1420 3326 etiam
1440 3270 1663 3324 dissertationem

302 3367 390 3406 meam
411 3366 471 3404 cunr
492 3350 590 3406 nuncio
612 3349 718 3405 sidereo
740 3351 871 3406 Galilaei.

296 3477 301 3483 .
382 3425 410 3496 d)
433 3429 518 3484 Certa
538 3429 645 3502 quidem
666 3438 710 3485 est
730 3431 873 3501 proportio
894 3431 965 3494 ista,
995 3447 1032 3484 sc.
1055 3447 1126 3501 quae
1151 3433 1162 3485 l
1187 3433 1222 3484 ad
1244 3431 1282 3486 59
1313 3431 1433 3486 circiter:
1463 3437 1494 3484 at
1520 3427 1663 3500 proportio

302 3509 422 3582 corporis
444 3509 516 3564 Solis
544 3511 577 3564 ad
607 3510 698 3564 orbern
720 3510 848 3564 Mercurii
877 3518 922 3565 est
948 3511 1033 3580 paulo
1055 3510 1128 3575 alia;
1159 3528 1196 3566 sc.
1227 3529 1282 3566 non
1302 3511 1407 3565 medius
1430 3509 1504 3565 orbis
1524 3507 1661 3570 Mercurii,

301 3592 349 3645 sed
370 3589 480 3645 intimus
501 3596 532 3644 et
551 3589 763 3661 angustissimus
785 3598 830 3645 est
850 3593 1043 3652 assumendum
1072 3591 1115 3644 cui
1136 3591 1164 3645 in
1185 3592 1294 3645 tabella
1316 3591 1415 3661 capitis
1440 3591 1475 3645 15
1504 3591 1663 3644 tribuuntur

306 3671 370 3736 14¹,
401 3687 462 3725 cum
482 3669 553 3725 Solis
580 3671 782 3726 semidiameter
811 3689 848 3725 ex
868 3673 964 3726 eadem
990 3671 1101 3724 Tellure
1127 3671 1283 3742 inspectus,
1315 3671 1457 3758 contineat
1485 3671 1593 3725 minuta
1615 3668 1661 3730 15;

301 3767 385 3821 quare
407 3750 465 3805 iere
486 3757 531 3803 est
550 3752 692 3820 proportio
717 3767 788 3822 quae
813 3753 825 3805 l
850 3753 885 3806 ad
907 3751 954 3806 56.

382 3825 410 3898 e)
431 3831 603 3923 [tequidem
624 3837 691 3884 tunc
711 3833 873 3895 censebam·
904 3839 935 3886 at
954 3837 1055 3900 postea
1080 3830 1108 3884 in
1129 3831 1278 3885 Comment.
1309 3833 1343 3884 de
1363 3831 1455 3886 Marto
1476 3847 1511 3884 ne
1532 3831 1585 3884 boc
1606 3829 1661 3900 qui·

303 3913 364 3966 deni
384 3910 557 3964 intellectu'
549 3927 578 3964 rn
598 3917 703 3965 motore
724 3928 793 3980 opus
815 3929 877 3966 esse
897 3911 1090 3966 demonstrari.
1132 3910 1203 3965 Nam
1216 3911 1269 3966 etsi
1285 3912 1476 3981 proportiones
1491 3917 1587 3964 certas
1601 3915 1662 3962 sunt

303 3989 494 4062 praescriptae
514 3991 633 4046 motibus
655 3991 796 4056 omuibus,
828 3992 910 4063 idque
931 3993 967 4046 ab
987 3989 1179 4062 intelligentia
1198 3991 1261 4061 ipsa
1281 4007 1411 4062 suprema
1431 3997 1464 4044 et
1483 3991 1583 4054 unica,
1612 3989 1662 4043 boc

302 4078 353 4135 est,
377 4086 396 4125 a
415 4071 476 4126 Deo
497 4078 636 4127 creatore:
663 4070 730 4127 illae
752 4079 844 4126 tamen
869 4071 1062 4142 proportiones
1083 4078 1205 4126 motuum
1226 4071 1289 4126 inde
1317 4088 1336 4126 a
1356 4071 1497 4126 creatione
1522 4071 1661 4140 bucusque

302 4158 500 4206 conservantur
521 4151 715 4216 invariabiles,
738 4170 791 4206 non
813 4169 863 4222 per
884 4152 1056 4208 intellectum
1077 4151 1196 4222 aliquem
1219 4152 1317 4208 rnotori
1338 4159 1523 4216 concreatum,
1545 4151 1594 4205 sed
1613 4165 1663 4220 per

302 4231 370 4285 duas
391 4248 436 4285 res
458 4231 541 4292 alias;
564 4231 653 4302 prima
673 4238 724 4296 est,
748 4232 973 4303 aequabilissima
994 4239 1024 4286 et
1043 4231 1297 4302 perennis-rotatio
1319 4231 1583 4302 corporis'Solaris,
1605 4245 1661 4283 cunr

303 4309 394 4382 specie
416 4310 457 4365 sui
485 4311 684 4376 immateriata,
714 4310 742 4365 in
763 4317 851 4366 tetum
877 4315 1003 4367 mundum
1024 4319 1188 4376 emanante,
1216 4327 1287 4382 quae
1316 4312 1423 4382 species
1444 4310 1531 4365 ricem
1552 4307 1659 4365 motoris

301 4397 445 4462 praestat;
467 4392 559 4446 altera
580 4407 666 4446 causa
686 4397 751 4446 sunt
771 4392 938 4446 libramenta
960 4398 990 4445 et
1009 4392 1183 4463 magneticae
1199 4391 1363 4447 directiones
1379 4407 1523 4462 corporum
1544 4390 1661 4460 ipsorum

302 4471 441 4528 mobilium
461 4470 644 4526 immutabilia
664 4477 694 4526 et
713 4471 856 4541 perennia.
898 4473 936 4526 Ut
957 4471 996 4525 sio
1016 4487 1105 4542 aeque
1126 4489 1180 4526 non
1200 4472 1290 4543 magis
1311 4472 1349 4526 sit
1369 4488 1438 4542 opus
1454 4471 1588 4526 creaturis
1603 4469 1659 4524 istis

302 4553 447 4607 intellectu
477 4553 513 4606 ad
538 4555 656 4606 tuendas
682 4557 804 4606 motuum
831 4552 1037 4622 proportiones,
1068 4559 1153 4622 atque
1184 4552 1273 4606 librae
1298 4552 1424 4606 lancibus
1445 4559 1476 4605 et
1498 4551 1659 4622 ponderibus

303 4638 394 4686 mente
415 4638 459 4686 est
480 4647 549 4702 opus
571 4633 607 4686 ad
626 4632 795 4702 prodendam
815 4632 1021 4701 proportionem
1041 4632 1202 4701 ponderum.
1244 4632 1307 4686 Etsi
1336 4639 1401 4688 suut
1421 4631 1480 4686 alia
1499 4635 1661 4702 arguments

305 4711 403 4780 quibus
424 4713 568 4782 probatur,
589 4711 680 4766 inesse
695 4711 723 4764 in
738 4711 899 4780 corporibus
914 4712 1090 4782 planetarum
1106 4712 1206 4766 saltem
1220 4712 1341 4768 Telluris
1355 4719 1386 4766 et
1399 4712 1471 4767 Solis
1493 4711 1658 4766 intellectum

304 4789 431 4864 sliqrrem,
453 4807 508 4846 non
527 4791 635 4864 quidem
655 4789 887 4857 ratiocinativum,
912 4797 944 4846 ut
958 4791 985 4845 in
999 4791 1124 4856 bcmine;
1148 4799 1275 4848 attamen
1288 4793 1448 4849 instinctum
1467 4799 1500 4846 ut
1512 4791 1541 4846 in
1554 4791 1658 4866 planta,
