3688 5508
338 270 404 342 654
861 273 892 328 In
910 273 995 342 Opera
1011 273 1168 342 astrologica

338 435 472 491 manibus.
512 433 576 504 Ego
596 435 631 487 de
650 449 714 489 mea
733 433 872 490 tenuitate
893 438 1005 501 addam,
1034 443 1107 508 qnae
1126 438 1161 491 ad
1182 437 1352 492 aminoen
1373 433 1601 492 delibanticatm
1621 435 1695 490 lonc

338 516 476 587 pertinere
497 513 650 568 arbitratus
672 515 758 570 luero.
803 516 942 578 Quaedam
970 523 1045 584 snut,
1064 516 1186 586 maiora,
1216 531 1296 587 quam
1326 522 1359 568 ut
1384 515 1561 585 providentia
1586 517 1697 586 pessino
1803 519 1804 530 ²

339 595 442 650 averti:
473 598 503 647 et
529 595 575 646 ubi
604 595 843 665 deprecationibus
873 597 963 668 magis
990 597 1135 668 agendum.
1178 597 1248 651 Nam
1279 597 1302 651 si
1332 596 1439 650 coelum
1467 603 1547 661 ruat,
1578 596 1637 666 qnis
1667 595 1695 648 in
1803 637 1804 646 ,

338 673 429 730 Terris
451 679 528 728 tutus
550 690 611 727 esse
632 675 754 744 poterit?
789 679 828 729 At
848 675 870 730 si
892 679 963 730 haec
982 677 1066 741 rade,
1093 675 1120 730 in
1149 693 1205 748 qua
1235 691 1295 732 cum
1323 675 1417 745 aliqua
1447 691 1530 730 manu
1555 675 1694 729 bominum

338 747 457 824 navigo,
489 770 618 824 superum
644 755 687 808 ira
711 763 869 827 mergatur:
893 756 952 826 1ιἰιιιι
973 759 1007 811 de
1028 756 1187 822 natatione,
1219 755 1324 811 tabulis
1355 761 1385 808 et
1405 763 1487 824 portu
1508 755 1695 828 cogitandum.

337 833 515 890 Natationem
532 832 593 902 jam
613 835 698 888 semel
719 831 906 890 difficillimam
926 853 986 890 sum
1006 842 1154 905 expertns;
1186 835 1301 892 tabulae
1330 833 1397 890 mihi
1417 843 1447 890 et
1472 835 1552 903 remi,
1579 835 1633 888 boo
1653 841 1698 888 est

338 913 509 978 substantia,
538 915 586 966 dos
616 921 646 968 et
670 915 829 970 haereditas
858 916 953 970 uxoris
979 915 1065 970 omnis
1086 932 1158 984 pene
1178 917 1269 972 adhuc
1289 917 1382 970 estin
1402 915 1506 984 Styria.
1547 916 1591 969 De
1611 919 1697 984 portu

339 994 395 1048 scio
416 1001 445 1048 te
465 992 615 1048 rectissime
637 995 833 1060 consulturum,
855 997 901 1066 qui
921 1003 969 1051 sat
988 994 1074 1058 nosti,
1098 1012 1148 1048 neo
1168 1013 1276 1051 omnem
1295 995 1362 1050 mibi
1381 995 1466 1050 licere
1487 995 1572 1059 adire,
1593 1001 1625 1048 et
1644 1009 1694 1048 ex-

337 1073 432 1144 pedire
453 1072 519 1126 meis
541 1073 656 1138 studiis,
687 1081 720 1128 ut
744 1091 826 1145 quam
854 1075 990 1130 minimum
1012 1075 1116 1129 talibus
1136 1074 1344 1130 inundationum
1364 1074 1494 1146 procellis
1514 1073 1648 1137 feriatur,
1662 1073 1699 1126 ia

341 1170 421 1223 quem
441 1170 483 1206 me
504 1167 564 1206 sum
584 1161 755 1224 recepturus.
798 1155 852 1210 Sed
881 1157 914 1209 de
935 1155 991 1210 illis
1015 1154 1083 1210 meis
1111 1154 1209 1220 minis,
1238 1156 1292 1210 boo
1319 1163 1364 1210 est
1392 1157 1426 1210 de
1453 1154 1556 1209 dilecta
1579 1153 1699 1223 pecunia

338 1235 425 1287 dicam
439 1233 528 1301 plura
558 1233 683 1288 Mortuus
698 1241 743 1288 est
757 1235 977 1290 ante.biennium
992 1251 1070 1290 socer
1089 1251 1174 1299 meus,
1196 1236 1300 1290 relictis
1322 1235 1401 1289 bonis
1421 1233 1604 1290 immobilibus
1626 1249 1694 1287 sane

339 1329 393 1366 non
413 1312 616 1366 contemnendis
642 1331 696 1367 nno
722 1315 832 1369 milliari
854 1315 928 1370 infra
948 1314 1100 1370 Graetium.
1132 1313 1201 1370 Nam
1225 1316 1305 1370 uxori
1326 1331 1406 1370 meae
1426 1331 1478 1384 pro
1497 1313 1598 1385 quim
1616 1318 1700 1382 ptis

303 1455 308 1464 Ι
337 1407 444 1446 summa
464 1391 545 1445 trium
565 1392 680 1446 millium
701 1411 737 1448 ex
759 1395 952 1449 aestimatione
972 1395 1123 1462 haeredum
1144 1395 1269 1450 debetur.
1302 1396 1382 1450 Bona
1401 1393 1483 1448 dividi
1504 1411 1558 1450 non
1578 1399 1701 1463 possunt

338 1489 386 1527 scu
408 1471 562 1525 conditione
584 1488 636 1526 sua
656 1490 705 1527 seu
725 1475 882 1544 pertinacia
896 1489 1017 1532 meorum
1031 1473 1162 1530 affinium.
1189 1475 1219 1530 Si
1239 1478 1403 1540 vendentur,
1425 1474 1544 1544 pretium
1564 1473 1621 1526 vile
1644 1473 1700 1526 erit

339 1553 367 1605 in
387 1558 470 1606 tanta
489 1552 607 1620 penuria
627 1562 761 1608 emtarum
782 1555 835 1610 hnc
856 1563 987 1626 tempore.
1031 1555 1161 1618 Quamvis
1182 1555 1236 1610 huo
1256 1573 1310 1627 ego
1331 1555 1474 1618 inclinem,
1503 1554 1527 1607 si
1547 1551 1699 1625 magistra·

339 1638 397 1686 tum
418 1631 550 1686 haberem
570 1633 710 1688 faventem
732 1636 767 1688 ad
788 1636 987 1705 impetrandam
1009 1633 1178 1690 divisionem.
1211 1635 1281 1691 Nam
1303 1635 1452 1690 communio
1468 1632 1626 1704 perniciosa
1640 1637 1699 1686 est:

339 1718 406 1764 sunt
425 1711 497 1765 enim
516 1713 681 1769 molendina.
724 1715 849 1778 Quonam
867 1715 954 1786 igitur
974 1721 1058 1786 paeto
1081 1715 1155 1769 bona
1175 1713 1247 1780 ista,
1270 1732 1353 1786 quam
1372 1713 1431 1770 lieri
1451 1721 1562 1784 potest,
1588 1710 1699 1766 minimo

340 1793 439 1846 damno
461 1791 489 1844 in
509 1808 597 1846 meam
617 1800 788 1864 potestatem
807 1795 950 1866 redigam,
980 1794 1027 1850 diu
1043 1792 1104 1864 jam
1133 1797 1182 1850 sed
1209 1795 1315 1850 frustm
1341 1794 1474 1850 delibero.
1517 1792 1601 1846 Video
1635 1791 1700 1846 milui

342 1871 501 1942 muniente
528 1873 651 1931 fulturam
678 1875 751 1930 bano
778 1891 866 1930 meam
887 1875 1068 1930 conditionem
1094 1874 1212 1930 aulicam
1233 1883 1264 1930 et
1283 1875 1306 1929 si
1327 1876 1392 1946 quid
1411 1874 1599 1943 inceptarem,
1628 1887 1699 1925 com·

341 1951 530 2008 mandationes
549 1953 630 2008 inde:
661 1957 710 2008 sed
731 1955 873 2010 consilium
893 1954 953 2024 ipse
974 1955 1093 2010 formare
1114 1961 1143 2010 et
1163 1954 1327 2025 principium
1348 1953 1451 2026 agendi
1475 1951 1599 2008 invenire
1620 1951 1649 2006 in
1669 1967 1699 2004 re

341 2040 399 2086 tam
419 2033 557 2102 perplexa
578 2051 631 2088 non
651 2049 772 2103 possum.
799 2035 886 2089 Nulla
905 2034 1011 2105 quidem
1032 2035 1146 2104 privata
1165 2034 1267 2090 invidia
1286 2049 1392 2106 gravor
1411 2034 1439 2088 in
1461 2033 1528 2086 aula
1548 2030 1698 2087 Graecensi

341 2119 371 2165 ct
391 2128 481 2182 spero,
504 2113 528 2166 si
548 2130 631 2167 ιιιιιιιιι
651 2113 770 2184 aliquem
791 2132 828 2169 ex
850 2114 1006 2184 praecipuis
1027 2113 1191 2184 praesertim
1213 2131 1250 2168 ex
1270 2115 1411 2186 regiminis
1432 2113 1563 2167 haberem
1582 2127 1633 2181 per
1654 2125 1699 2164 ou·

340 2193 492 2262 jusounqne
513 2193 566 2246 mei
586 2194 703 2247 fautoris
725 2194 862 2264 privatam
883 2193 1150 2258 commendationem,
1173 2194 1276 2249 asneis
1295 2193 1421 2267 partibus
1440 2192 1625 2247 astronomiae
1643 2204 1700 2243 una

342 2273 498 2326 laventem:
526 2289 609 2342 posse
631 2274 773 2343 negotium
794 2275 902 2338 confici,
933 2289 983 2349 pro
1012 2290 1064 2343 quo
1093 2290 1147 2345 ego
1169 2291 1223 2328 non
1243 2291 1333 2330 essem
1352 2273 1490 2345 ingratus.
1532 2273 1614 2326 Alter
1634 2285 1698 2324 rere

341 2351 430 2420 major
449 2368 492 2404 me
513 2353 658 2421 scmpulus
680 2360 771 2424 urget.
814 2353 947 2424 Priuigno
975 2353 1042 2408 milri
1069 2361 1113 2408 est
1142 2353 1187 2407 hic
1218 2353 1326 2425 quidem
1346 2355 1457 2424 Pragae
1489 2353 1563 2422 apud
1583 2357 1698 2404 matrem

342 2447 422 2485 suam
442 2427 528 2499 (quod
550 2431 577 2486 in
598 2432 722 2485 beneficii
742 2441 824 2502 parte
846 2449 969 2504 agnosco
990 2433 1032 2486 ita
1050 2432 1212 2503 permissum
1233 2429 1320 2499 esse),
1347 2431 1426 2502 cnjus
1452 2433 1527 2486 bonu
1548 2429 1585 2490 ,in
1605 2429 1698 2500 Styria

342 2512 393 2563 sub
416 2510 554 2564 tutoribus
576 2517 641 2564 sunt
661 2529 714 2566 non
735 2513 846 2570 minoris
868 2512 1016 2568 aestimata
1036 2513 1128 2567 decem
1149 2512 1263 2568 millium
1284 2515 1318 2566 de
1339 2511 1440 2583 potiori
1461 2517 1542 2582 parte
1568 2525 1696 2580 praesen-

343 2589 378 2644 tis
399 2589 545 2659 pecuniae.
582 2591 701 2661 Propter
721 2592 854 2648 alimenta
874 2592 935 2662 ejus
956 2591 1103 2664 privignae
1125 2593 1260 2648 debentur
1280 2591 1347 2648 mihi
1367 2589 1513 2664 quotannis
1535 2592 1570 2645 ad
1594 2587 1630 2644 70
1649 2589 1696 2642 llo·
1803 2625 1804 2664 ,

341 2686 422 2724 renos
443 2669 600 2740 praesentis
622 2673 772 2741 pecuniae,
798 2681 828 2728 et
853 2679 1004 2744 praeterea
1030 2689 1095 2726 usus
1124 2673 1229 2728 ductus
1255 2673 1354 2728 vineae
1379 2679 1410 2726 et
1439 2671 1547 2728 aedium
1573 2669 1600 2723 in
1621 2667 1696 2722 urbe.
1803 2675 1804 2694 ¹

341 2749 394 2806 llio
414 2767 469 2803 non
489 2756 597 2806 tantum
618 2769 690 2806 uxor
710 2769 772 2808 mea
793 2753 912 2808 sollicite
932 2753 1032 2817 instat,
1059 2757 1092 2806 ut
1111 2751 1157 2806 rel
1178 2753 1279 2808 saltem
1299 2751 1422 2826 aliquam
1440 2749 1597 2822 portionem
1617 2755 1698 2802 extra

340 2827 440 2884 limites
461 2829 574 2902 Styriae
595 2837 701 2887 tutores
724 2835 865 2904 deponant
884 2839 999 2904 propter
1019 2832 1212 2888 securitatem:
1245 2849 1363 2905 aequum
1376 2831 1455 2886 ‘enim
1475 2847 1555 2896 esse,
1587 2835 1619 2884 ut
1638 2829 1698 2899 ipse

341 2927 448 2980 quoque
469 2909 497 2964 in
517 2916 598 2982 parte
621 2914 728 2967 tutelae
749 2913 803 2978 sit,
833 2929 922 2984 neque
944 2915 1044 2967 absens
1070 2919 1100 2966 et
1126 2913 1233 2967 omnino
1255 2929 1273 2967 a
1293 2911 1462 2968 conscientia
1481 2910 1566 2981 hinjus
1587 2907 1696 2964 sonni-

341 2989 483 3044 strationis
504 2996 619 3057 remota,
642 2992 707 3048 olim
728 2995 876 3064 neglectae
897 2997 1040 3047 maternae
1058 2992 1250 3061 providentiae
1271 2993 1396 3047 accusari
1409 2991 1514 3064 possit;
1535 2987 1697 3060 praesertim

249 3108 258 3124 .
341 3085 402 3124 oum
423 3077 540 3135 constet,
563 3071 682 3128 alterum
703 3079 824 3128 tutorum
846 3073 953 3143 aliquot
973 3071 1061 3126 millia
1081 3071 1165 3141 hujus
1185 3072 1343 3143 praesentis
1363 3071 1497 3143 pecuniae
1512 3077 1607 3125 mutuo
1628 3083 1696 3122 sum·

341 3149 410 3204 sisse
432 3157 461 3203 et
481 3151 597 3220 praedia
617 3169 667 3222 pro
689 3171 718 3208 se
740 3155 838 3208 emisse
858 3170 913 3207 nen
944 3153 1087 3208 admodum
1119 3156 1195 3216 tuia;
1227 3154 1284 3206 sed'
1304 3151 1389 3207 etiam
1408 3152 1469 3223 ipse
1488 3167 1542 3222 ego
1561 3149 1620 3204 tale
1635 3147 1695 3219 quid

340 3229 471 3300 percupio
493 3231 568 3296 lieri,
591 3239 623 3286 ut
643 3231 667 3286 si
688 3250 741 3304 quo
762 3233 873 3305 longius
895 3249 913 3287 a
933 3231 1029 3304 Styria
1050 3231 1156 3296 abeam,
1180 3231 1381 3302 expeditiorem
1400 3231 1521 3287 habeam
1541 3228 1697 3301 pensionem

340 3311 436 3372 illam,
458 3311 491 3363 de
513 3328 568 3381 qua
588 3313 667 3366 modo
688 3313 754 3368 dixi.
797 3314 868 3368 Nam
888 3313 940 3367 hoc
961 3312 1070 3383 quidem
1090 3317 1214 3382 tempore
1236 3311 1421 3384 cogitationes
1443 3328 1521 3366 meae
1542 3307 1696 3364 distrahun-

340 3397 394 3454 tur,
415 3396 448 3442 ut
468 3389 510 3444 ita
530 3390 652 3446 intentus
674 3409 735 3447 esse
756 3395 791 3448 ad
812 3392 907 3450 studia
925 3409 981 3448 nun
1000 3389 1191 3462 possim,j1sm
1210 3407 1261 3461 pro
1280 3393 1344 3446 dote
1362 3392 1457 3448 uxoris
1477 3389 1622 3454 sollicitus,
1640 3388 1696 3460 ,jam

340 3485 435 3524 curum
455 3485 544 3541 agens
565 3471 672 3528 aedium
692 3473 849 3545 privignae,
866 3471 927 3543 jam
945 3472 1043 3526 vineae
1062 3470 1199 3526 culturam
1217 3476 1352 3538 tractans,
1369 3472 1431 3542 jam
1449 3471 1584 3526 alimenta
1597 3467 1696 3524 crebris

340 3549 429 3606 literis
451 3566 607 3620 reposeens.

429 3631 508 3684 Haec
522 3631 614 3686 omnia
627 3630 743 3704 negotia
756 3629 1022 3702 multiplicabuntur,
1044 3630 1110 3686 fierit
1125 3629 1216 3686 omnia
1229 3630 1383 3686 difficiliora
1402 3631 1544 3702 expeditu,
1565 3629 1589 3684 si
1602 3630 1697 3700 Progs

339 3709 505 3780 discessero.
537 3709 668 3766 Miserum
689 3728 740 3776 me,
763 3711 805 3764 cni
826 3711 896 3766 haec
917 3711 982 3765 olim
1003 3709 1070 3765 satis
1092 3711 1238 3780 splendida
1253 3711 1315 3781 jam
1335 3709 1406 3778 nulli
1431 3709 1595 3776 santiani,
1618 3723 1695 3782 quam

341 3796 373 3843 ut
394 3788 575 3844 difficiliorem
595 3793 712 3844 reddant
732 3791 919 3846 oeconomiam
946 3797 1031 3862 utque
1057 3807 1172 3845 uxorem
1200 3798 1230 3846 et
1258 3791 1415 3864 privignam
1436 3793 1516 3847 lauta
1536 3789 1601 3844 olim
1621 3789 1650 3844 in
1669 3804 1696 3840 re

284 3867 289 3876 ”
342 3867 499 3923 sumtiosius
520 3871 603 3924 alam.

283 4011 288 4023 Ι
431 3949 510 4004 Haeo
530 3949 633 4021 itaque,
654 3957 687 4006 ut
707 3951 785 4006 initio
806 3952 872 4016 dixi,
895 3953 928 4006 ad
950 3951 1121 4006 formandum
1141 3948 1283 4006 consilium
1301 3951 1442 4022 pertinere
1461 3967 1519 4005 sum
1536 3945 1695 4004 arbitratus.

342 4031 595 4169 'ilpmpuaippaead
619 4031 809 4100 pulcherrima·
828 4037 924 4086 nostra
949 4030 1041 4086 studia
1068 4047 1220 4086 sermonem
1240 4032 1416 4088 transieram.
1468 4033 1518 4100 (lix
1535 4035 1611 4087 literis
1630 4033 1653 4084 d.
1672 4033 1694 4082 d.

379 4141 385 4154 .
421 4119 462 4155 an.
565 4145 571 4158 .

431 4192 505 4243 Brevi
523 4200 578 4260 post
597 4191 671 4257 (Mal.
692 4192 772 4258 1603)
792 4198 896 4250 nunniut
913 4195 1036 4260 Keplerus
1055 4195 1200 4255 Herwartc.
1218 4212 1320 4248 uxorem
1337 4210 1408 4247 ruam
1427 4196 1453 4248 ia
1472 4191 1581 4260 styriam
1599 4194 1695 4250 attere.

317 4321 323 4332 1
342 4271 370 4315 nt
388 4279 426 4314 res
445 4278 503 4314 snas
522 4265 577 4328 ipsa
595 4273 700 4318 curaret.
737 4265 920 4318 Herwartns
939 4263 975 4329 (d.
997 4263 1039 4318 1⁷.
1059 4265 1116 4318 Juo.
1138 4263 1220 4331 1603)
1238 4267 1302 4320 baec
1320 4265 1459 4332 respondit:
1567 4279 1571 4288 ·

431 4351 506 4406 nuo
523 4353 672 4404 Ehmrestsr
689 4354 740 4404 und
757 4355 960 4422 Hoehgelelnrter.
997 4355 1067 4408 Enoh
1093 4355 1164 4406 ssind
1191 4357 1273 4410 meins
1297 4355 1475 4423 lreuodwilllge
1501 4325 1603 4408 Dienst
1617 4353 1696 4412 besor,

342 4423 443 4475 sonders
461 4423 538 4476 lieber
554 4423 619 4475 Herr
636 4423 687 4474 und
705 4431 777 4491 guter
794 4427 901 4478 Freund.

432 4511 476 4563 lob
501 4511 552 4563 lrab
578 4514 624 4563 mit
649 4513 705 4564 dem
731 4511 810 4565 Herm
835 4513 910 4566 Peter
935 4513 1023 4575 Gasal,
1050 4515 1119 4567 Rath
1142 4515 1193 4566 und
1220 4511 1377 4566 Secretarien
1404 4513 1427 4566 J.
1448 4513 1476 4565 F.
1496 4514 1529 4564 D.
1556 4509 1697 4566 Ferdlnand

343 4599 390 4635 von
409 4583 552 4643 Oestreicb,
577 4600 664 4651 vogen
683 4585 727 4635 des
746 4583 826 4636 Herrn
844 4585 1148 4654 Erbschaitshsndlnngen
1165 4586 1276 4653 geredst.
1312 4585 1347 4638 Er
1370 4587 1417 4638 hat
1438 4585 1492 4636 sich
1510 4585 1639 4645 esteten,
1658 4585 1696 4634 bei

343 4655 391 4705 den
411 4655 510 4707 Sueten
528 4657 581 4707 sein
598 4655 689 4708 Bestes
707 4669 738 4706 su
756 4657 826 4708 tbnn
863 4655 907 4707 Ab
929 4659 990 4708 vird
1016 4659 1059 4710 der
1076 4655 1140 4708 Herr
1166 4660 1220 4708 sein
1236 4655 1411 4716 Haustanen,
1440 4657 1486 4708 ani
1509 4657 1559 4708 den
1581 4655 1636 4706 Ball
1662 4657 1698 4706 als

342 4727 408 4777 noct
425 4739 457 4777 an
475 4727 565 4786 Grata,
592 4727 688 4779 colotes
705 4729 795 4780 'bren
813 4727 909 4786 lmen,
935 4729 1015 4780 demit
1039 4729 1075 4780 sle
1098 4729 1152 4781 doh
1176 4728 1284 4788 bclibm
1302 4725 1401 4780 melden
1417 4727 1503 4779 lmen
1519 4729 1618 4794 netga
1654 4725 1699 4777 iel

339 4798 394 4849 still
411 4799 471 4850 aber
488 4799 544 4850 deni
562 4798 642 4858 Herm
661 4801 699 4851 nit
716 4799 853 4860 rerbelten.
871 4799 930 4852 dm
948 4813 975 4852 er
991 4802 1038 4852 nir
1054 4802 1081 4851 io
1098 4800 1227 4853 soom
1245 4797 1387 4854 Vereuso
1404 4798 1569 4867 angam
1585 4796 1698 4858 alab·
