3586 5518
295 263 339 334 92
891 263 1053 319 euasurum.

293 430 323 492 irr
347 429 550 510 descriptione
575 427 671 490 latina
695 427 863 502 monuisse,
898 447 965 490 esee
998 429 1069 490 milri
1102 428 1131 490 iu
1160 439 1281 510 promtu
1310 447 1448 494 numeros
1472 431 1658 504 minutiores,

295 521 349 581 sed
373 519 480 600 quibus
505 519 585 580 iutra
608 514 792 600 200annos
817 517 936 578 circiter
959 512 1000 580 8⁰
1022 537 1104 579 error
1128 519 1332 581 committatur
1354 521 1385 582 iu
1400 521 1498 582 reditu
1520 520 1555 594 Ω.
1596 518 1658 581 Ge-

294 617 390 671 terum
417 606 532 669 facilius
557 615 606 667 est
629 606 725 684 perito
751 605 857 668 artifici
881 614 945 668 tarn
969 605 1062 667 exiles
1092 607 1249 686 effingere,
1279 627 1368 688 quam
1396 609 1468 670 milri
1496 610 1605 688 partiri
1631 609 1658 670 iu

294 705 378 758 rotas
401 698 513 776 plures.
559 693 683 756 Numeri
707 693 786 754 enim
809 695 889 756 inter
911 714 944 756 se
966 694 1054 774 primi
1077 704 1166 756 sunt:
1192 705 1259 757 tota
1283 716 1353 757 vero
1377 697 1474 760 forma
1497 707 1529 760 et
1551 697 1659 778 dispo·

295 787 365 848 sitio
389 805 456 846 euru
481 785 509 846 in
534 783 651 845 modurn
676 792 831 862 suscepta,
864 784 913 863 qui
943 802 1000 844 non
1025 785 1125 864 possit
1148 803 1202 864 pro
1226 805 1285 846 una
1309 786 1385 846 duas
1409 797 1493 848 rotas
1518 785 1657 866 adipisci,

294 876 337 936 uti
361 883 391 935 te
411 875 477 953 jam
501 872 669 951 intelligere
695 873 794 932 credo.

376 964 416 1026 tn
441 962 548 1023 eadem
572 961 667 1024 latina
691 961 891 1039 descriptione
916 979 1020 1022 secure
1044 963 1236 1040 scrupulosus
1265 962 1325 1023 fui:
1360 981 1395 1022 ec
1420 963 1498 1044 quod
1529 961 1585 1024 tibi
1610 981 1658 1024 me

293 1054 349 1114 soli
365 1053 495 1113 scribere
512 1069 674 1112 censerem.
708 1049 875 1129 Propterea
896 1050 987 1112 etiam
1012 1049 1104 1111 latine
1129 1051 1245 1130 scripsi,
1272 1059 1303 1112 et
1326 1051 1354 1113 in
1379 1052 1553 1131 germanico
1578 1052 1657 1123 cavi,

294 1161 329 1203 nc
354 1141 449 1202 latina
472 1139 634 1218 descriptio
660 1139 687 1199 in
712 1137 827 1200 alienas
852 1157 957 1200 manus
982 1139 1133 1202 deveniat.
1172 1138 1224 1202 Sic
1248 1140 1326 1201 enim
1351 1140 1532 1214 existimavi,
1558 1141 1656 1202 nemi-

293 1249 358 1292 nerrr
383 1249 421 1291 ex
444 1228 625 1290 consiliariis
649 1229 730 1298 lore,
762 1227 811 1307 qui
835 1245 892 1289 non
919 1237 1002 1289 tuum
1026 1228 1120 1289 solius
1144 1228 1299 1289 eonsilium
1323 1230 1444 1307 expeti,
1478 1247 1567 1310 quam
1589 1229 1658 1308 ipse

201 1361 204 1366 Δ
293 1319 524 1399 prolixissimum
540 1317 684 1397 scriptum
703 1317 826 1394 ignotae
841 1317 998 1390 materiae,
1024 1335 1129 1378 manus
1153 1317 1406 1392 intricatissimae,
1432 1319 1532 1398 legere
1557 1320 1656 1380 malit.

293 1409 398 1486 ltaque
423 1407 519 1469 adhuc
543 1424 599 1486 ego
624 1407 659 1466 de
684 1401 823 1466 sollicitis
844 1405 911 1466 istis
931 1405 1118 1467 cautionibus
1140 1425 1261 1466 securus
1281 1424 1356 1467 sum.
1396 1405 1485 1478 Quod
1510 1407 1536 1468 si
1560 1409 1656 1468 etiam

292 1496 404 1576 legant,
429 1495 573 1556 videbunt
597 1514 643 1556 me
668 1501 804 1573 apertum
829 1503 951 1559 esseut
975 1494 1164 1574 diligentem,
1190 1493 1239 1574 qui
1264 1496 1363 1556 omniu
1387 1495 1569 1574 expendam,
1596 1515 1654 1559 nec

291 1594 441 1658 metuent,
465 1591 499 1646 ut
523 1603 568 1644 rne
593 1583 663 1664 quid
687 1583 780 1643 latere
804 1585 915 1662 possit,
942 1585 1021 1664 quod
1044 1585 1083 1644 ad
1107 1583 1150 1644 rei
1175 1601 1319 1645 summam
1343 1593 1473 1664 spectet.

323 1693 350 1754 '-
381 1672 469 1744 Quot
494 1674 532 1733 ad
557 1691 603 1734 me
628 1673 676 1733 hie
700 1672 912 1751 increpandum
936 1681 988 1734 tuo
1012 1673 1149 1752 exemplo
1174 1671 1282 1746 uteris,
1311 1674 1406 1748 scito,
1430 1673 1509 1736 idem
1534 1675 1573 1736 ad
1598 1691 1657 1734 un-

292 1782 378 1844 guem
402 1763 472 1824 mihi
498 1760 546 1824 lric
570 1761 726 1822 accidisse.
760 1760 873 1822 Rector
888 1770 991 1822 noster
1006 1762 1083 1822 male
1099 1761 1169 1823 mihi
1189 1761 1338 1841 cupiebat,
1366 1763 1432 1843 ejus
1457 1781 1514 1843 ego
1538 1763 1658 1824 calum·

293 1853 357 1914 nias
383 1853 419 1913 de
444 1851 578 1913 ueritate
603 1850 708 1912 odiosa
731 1850 908 1911 metuebam.
954 1851 1051 1929 Igitur
1074 1851 1230 1914 consilium
1254 1851 1319 1930 cepi
1348 1852 1531 1914 extenuandi
1554 1869 1658 1914 coram

293 1943 343 2004 illo
367 1941 425 2002 mei
448 1939 573 2012 inventi,
598 1947 630 2002 ut
645 1939 724 2020 quod
748 1957 805 2000 nou
819 1958 941 2020 *novum
964 1939 1018 2002 sed
1033 1940 1198 2019 antiquitus
1223 1947 1326 2001 notum
1351 1941 1450 2003 luerit.
1492 1941 1604 2018 Incidit
1626 1941 1657 2001 in

292 2029 425 2112 Scyllam
454 2029 577 2108 cupiens
611 2028 708 2090 vitare
734 2026 917 2110 Charybdin.
964 2029 1044 2092 Nam
1075 2027 1203 2107 arripuit
1224 2027 1298 2090 illud
1323 2029 1360 2089 de
1384 2029 1565 2110 antiquitate
1588 2048 1658 2091 ma-

266 2157 272 2174 .
287 2120 444 2200 joremque
467 2137 506 2178 ex
529 2138 566 2178 ea
590 2116 767 2178 calumniam
797 2117 827 2178 in
854 2137 901 2180 me
934 2117 1102 2189 derivavit,
1136 2136 1225 2197 quem
1258 2137 1296 2180 ex
1323 2118 1443 2180 curiosa
1472 2128 1504 2181 et
1526 2118 1659 2198 superba

292 2207 428 2269 novitate
452 2207 602 2292 potuisset
626 2223 775 2286 unquam:
800 2213 956 2268 ettamen
981 2224 1049 2268 rnea
1071 2199 1306 2276 vitulaarabat

362 2383 509 2434 Maestllnur
523 2384 546 2433 d.
562 2381 603 2430 22.
617 2383 675 2432 Jao.
692 2380 759 2432 totu
777 2383 841 2452 haec
859 2383 997 2448 respoudit:
1020 2381 1160 2434 Mirabilem
1177 2383 1247 2434 rideo
1266 2385 1371 2447 priorum
1389 2383 1517 2434 literarum
1545 2397 1658 2434 marmur

291 2457 415 2506 tartunam
426 2456 451 2504 iu
462 2455 558 2508 itinere.
569 2453 774 2518 quemadmodum
782 2455 925 2514 tabellarius
930 2455 1039 2506 lacobus
1052 2456 1215 2518 superioribus
1223 2456 1348 2504 mensibus
1357 2455 1417 2504 milri
1429 2470 1525 2520 quoque
1535 2458 1656 2519 exposuit.

291 2527 384 2576 Verum
401 2542 440 2576 res
460 2527 522 2576 berre
545 2526 637 2582 habet,
662 2525 782 2590 siquidem
800 2527 840 2576 rel
858 2527 960 2578 tandem
978 2526 1086 2576 traditae
1108 2527 1215 2576 fuerunt.
1253 2525 1341 2576 Mense
1361 2526 1460 2576 Octobri
1479 2527 1560 2576 nullus
1580 2527 1613 2576 ad
1632 2535 1657 2576 te

292 2599 378 2662 scripsi
396 2597 488 2647 literas.
505 2633 511 2646 .
526 2633 553 2646 ..
573 2597 671 2646 Literas
690 2604 746 2646 tuas
766 2599 911 2660 superiores,
930 2612 992 2662 quas
1011 2597 1042 2647 de
1059 2597 1184 2662 horologio
1204 2597 1237 2646 ad
1255 2613 1315 2660 opus
1332 2599 1522 2646 astronomicum
1541 2597 1656 2646 addendo

290 2683 342 2718 uua
361 2683 416 2718 cum
435 2669 518 2718 rotulit
538 2669 626 2718 dedisti
647 2668 679 2718 ad
696 2683 737 2717 rne
756 2668 887 2717 admodum
905 2669 1026 2733 prolixas,
1047 2667 1127 2718 adhuc
1147 2682 1243 2718 mecum
1262 2669 1365 2718 retium.
1403 2667 1478 2718 Ratio
1498 2675 1545 2724 est.
1563 2667 1655 2718 Krete·

292 2753 407 2803 meyerus
425 2742 559 2803 praeterito
578 2754 662 2790 meuse
682 2738 749 2804 apud
771 2753 817 2790 nos
839 2740 900 2798 fuit,
929 2742 968 2791 cui
996 2741 1081 2808 literae
1098 2741 1248 2795 monstrari,
1275 2753 1409 2804 eurumque
1434 2745 1554 2790 contentu
1572 2753 1656 2790 corum
1712 2784 1721 2798 ,

291 2809 321 2862 Ι),
345 2811 376 2862 D.
399 2811 570 2862 Hafenreffero
590 2812 697 2874 exposui.
735 2809 785 2862 Sed
803 2810 889 2870 rideo,
918 2813 1041 2864 hominem
1067 2812 1099 2862 ab
1124 2811 1171 2861 hoc
1194 2812 1294 2875 negotio
1319 2811 1392 2874 plane
1412 2811 1550 2862 abhorrere.
1590 2809 1654 2860 Gou-

290 2882 418 2932 sulueruut
437 2898 495 2948 ergo
513 2897 608 2940 omues,
626 2885 790 2932 mutationem
806 2883 900 2932 nullam
913 2897 967 2933 esse
981 2882 1169 2946 suscipiendam.
1200 2881 1309 2946 Cumque
1325 2898 1373 2939 me,
1393 2897 1424 2931 ne
1443 2884 1558 2945 princeps
1577 2881 1654 2932 offen·

290 2953 396 3010 deretur,
415 2961 525 3003 metuere
545 2953 658 3014 dicerem,
678 2953 720 3003 ille
739 2953 872 3016 respondit,
891 2954 953 3003 nihil
965 2954 997 3003 ibi
1011 2955 1111 3004 subesse
1124 2954 1241 3017 penculi,
1261 2954 1306 3002 sibl
1325 2955 1391 3002 euim
1409 2953 1524 3016 principis
1544 2955 1654 3002 animum

289 3027 325 3074 sie
344 3027 469 3090 cognitum
489 3039 559 3082 esse,
585 3025 632 3074 nisl
651 3039 734 3075 coram
753 3025 829 3074 oculis
847 3025 946 3082 rideat,
974 3031 1018 3075 aut
1038 3025 1106 3074 hisce
1129 3025 1225 3088 seriptis
1250 3030 1396 3082 moneatur,
1423 3025 1500 3087 ipsius
1520 3024 1590 3076 cus.
1604 3038 1654 3073 nou

288 3096 391 3146 ulterius
410 3097 440 3146 de
459 3111 488 3147 eo
507 3097 638 3160 quicquam
661 3109 716 3146 erre
737 3101 866 3146 moturum.
904 3097 1017 3160 Inprimis
1040 3111 1110 3153 vero,
1137 3096 1201 3160 quod
1224 3095 1282 3144 milri
1304 3109 1400 3160 quoque
1423 3095 1565 3152 ridebatur,
1592 3097 1655 3146 sicut

264 3181 266 3184 ·
291 3167 454 3230 superioribus
472 3168 550 3218 literis
568 3169 662 3231 scripsi,
680 3169 814 3218 immanem
835 3168 1014 3218 denticulorum
1036 3181 1163 3218 numerum
1182 3169 1282 3218 dicebat
1300 3181 1455 3232 nequaquam
1474 3168 1655 3231 repraesentari

289 3253 369 3302 posse.
407 3239 547 3288 Parendum
567 3254 624 3304 ergo
646 3238 693 3288 luit
711 3253 795 3288 eorum
814 3239 924 3295 consilio,
944 3245 970 3289 et
987 3240 1016 3295 si,
1036 3239 1101 3302 quod
1118 3253 1157 3288 res
1177 3246 1224 3296 est,
1243 3238 1323 3288 denuo
1343 3239 1424 3288 dicere
1443 3237 1525 3294 relim.
1544 3241 1613 3289 suasi
1630 3237 1654 3286 id

290 3311 361 3357 initio
388 3310 464 3366 ultro,
490 3309 602 3374 idemque
622 3309 703 3360 adhuc
722 3310 838 3359 lacerem.
877 3309 926 3360 Sed
944 3311 1016 3358 nimis
1034 3312 1168 3374 pretiosum
1187 3325 1247 3374 opus
1272 3317 1325 3367 est;
1352 3317 1428 3360 antea
1454 3315 1539 3359 autem
1558 3309 1653 3360 dissue·

292 3380 350 3429 dere
368 3379 428 3429 illud
446 3379 515 3429 haud
532 3382 608 3444 potui,
628 3382 687 3445 quia
704 3382 836 3444 putabant,
857 3395 888 3431 ea
905 3382 1021 3431 universa
1039 3395 1055 3430 a
1073 3387 1098 3431 te
1114 3383 1167 3443 jam
1180 3388 1240 3432 aute
1253 3383 1344 3444 optime
1357 3381 1439 3441 turre,
1460 3382 1581 3444 quomodo
1599 3395 1653 3446 per·

136 3460 150 3478 ·
242 3527 245 3538 1
290 3449 330 3501 dci
349 3459 457 3514 possent,
476 3451 666 3516 praemeditata.
723 3503 725 3508 ,

363 3523 498 3572 Excusatlo
517 3529 561 3572 tua
580 3524 611 3572 de
628 3524 702 3587 priori
720 3525 810 3588 scripto
829 3531 871 3574 tuo
891 3523 924 3574 ud
942 3537 982 3572 me
1001 3522 1060 3573 dato
1079 3524 1156 3573 etsie
1174 3523 1295 3574 adornato
1315 3523 1380 3585 apud
1390 3530 1432 3572 'me
1444 3523 1562 3574 facillime
1574 3514 1655 3576 lotum

288 3594 378 3651 hahet,
404 3609 488 3644 verum
508 3594 667 3644 metuendum
686 3602 764 3654 esset,
790 3595 818 3644 ul
838 3595 903 3660 apud
922 3593 995 3654 alios,
1021 3595 1107 3659 quibus
1125 3595 1173 3644 hee
1192 3601 1252 3644 tuae
1270 3595 1379 3644 rationes
1397 3595 1499 3658 ignotae
1518 3600 1578 3644 suut
1597 3593 1655 3656 (uec

291 3667 356 3714 euim
375 3666 485 3715 omnibus
507 3679 550 3714 eas
569 3681 691 3729 exponere
710 3664 831 3730 possem),
851 3681 890 3716 res
910 3667 982 3715 aliter
1000 3667 1161 3729 acciperetur.
1200 3663 1251 3715 Sed
1268 3680 1307 3714 res
1325 3664 1389 3715 bene
1406 3665 1498 3722 habet,
1518 3667 1655 3730 quiaillud

289 3736 407 3798 scriptum
431 3740 530 3800 propter
554 3751 656 3786 causam
681 3737 772 3786 dictum
795 3739 822 3787 irr
845 3737 947 3787 ullorum
973 3749 1061 3786 manus
1085 3752 1134 3786 uon
1157 3737 1233 3787 venit.
1271 3735 1365 3796 Quodsi
1383 3736 1421 3786 rel
1439 3737 1554 3800 princeps
1572 3753 1655 3788 rursus

289 3808 423 3864 monuerit,
442 3808 481 3856 rel
498 3808 543 3856 tibi
560 3822 599 3857 res
618 3808 691 3858 aliter
707 3807 833 3871 viduetur,
851 3815 892 3860 sat
914 3809 1032 3871 temporis
1051 3808 1098 3858 erit
1116 3809 1147 3858 de
1165 3810 1265 3874 negotio
1284 3807 1350 3857 ultra
1368 3808 1502 3873 cogitandi.
1521 3833 1559 3846 -

362 3965 401 4015 Ad
418 3964 480 4016 haec
500 3965 677 4029 Keplerus:

381 4072 426 4133 De
442 4071 667 4153 Stuggardiano
691 4076 813 4156 negotio
836 4075 897 4138 tuis
916 4077 1075 4156 acquiesco
1094 4075 1239 4146 consiliis
1279 4073 1379 4134 Velim
1404 4081 1515 4149 tumen,
1542 4093 1653 4156 argeu-

188 4175 190 4178 ·
290 4169 362 4233 tum,
389 4162 467 4241 quod
486 4163 550 4242 jam
574 4162 739 4242 impensum
763 4173 820 4240 est,
846 4166 1014 4239 asservari,
1040 4183 1097 4226 uon
1122 4166 1202 4227 inter
1225 4163 1362 4244 privatos
1386 4163 1530 4238 distrahi,
1557 4172 1605 4238 ut,
1630 4165 1654 4225 si

292 4250 410 4330 quando
425 4269 509 4329 opus,
535 4252 621 4332 quale
646 4252 702 4315 tibi
727 4253 883 4333 descripsi,
909 4253 984 4314 meis
1008 4255 1055 4316 vel
1080 4255 1207 4334 alicujus
1228 4252 1342 4333 opificis
1362 4251 1509 4314 sumtibus
1534 4252 1653 4334 periec-

291 4347 354 4400 tum
378 4347 410 4401 et
433 4341 603 4403 absolutum
627 4342 754 4422 principi
777 4361 830 4422 pro
854 4362 939 4405 meae
964 4343 1063 4405 famae
1090 4343 1262 4404 defensioue
1285 4342 1432 4415 obtulero,
1457 4341 1594 4404 rationes
1618 4342 1653 4404 de

291 4435 417 4507 argento
442 4428 484 4490 illi
509 4429 569 4492 sint
592 4431 762 4510 expeditae.
810 4429 925 4502 Quodsi
955 4432 1146 4494 metuendum
1175 4432 1231 4493 tibi
1259 4449 1316 4492 nou
1345 4439 1412 4503 est,
1445 4440 1479 4492 ut
1507 4431 1591 4500 ultra
1617 4450 1655 4493 ex

291 4519 361 4579 aula
383 4519 601 4600 interpellaris,
626 4521 746 4583 remitte
770 4521 842 4582 mihi
866 4521 1098 4599 descriptionem
1123 4520 1249 4582 latinam
1272 4519 1399 4592 saltem,
1433 4528 1594 4583 reservata
1616 4519 1654 4583 ad

291 4625 408 4668 omnem
432 4615 571 4669 eventum
595 4609 782 4686 germanica,
809 4609 878 4690 quia
902 4611 1056 4691 exemplar
1079 4629 1146 4696 non,
1161 4609 1271 4686 habeo.
1408 4645 1411 4656 ·

1067 4697 1100 4759 (s
1113 4698 1195 4752 rerer
1214 4697 1238 4746 e.
1258 4697 1282 4748 r.
1302 4692 1344 4745 ee.
1363 4695 1434 4745 rare.
1457 4693 1548 4758 ruer.)
