3718 5520
282 247 361 348 ⁴²⁰.
850 253 891 305 us
908 251 1088 304 mumma
1116 203 1120 208 ⁵

281 413 444 494 eregione
467 412 594 494 parietis
623 411 737 476 aSole
764 411 910 476 illustrati
938 411 1076 474 habitare
1109 412 1262 476 insalubre
1290 413 1436 487 dicerem3
1469 409 1540 493 quia
1567 427 1661 489 cas-g

254 548 267 572 .
281 509 414 567 mentum
438 502 521 564 ealce
545 510 675 578 constat,
701 521 778 582 quae
802 521 869 564 cum
892 503 1005 564 habeat
1029 502 1174 564 exedeudi
1199 510 1230 564 et
1253 501 1446 565 consumendi
1460 497 1638 582 potentiam,

281 592 388 655 cadem
413 590 560 672 qualitate
583 591 690 654 imbuit
713 600 745 654 et
767 592 883 654 radium
907 609 995 672 quem
1014 592 1154 655 reflectit.
1201 591 1352 672 Imprimis
1368 597 1469 654 antem
1489 587 1529 652 ad
1543 587 1640 648 luceru

280 681 432 763 propriam
455 679 606 761 pertinere
634 681 753 742 videtur
781 681 882 761 aliqua
904 680 1107 760 pelluciditas.
1154 681 1233 742 Nam
1265 680 1374 760 siqua
1401 681 1430 741 iu
1458 697 1491 740 rs
1519 673 1642 757 propria

280 771 333 833 lux
355 771 443 844 inest,
468 769 522 830 illa
545 787 603 831 non
627 769 657 831 in
682 770 837 850 superficie
860 769 967 830 haeret
989 769 1102 850 utique,
1127 769 1180 832 sed
1203 770 1286 832 intus
1307 769 1337 831 iu
1353 769 1501 850 profundo
1522 765 1642 828 radiosa

281 859 354 939 egit,
380 859 467 922 utin
491 859 617 938 gemmis
642 859 798 922 cernimus.
845 860 953 938 Itaque
980 866 1014 920 ut
1036 867 1229 939 transponere
1252 859 1362 940 possit,
1391 855 1542 938 pellucido
1564 871 1641 935 opus

281 953 338 1010 est.
386 946 534 1020 Quamvis
556 948 653 1010 multa
675 967 749 1010 saue
773 948 839 1028 ipso
863 955 950 1010 aestu
972 948 1124 1030 pellucida
1146 949 1233 1025 dant,
1269 967 1364 1030 eaque
1387 947 1417 1009 iu
1441 942 1641 1026 dispositione

281 1038 479 1100 retineantur.

827 1123 963 1187 Thesis
987 1123 1091 1187 XXX.

368 1214 533 1294 ignoscant
555 1213 625 1274 mihi
641 1212 812 1295 philosophi
836 1215 1059 1294 argumentanti
1080 1211 1297 1294 acorporibns,
1323 1231 1398 1294 quae
1413 1229 1503 1273 manu
1517 1215 1637 1272 tracta-

282 1323 359 1378 mus,
385 1303 424 1364 ad
448 1321 576 1383 corpora
598 1303 754 1366 coelestia.
801 1303 881 1365 Nam
896 1303 953 1383 ipsi
977 1323 1050 1365 sane
1074 1303 1173 1365 nullas
1192 1302 1310 1364 omuino
1330 1300 1516 1363 differentias
1531 1307 1637 1361 osteu-

281 1395 355 1454 dunt
385 1410 540 1472 corporum
574 1391 701 1454 illorum.
749 1390 850 1464 Quare
881 1391 949 1468 has,
984 1392 1027 1455 uti
1051 1393 1214 1472 putabunt,
1247 1389 1395 1470 ignobiles
1423 1397 1455 1451 et
1477 1395 1638 1451 terrestres

281 1481 467 1544 differentias
490 1499 585 1560 aequo
610 1481 708 1542 aniruo
737 1481 985 1544 intercoelestis
1016 1482 1125 1543 ferant.
1171 1481 1317 1542 Praestat
1345 1479 1423 1542 enim
1451 1477 1564 1558 aliquid
1588 1477 1637 1538 di-

280 1590 357 1646 cere,
382 1571 460 1651 quod
484 1569 514 1631 iu
537 1569 650 1631 nullam
672 1571 857 1650 palpabilem
872 1570 1091 1632 absurditatem
1107 1569 1253 1644 incurrat,
1279 1587 1367 1648 quam
1388 1565 1508 1629 omnino
1522 1573 1636 1628 tacere.

280 1660 327 1722 Ac
350 1659 451 1721 nescio
475 1677 563 1734 sane,
597 1677 635 1720 au
664 1677 721 1720 uon
746 1659 848 1721 divina
872 1666 904 1721 et
926 1659 1068 1722 coelestis
1095 1659 1196 1741 potios
1220 1658 1352 1738 qualitas
1383 1656 1511 1719 dicenda
1539 1656 1581 1716 sit
1602 1654 1634 1715 in

281 1747 461 1810 carbunculo
489 1765 620 1827 gemma,
653 1766 730 1828 quae
753 1749 884 1811 luculam
913 1748 996 1810 illam
1029 1749 1056 1810 ei
1081 1747 1237 1823 conciliat,
1272 1765 1361 1828 quam
1389 1745 1582 1807 elementaria
1604 1743 1637 1805 in

280 1835 352 1900 Sole
376 1837 416 1899 ad
439 1836 668 1899 calfaciendum.
715 1838 821 1918 Itaque
845 1835 1009 1900 Saturnum
1033 1837 1100 1900 dieo
1123 1837 1154 1899 in
1177 1836 1298 1898 humido
1322 1835 1482 1909 excedere,
1508 1833 1636 1895 delicere

280 1927 309 1989 in
334 1925 447 1999 calido,
480 1923 670 2006 aequiparari
699 1925 896 2006 dispositione
921 1926 1054 2006 corporis
1079 1925 1123 1988 sui
1153 1926 1260 2006 glaciei
1285 1929 1376 2006 (quae
1406 1923 1513 1985 cadem
1537 1921 1637 1984 bumi-

280 2014 407 2076 dissima
430 2022 491 2090 eat,
516 2021 621 2094 utpote
646 2033 739 2095 aqua,
765 2023 798 2076 et
820 2015 900 2076 ouini
923 2016 1024 2077 calore
1047 2015 1182 2095 privata)
1206 2015 1283 2076 unde
1307 2014 1379 2077 alba
1402 2013 1429 2073 ci
1453 2011 1638 2092 superficies,

281 2104 408 2184 ideoque
433 2104 564 2165 crassior
588 2103 707 2165 interna
730 2104 864 2184 corporis
887 2103 1046 2185 dispositio
1069 2123 1124 2166 nec
1139 2105 1298 2166 admodum
1316 2101 1475 2183 pellucido.
1522 2093 1637 2164 Attra-

237 2200 244 2220 '
282 2193 343 2273 logi
363 2185 507 2273 ¹frigidum
531 2198 564 2252 et
587 2192 698 2254 siceum
723 2194 839 2268 dicunt,
870 2193 948 2274 quod
971 2211 1047 2274 pene
1072 2193 1175 2256 eodem
1199 2193 1316 2255 recidit.
1363 2193 1512 2254 Aestates
1535 2197 1638 2250 tamen

279 2281 397 2363 pluvias
421 2290 453 2344 et
474 2281 597 2363 hyemes
621 2281 768 2361 ningidas,
795 2299 861 2343 oum
884 2289 1034 2361 operatur,
1062 2283 1186 2356 faciens,
1211 2283 1308 2362 magis
1328 2280 1465 2342 humidus
1490 2277 1549 2340 diei
1571 2295 1638 2339 me·

280 2378 372 2433 retur.
419 2370 490 2432 Jovi
519 2387 625 2451 corpus
654 2371 759 2433 mbino
788 2369 885 2432 simile
908 2371 1090 2442 tribuemus,
1124 2379 1157 2433 ιιι
1185 2369 1227 2432 sit
1254 2370 1421 2450 pellucidus
1450 2368 1489 2430 ob
1511 2367 1638 2429 multam

284 2459 380 2522 lucem
403 2458 566 2540 propriam,
592 2465 624 2520 et
647 2459 812 2540 aequabilis
836 2466 927 2540 atque
950 2460 1060 2523 mbens
1084 2461 1121 2522 ob
1146 2460 1293 2539 fulgorem
1316 2467 1348 2520 et
1370 2459 1510 2521 colorem.
1551 2457 1639 2518 Mars

285 2548 407 2611 carboni
431 2547 573 2610 candenti
598 2548 857 2630 aequiparabitur,
890 2569 926 2612 ex
951 2568 1008 2630 quc
1032 2549 1110 2630 ignis
1134 2548 1215 2610 intus
1239 2549 1340 2610 latens
1357 2546 1524 2628 polluceat:
1550 2546 1640 2625 ajunt

283 2637 361 2699 enim
385 2637 542 2717 astrologi,
567 2643 599 2698 et
621 2638 808 2717 experientia
830 2645 971 2713 testatur,
997 2639 1142 2700 torridam
1165 2645 1196 2698 et
1220 2644 1306 2698 aestu
1330 2636 1477 2698 fervidam
1496 2633 1557 2696 vim
1581 2633 1638 2695 ob-

282 2727 388 2788 tinere.
434 2725 550 2787 Veneri
573 2726 716 2790 electmm
740 2726 877 2789 dabimus
901 2727 1050 2807 aequabili
1074 2735 1106 2788 et
1129 2727 1210 2788 flava
1233 2726 1402 2808 superficie,
1428 2724 1466 2786 ob
1490 2724 1637 2804 fulgorem

281 2815 420 2876 eximium
444 2823 476 2876 et
498 2833 650 2890 croceum3
675 2824 709 2879 ut
731 2816 776 2878 ita
798 2817 866 2896 plus
890 2817 1045 2878 humectat
1067 2835 1156 2896 quam
1179 2815 1338 2886 calfaciat,
1368 2833 1444 2894 quae
1467 2813 1638 2894 proprietas
1741 2875 1746 2880 .

280 2903 500 2966 molliusoulum
524 2921 632 2983 corpus
655 2906 806 2985 requirere
829 2905 957 2968 videtur.
1005 2905 1171 2967 Mercurius
1201 2903 1328 2984 denique
1352 2902 1482 2984 saphyro
1506 2909 1559 2964 aut
1581 2900 1639 2963 tali

280 2992 370 3055 alicui
403 2991 635 3067 assimilabitur,
675 2995 752 3073 quod
784 2993 994 3073 pelluciditatc
1025 2993 1151 3056 acumini
1184 2992 1334 3055 radiomm
1366 2993 1461 3071 ipsius
1493 2990 1636 3065 sufficiat,

279 3083 406 3162 plusque
431 3084 569 3162 propriae
594 3100 683 3160 quam
707 3083 823 3144 alienae
848 3082 923 3144 lucis
947 3083 1106 3145 admittat:
1131 3082 1201 3162 quia
1224 3099 1290 3143 eam
1314 3081 1564 3143 combinationem
1578 3079 1637 3141 ba-

280 3171 340 3245 bet,
366 3169 416 3231 ubi
441 3170 524 3231 calor
546 3169 698 3233 humorem
722 3177 854 3250 superat.

822 3257 954 3320 Thesis
976 3257 1095 3320 XXXI.

366 3345 498 3407 Ratione
522 3345 624 3426 itaque
648 3343 722 3406 lucia
745 3347 936 3408 mutuatitiaa
960 3347 1009 3408 vel
1032 3346 1163 3410 humoris
1186 3344 1372 3410 considerari
1387 3353 1512 3425 possunt
1532 3363 1636 3408 eorum

279 3434 462 3496 emersioues
485 3435 534 3496 vel
558 3432 776 3496 occultationes
799 3443 831 3496 et
853 3435 1070 3515 oppositiones.
1118 3435 1267 3499 Saturnus
1294 3435 1345 3498 11.
1370 3435 1445 3496 Maii
1479 3435 1637 3515 oppositus

276 3521 342 3586 Soli
367 3531 398 3584 et
425 3520 475 3586 18.
501 3523 628 3584 Novem.
654 3521 752 3583 eidem
776 3523 965 3604 conjunctos,
1000 3525 1263 3600 humectationem,
1289 3543 1378 3606 quam
1402 3523 1510 3597 habat,
1535 3524 1636 3586 nuin-

278 3631 335 3692 qua
355 3611 508 3674 exercebit
531 3611 679 3686 maxime,
704 3611 775 3690 quia
796 3613 916 3692 plenam
940 3613 1048 3675 faciem
1072 3635 1091 3676 a
1115 3613 1187 3676 Sola
1209 3614 1392 3678 illustratam
1417 3613 1456 3674 ad
1479 3630 1533 3674 uos
1558 3631 1635 3674 con-

276 3707 386 3762 vertet.
432 3701 517 3762 Haec
545 3699 594 3763 11.
618 3699 774 3762 Februarii
797 3708 829 3763 et
852 3698 881 3765 9.
907 3702 987 3782 Aug.
1013 3703 1137 3766 minima
1169 3703 1229 3765 erit
1261 3704 1291 3764 in
1324 3710 1451 3781 utroque
1475 3701 1635 3782 quadrato.

277 3789 398 3868 Jupiter
421 3789 500 3851 idem
519 3787 556 3852 9.
580 3787 696 3868 Aprilis
719 3789 749 3850 in
773 3791 912 3870 opposito
937 3799 968 3852 et
991 3787 1044 3853 26.
1070 3791 1180 3854 Octob.
1204 3793 1235 3853 in
1260 3791 1486 3870 conjunctione;
1510 3797 1635 3852 coutra-

278 3876 354 3939 rium
376 3874 407 3940 8.
432 3878 501 3939 Jan.
527 3886 559 3939 et
582 3872 611 3939 6.
633 3875 707 3939 Julii
729 3879 759 3940 iu
784 3880 941 3960 quadrato.
987 3881 1073 3942 Mars
1105 3881 1183 3942 idem
1208 3880 1400 3959 (quantulum
1421 3878 1539 3958 quidem
1564 3879 1633 3958 ejus

277 3965 385 4040 habet)
410 3963 441 4030 5.
465 3967 572 4029 Martii
595 3967 625 4027 in
649 3967 787 4046 opposito
812 3967 908 4045 Solis,
934 3969 1116 4032 contrarium
1140 3966 1170 4034 9.
1194 3967 1265 4030 Jun.
1289 3970 1318 4031 iu
1343 3969 1507 4049 quadrato,
1535 3967 1634 4029 inter·
1730 3994 1732 4002 ,

273 4054 367 4134 jectis
391 4063 424 4117 et
446 4056 641 4136 sequentibus
664 4058 849 4137 temporibus
874 4059 1056 4121 successive.
1104 4057 1233 4120 Veneris
1258 4059 1319 4120 alia
1342 4058 1421 4119 ratio
1445 4065 1510 4130 est,
1544 4063 1635 4118 utet

276 4143 429 4208 Mercurii.
477 4145 559 4208 Nam
586 4141 634 4208 15.
658 4145 731 4207 Maii
755 4147 916 4227 conjuncta
939 4147 1004 4210 Soli
1028 4166 1132 4227 supra,
1156 4147 1314 4227 plurimum
1333 4143 1531 4219 humectabit,
1562 4153 1635 4207 aute

277 4241 309 4293 et
331 4241 403 4313 post
425 4234 598 4296 successive
623 4233 737 4296 minus:
767 4243 799 4297 et
822 4255 899 4298 anuo
934 4236 1042 4298 abbine
1072 4236 1187 4312 altero,
1217 4235 1297 4298 infra
1319 4235 1385 4297 Soli
1404 4234 1511 4314 juncta
1542 4233 1634 4295 mini-

276 4341 366 4385 mum.
413 4323 462 4384 lta
490 4323 659 4386 Mercurius
693 4324 818 4405 exignus
845 4325 875 4386 in
905 4327 961 4386 hoc
990 4333 1039 4388 est
1067 4321 1096 4388 4.
1128 4325 1197 4386 Jun.
1230 4322 1280 4388 30.
1308 4323 1433 4404 Aprilis.
1471 4319 1523 4387 29.
1548 4323 1630 4403 Aug.
1705 4395 1712 4404 .

279 4407 330 4475 19.
354 4411 498 4474 Deoomb.
544 4413 624 4475 Nam
646 4413 727 4475 infra
745 4411 809 4476 Soli
829 4413 952 4493 junctus
976 4433 1092 4476 omnem
1104 4413 1210 4476 faeiem
1234 4413 1338 4477 aSole
1362 4413 1546 4474 illustratam
1560 4430 1631 4474 sur-

276 4519 342 4563 sum
374 4501 481 4563 vertit:
515 4502 672 4582 plurimum
699 4519 770 4564 vero
804 4499 833 4566 9.
859 4503 981 4580 Martii,
1015 4502 1068 4566 27.
1092 4502 1188 4576 Junii,
1224 4500 1274 4567 19.
1299 4501 1369 4566 Oct.
1393 4503 1511 4582 quaudo
1540 4519 1634 4582 supra

276 4587 341 4651 Soli
361 4590 507 4672 jungitur,
532 4599 564 4653 et
585 4591 768 4654 illustratam
792 4591 900 4654 faciem
924 4592 1063 4656 deorsum
1087 4593 1189 4654 vertit.

810 4679 940 4743 Thesis
963 4681 1097 4744 XXXII.

367 4765 501 4830 Ratiom
524 4767 599 4831 lucis
622 4775 653 4832 et
676 4767 797 4832 virtutis
820 4771 962 4851 propriae
975 4769 1171 4834 calfactoriae
1195 4767 1357 4843 dubitatur,
1383 4766 1477 4830 altine
1493 4765 1633 4830 fortiores
