3674 5528
699 279 730 328 de
749 279 821 331 rebus
841 281 1001 346 uuologicia.
1469 283 1527 351 3531
1610 236 1614 244 ἑ

170 431 239 492 aliis
262 429 363 494 literis
388 433 435 510 (p.
460 426 552 512 339).
598 433 730 518 Videtur
755 454 793 496 es
821 434 889 515 ipsa
917 455 986 500 esse
1010 439 1110 516 regio,
1144 440 1223 503 unde
1254 441 1293 504 ad
1317 460 1372 504 nos
1398 444 1537 521 pervenit

170 525 280 582 ventus
296 519 486 596 „Nordost“
512 520 561 600 qni
584 540 705 602 semper
728 523 866 602 frigidas.
912 524 995 604 Ergo
1019 526 1128 606 aliquis
1152 526 1194 588 ibi
1214 530 1298 592 onlus
1323 531 1434 604 mundi,
1458 532 1534 594 unde

170 617 235 669 tam
258 607 364 687 frigidi
388 608 481 670 venii.
528 609 596 670 Non
621 610 714 690 liquet
736 630 791 673 nec
814 612 891 673 libet
913 613 942 674 in
967 633 1030 675 rem
1052 623 1245 692 praesentem
1268 619 1380 680 venire.

178 712 183 716 ·
241 694 430 746 Fabricius:
450 694 578 762 Sicanda
596 703 747 748 cometarum
766 713 782 750 a
801 697 858 750 Sole
878 706 1009 760 causatur,
1036 716 1079 752 cnr
1096 717 1146 752 non
1165 709 1191 753 st
1209 704 1284 755 Luna
1301 706 1409 756 eandam
1426 708 1532 770 projicit,

171 781 228 816 cnm
244 781 296 816 non
316 767 418 817 dubium
436 768 476 826 sit,
495 773 647 818 cometarum
665 784 767 834 corpora
784 785 834 820 uon
852 773 932 822 minna
951 771 1029 824 densa
1048 788 1111 834 esse,
1133 789 1206 840 qnam
1226 773 1334 826 Lunae?

261 838 474 916 Keplerns':
507 839 553 900 De
578 839 624 901 his
655 841 825 924 conplura
849 843 948 905 dicere
976 862 1115 923 possum,
1151 865 1238 925 quam
1270 846 1299 908 in
1325 845 1453 928 Opticis.
1500 847 1534 909 Si

171 945 271 1006 opaca
294 935 400 988 essent
422 939 570 1007 corpora,¹
583 935 617 990 ui
638 929 735 1005 Luna,
761 949 820 992 non
844 931 1026 1012 projicerent
1049 932 1187 995 caudam.

243 1029 344 1082 Deinde
361 1034 442 1098 pergit
454 1031 620 1097 Keplerns,
640 1035 673 1090 ad
692 1035 754 1086 alias
767 1035 875 1087 Fabricii
886 1039 1046 1102 quaestiones
1059 1037 1221 1103 respondens.
1240 1053 1304 1104 quae
1320 1055 1350 1090 ex
1361 1041 1419 1105 ipsis
1432 1053 1532 1108 respou-

171 1103 282 1152 sionibus
299 1103 403 1167 Kepleri
421 1105 558 1166 patebunt:
1106 1135 1111 1140 -

260 1191 309 1254 De
333 1191 452 1254 arcanis
471 1193 741 1274 experimentisque
766 1195 894 1275 propriis
921 1191 1116 1278 'commendas
1148 1198 1219 1260 mihi
1244 1199 1410 1262 Ptolemaei
1434 1201 1531 1280 apho-

172 1281 296 1342 rismum
320 1283 350 1342 in
374 1278 604 1359 Quadripertito
633 1282 671 1343 de
694 1283 925 1362 coangnlaticne
951 1284 1093 1346 siderum.
1140 1286 1208 1348 Non
1233 1289 1322 1350 credo
1352 1288 1412 1349 tuis
1436 1307 1531 1368 gene-

76 1401 84 1413 =
171 1369 289 1430 ralibns
313 1369 491 1441 affirmatis;
515 1388 638 1432 recense
663 1371 871 1450 experimenta
893 1391 947 1452 per
969 1383 1084 1452 partes,
1109 1375 1249 1452 opinione
1270 1376 1415 1456 pauciora
1435 1385 1529 1440 erunt.

172 1459 330 1534 Aspcctns
357 1457 550 1536 planetarum
578 1459 617 1519 ad
641 1459 748 1520 stellas
775 1467 921 1539 perpetuo
948 1459 1056 1523 infiniti
1081 1470 1166 1536 sunt,
1200 1483 1258 1526 nnn
1287 1465 1380 1544 igitur
1403 1466 1467 1545 apti
1491 1468 1529 1528 ad

172 1545 355 1624 objectivaru
380 1545 616 1608 admonitionem
640 1547 690 1608 vel
714 1548 943 1610 commotionem
967 1549 1147 1612 facultatum
1173 1553 1365 1616 naturalium.

144 1681 147 1686 .
263 1632 325 1696 Cur
348 1633 427 1695 inter
449 1641 592 1713 aspectus
620 1634 649 1696 in
675 1637 755 1698 nullo
772 1655 863 1698 censu
887 1637 949 1698 sint
973 1639 1003 1714 ό
1018 1641 1055 1713 00,
1081 1647 1113 1702 et
1136 1641 1214 1712 Ul)
1241 1649 1274 1702 et
1297 1638 1336 1718 Θ
1370 1641 1430 1704 dixi
1455 1663 1527 1706 cau·

172 1741 238 1783 sam
264 1723 293 1783 iu
317 1721 542 1812 Fundamentis.
589 1724 634 1784 Tu
658 1743 728 1785 vero
756 1725 886 1804 paginas
911 1725 1016 1788 studes
1045 1726 1170 1807 implere
1198 1751 1366 1810 περιεργοις.
1414 1729 1530 1792 Eadem

172 1817 277 1872 teneto
302 1811 338 1872 de
362 1811 487 1872 heliacis
511 1811 675 1874 exortibus.
721 1811 836 1876 Eorum
859 1813 904 1874 vis
929 1815 1075 1876 naturalis
1098 1817 1221 1896 propria
1237 1819 1329 1880 nulla.
1376 1817 1455 1882 Sunt
1468 1820 1528 1900 igi-

172 1911 221 1961 tur
245 1899 333 1978 signa
356 1908 408 1962 aut
432 1907 522 1962 notae
547 1909 713 1981 temporum
736 1921 774 1964 ex
797 1901 923 1964 arbitrio
947 1903 1111 1979 hominnm,
1144 1905 1215 1985 qnia
1238 1906 1306 1968 aliis
1331 1907 1434 1982 citius,
1459 1909 1528 1970 aliis

171 1989 290 2050 tardius
323 1989 470 2064 emuntur,
505 1997 594 2068 prout
615 1989 682 2050 risu
706 1990 810 2052 valent
841 1990 985 2053 homines.
1033 1992 1099 2053 Nec
1127 1993 1263 2074 seqnitur
1293 2014 1391 2058 rerum
1419 2003 1529 2059 natura

172 2084 308 2138 nostram
332 2077 415 2138 visus
438 2077 687 2140 imbecillitatem.
734 2077 795 2140 Sed
820 2079 857 2140 de
881 2079 990 2140 hocin
1014 2079 1240 2143 Fundamentis.

264 2163 362 2226 Venio
386 2165 424 2226 ad
449 2166 554 2227 literas
579 2161 608 2228 6.
626 2161 710 2239 (16.)
726 2167 832 2241 Febr,
859 2187 933 2246 quas
957 2167 1086 2247 geminis
1110 2171 1287 2250 expressisti
1306 2169 1528 2250 exemplaribus

171 2256 285 2334 (comp.
312 2253 362 2316 lib.
387 2253 424 2314 de
448 2252 547 2316 Stella
570 2253 689 2330 Nova),
721 2274 843 2335 quorum
869 2257 1057 2319 alterurnde
1082 2255 1191 2320 Schele
1215 2259 1322 2322 nudius
1346 2259 1465 2322 deinum
1489 2260 1528 2322 ad

171 2362 218 2404 ine
241 2343 335 2416 misit,
360 2343 488 2404 alterum
507 2343 674 2421 exemplum
697 2362 751 2405 suo
775 2351 909 2424 tempore
933 2353 982 2406 est
1005 2346 1163 2408 redditum.

208 2509 218 2514 st
260 2430 328 2510 Ego
361 2430 506 2510 impedior
530 2432 583 2504 (ab
617 2430 907 2507 obseruationibus);
941 2434 1099 2495 catarrhus
1127 2455 1174 2497 me
1203 2436 1317 2498 bilosne
1350 2435 1526 2498 hisdiebus

170 2541 188 2580 a
214 2519 241 2580 1.
259 2517 330 2582 Jnn.
355 2526 449 2581 tenet.
496 2516 591 2581 Sica
617 2515 666 2583 12.
691 2520 720 2581 in
745 2517 797 2583 22.
822 2521 910 2583 Febr.
936 2522 993 2584 fnit
1017 2524 1152 2585 defluxus
1170 2524 1427 2604 ,interscapilinm
1453 2523 1526 2586 bra-

169 2607 304 2671 chiorum
330 2615 442 2670 motum
466 2608 648 2687 impediens;
678 2609 816 2690 utrinqne
840 2607 860 2688 b
885 2611 915 2672 in
939 2629 1049 2674 occasu
1079 2631 1157 2674 meo.
1204 2613 1249 2674 Tu
1272 2613 1297 2676 si
1321 2613 1439 2674 videres
1462 2613 1525 2673 lieri

170 2693 256 2774 0οΘ
283 2703 315 2757 et
337 2692 372 2774 5,
407 2698 437 2772 ό
452 2693 492 2774 Θ
517 2704 550 2757 et
572 2705 611 2771 d,
647 2692 710 2776 005
735 2705 766 2760 et
789 2705 815 2768 ὀ
838 2698 867 2759 in
887 2707 938 2761 tno
959 2707 1065 2762 exortu
1093 2707 1125 2762 et
1155 2719 1278 2774 occasu,
1311 2709 1392 2762 metu
1416 2708 1524 2762 conta-

170 2787 323 2848 besceres.
371 2785 469 2846 Video
485 2803 540 2864 ego
558 2785 697 2847 effectum
721 2793 753 2848 et
774 2787 936 2866 praescivi,
961 2796 994 2848 at
1014 2807 1072 2850 non
1087 2787 1191 2864 metui,
1216 2789 1286 2870 quia
1309 2789 1382 2851 nibil
1405 2795 1529 2867 praeter
1567 2813 1571 2820 ·

166 2883 296 2936 naturae
319 2873 457 2948 modum,
482 2874 539 2936 nisi
564 2893 611 2934 me
634 2873 700 2954 ipso
725 2895 845 2937 manum
869 2877 1063 2952 admovente,
1098 2877 1169 2939 mibi
1193 2879 1312 2938 evenire
1335 2895 1428 2956 posse
1451 2875 1523 2938 scic.

169 2963 268 3044 igitur
299 2970 332 3025 et
363 2981 456 3026 caveo
484 2969 516 3024 et
547 2969 683 3042 tempero
718 2984 736 3024 a
767 2965 945 3044 periculosis
977 2965 1159 3042 actionibus,
1194 2965 1336 3028 libertate
1368 2965 1523 3040 sermonis,

168 3052 325 3132 suspectis
359 3050 572 3130 scriptionibus
602 3053 639 3112 de
662 3052 751 3114 rebus
778 3053 960 3133 principum,
993 3055 1088 3117 donec
1116 3053 1274 3116 transierit
1297 3054 1345 3116 hic
1369 3053 1524 3115 transitus.

166 3139 222 3204 Sin
242 3147 344 3202 antem
368 3159 406 3202 ex
428 3139 484 3202 hnc
507 3138 653 3220 principio
676 3142 847 3220 pulmonum
862 3142 958 3204 erasis
974 3151 1005 3204 et
1019 3143 1140 3224 phtysis
1154 3173 1196 3186 -
1220 3151 1253 3206 at
1267 3141 1395 3204 materis
1409 3148 1480 3203 ante
1494 3139 1523 3202 in

166 3247 294 3308 corpore
320 3229 386 3302 fnit,
411 3246 469 3289 non
493 3247 547 3308 per
570 3228 625 3290 hos
649 3237 791 3308 aspectus
817 3230 872 3292 init
887 3231 1069 3306 introducta,
1094 3232 1147 3294 sed
1172 3239 1289 3294 tanturn
1306 3231 1415 3305 excita,
1440 3229 1524 3310 potui

168 3317 263 3396 igitur
287 3317 403 3378 meliori
426 3316 530 3378 diaeta
542 3334 736 3395 praecavere.
782 3319 904 3382 Excuso
918 3327 1019 3394 astra;
1043 3320 1117 3390 scio,
1141 3339 1196 3382 nos
1212 3338 1389 3402 quocunqne
1404 3318 1523 3380 vivendi
1581 3361 1587 3366 -
1699 3309 1702 3317 ’
1818 3308 1819 3318 ’

165 3423 280 3485 genere
304 3405 379 3466 nihil
403 3404 484 3466 aliud
508 3423 597 3485 qnam
621 3405 706 3468 mori.

181 3531 184 3539 ·
237 3509 404 3560 Fabricius
423 3505 458 3571 (d.
479 3506 519 3558 ld.
539 3507 628 3571 rabi:
656 3510 729 3560 Mitto
755 3507 858 3574 genesin
878 3509 920 3558 iiiii
938 3511 1109 3575 primogeniti,
1138 3513 1179 3575 qni
1201 3511 1278 3562 literis
1303 3525 1369 3562 nnnc
1392 3511 1522 3560 incumbit.

165 3581 220 3631 Tuo
236 3581 332 3644 juditio
354 3581 409 3644 plna
426 3582 515 3638 tribuo,
534 3595 608 3645 qnam
626 3596 681 3630 mec
701 3606 735 3616 -
754 3579 783 3629 ln
795 3579 881 3638 literis,
900 3595 964 3645 qnae
976 3581 1023 3630 bas
1035 3582 1184 3632 subsecutae
1202 3588 1259 3632 sunt
1277 3582 1301 3631 d.
1319 3582 1358 3630 1².
1371 3582 1444 3646 Apu,
1464 3597 1522 3631 san-

166 3652 224 3702 dam
242 3652 389 3715 petitionem
406 3653 442 3708 ric
460 3653 563 3715 repetit:
591 3651 699 3716 Egregie
715 3663 799 3700 meam
817 3653 920 3716 genesin
939 3652 1089 3716 descripsisti
1107 3669 1198 3717 nuper,
1217 3667 1248 3704 ac
1267 3655 1288 3704 si
1305 3653 1364 3702 mihi
1383 3655 1429 3718 ipsi
1446 3653 1525 3717 pictor

164 3723 276 3771 inissem.
313 3721 352 3770 'ln
368 3724 395 3771 in
414 3723 463 3772 filio
481 3722 548 3774 idem
565 3735 659 3786 quaeso
677 3727 797 3786 praestes,
817 3723 897 3772 iacies
915 3729 1014 3788 gratnm
1033 3723 1149 3774 officinm.
1187 3723 1240 3790 Ego
1264 3725 1324 3774 mihi
1347 3725 1372 3773 in
1390 3725 1420 3773 lia
1439 3724 1526 3774 studiis

164 3807 254 3857 parurn
272 3793 362 3851 tribuo,
383 3799 409 3843 at
426 3807 493 3843 nnnc
510 3794 581 3858 qnasi
599 3791 681 3842 nullus
699 3807 762 3842 snm.

256 3881 462 3962 Keplerns:
497 3881 566 3944 Filii
591 3881 634 3944 tui
657 3881 781 3960 genesin
807 3901 859 3943 cnr
882 3891 1027 3956 tractem,
1052 3902 1118 3945 cnm
1138 3891 1170 3944 tn
1189 3884 1253 3962 jam
1277 3904 1296 3945 a
1318 3883 1415 3945 tribus
1438 3883 1525 3944 annis

164 3971 266 4034 induci
290 3990 349 4032 non
374 3971 484 4050 possis,
509 3977 543 4034 at
566 3970 602 4032 de
627 3987 696 4031 mea
719 3970 900 4032 transmissa
923 3971 1027 4050 genesi
1042 3971 1186 4051 judicium
1206 3973 1295 4046 ieras,
1319 3979 1456 4034 metuens
1480 3991 1523 4033 sc.

164 4059 213 4135 id,
248 4059 327 4140 quod
351 4077 401 4120 res
424 4067 486 4134 est,
521 4079 557 4120 ne
581 4059 777 4122 irretiamsste
805 4059 835 4120 in
865 4059 1055 4138 dogmatibus
1088 4059 1290 4139 astrologicis.
1337 4058 1399 4121 Sed
1423 4068 1525 4123 tamen

164 4149 367 4228 obsequamur
391 4147 534 4222 nonnihil,
554 4147 641 4227 qnasi
664 4154 825 4225 praeterea
848 4147 922 4208 nihil
946 4148 996 4222 sit,
1022 4148 1099 4228 qnod
1115 4155 1289 4211 tractemus.
1337 4146 1378 4226 Θ
1399 4149 1426 4209 in
1441 4145 1523 4228 Uli,

161 4239 189 4310 J)
217 4237 247 4298 in
270 4235 362 4316 DQ,
387 4235 419 4311 'il
441 4236 470 4298 in
494 4240 531 4306 Δ
547 4235 571 4310 Q
595 4245 628 4298 et
650 4237 710 4298 imo
735 4236 820 4311 coeli,
845 4244 916 4297 sunt
940 4245 1081 4316 aspectus
1098 4236 1201 4310 validi,
1224 4243 1259 4298 nt
1281 4255 1338 4298 non
1358 4239 1437 4299 male
1451 4259 1523 4319 spe-

162 4326 321 4401 rem3'ille
346 4325 534 4401 industriam,
559 4325 617 4386 iste
641 4323 802 4406 ingenium,
828 4327 883 4387 sed
905 4343 1024 4404 vagum,
1050 4325 1099 4386 iric
1121 4325 1249 4404 gratiam
1268 4325 1436 4405 pollicetur.
1479 4327 1525 4388 At

163 4434 235 4478 vero
259 4412 279 4494 fi
303 4434 360 4495 per
383 4414 573 4476 latitudinem
596 4422 691 4476 anstr.
716 4431 858 4492 magnam
881 4414 911 4474 in
935 4413 1021 4492 signo
1050 4413 1291 4476 brevissimarum
1316 4412 1523 4475 ascensionum

162 4512 195 4567 et
222 4523 335 4586 magna
362 4503 425 4583 poli
448 4503 641 4566 inclinatione
666 4503 756 4564 valde
781 4501 897 4566 vicinus
921 4509 970 4564 est
993 4503 1114 4575 orienti,
1141 4510 1173 4564 et
1201 4511 1292 4583 puto,
1321 4502 1411 4580 plane
1435 4501 1522 4563 iniis.

161 4594 203 4656 Tu
227 4595 336 4674 itaque
361 4592 466 4671 cogita
489 4591 526 4654 de
549 4591 717 4654 directione
743 4591 809 4669 ejus
831 4589 869 4652 ad
894 4591 1050 4654 orientem.
1095 4591 1184 4654 Facit
1212 4591 1259 4652 bic
1283 4589 1358 4651 situs
1382 4587 1522 4668 frigidum

161 4685 187 4745 in
211 4685 328 4766 legum.
343 4680 556 4744 observatione
579 4687 612 4744 et
635 4697 735 4742 amore
758 4679 1005 4760 propinquornm3
1040 4697 1174 4741 erronem
1199 4680 1307 4750 babes,
1337 4695 1394 4736 non
1419 4676 1521 4739 infeli-

156 4793 230 4842 cem.
279 4773 319 4838 ln
354 4770 582 4854 comparatione
612 4787 679 4834 cum
712 4775 766 4832 tna
795 4767 898 4849 genesi
927 4786 985 4830 nen
1014 4767 1173 4831 admodum
1201 4766 1243 4830 ini
1271 4764 1455 4840 delectatus,
1487 4772 1523 4828 nt
