3698 5516
752 311 757 320 .
786 283 874 326 mre
890 275 989 338 Um·
1504 273 1569 344 2ῗᾶ

195 426 275 489 dere.
323 425 402 490 Stat
431 428 537 510 itaque
566 430 696 492 assertio
719 431 791 494 Ursi
818 432 904 494 firma
932 441 965 494 et
990 433 1151 496 immobilis
1183 440 1219 494 ut
1244 451 1348 498 comus
1378 433 1467 498 uuioa
1496 445 1565 498 rota

197 515 314 578 seilicet
341 517 510 580 subnixus.
553 519 632 582 Nam
660 520 687 581 si
718 527 837 599 partem
860 527 971 596 totum,
1003 521 1030 582 si
1053 521 1111 584 dne
1134 521 1241 600 viginti
1269 541 1337 584 esse
1365 525 1565 606 persuaserit,

199 605 254 666 hoc
282 623 403 686 quoqne
434 607 517 686 quod
548 608 745 670 conunderar
777 609 936 671 obtinebit
982 609 1120 688 Denique
1147 609 1225 672 sicut
1253 618 1346 672 antea
1368 611 1566 690 Apollonium

200 693 309 772 negavi
337 694 532 772 professione
560 696 653 760 fuisse
682 705 900 770 astronomum,
940 716 1032 776 quare
1060 716 1155 777 neque
1183 715 1237 776 pro
1267 705 1389 762 auctore
1421 717 1567 765 novarum

202 781 419 862 hypothesium
443 783 613 846 habendum
636 786 795 848 contendi:
825 786 871 848 ita
894 786 942 848 hic
965 786 1045 848 idem
1069 786 1162 848 multo
1187 785 1306 865 quidem
1329 786 1492 850 efficaciori
1515 807 1567 850 ar-

204 878 348 950 gumento
371 889 480 952 urgeo.
526 872 605 934 Nam
634 873 693 934 etsi
711 875 866 954 Apollonii
895 875 1051 953 problema
1060 874 1111 962 ‚de
1145 873 1218 938 solis
1246 875 1430 960 stationibus
1457 876 1565 954 plaee-

206 969 306 1020 tarum
331 959 404 1036 luit,
434 961 540 1022 horum
562 979 633 1022 vero
658 971 815 1026 auctorum
839 962 1041 1042 cogitationes
1069 961 1099 1022 in
1123 969 1201 1022 tota·
1218 962 1374 1023 machinae
1398 964 1565 1025 mundanae

207 1047 303 1110 torma
326 1057 501 1128 vagantur:
529 1049 580 1111 ille
609 1057 712 1112 temen
738 1070 810 1112 suae
840 1051 1022 1112 inventionis
1047 1051 1205 1129 (quantum
1236 1051 1294 1112 sibi
1317 1060 1471 1130 geometra
1493 1071 1565 1132 pro-

206 1139 365 1214 posuerat)
390 1147 498 1198 auctor
519 1138 632 1218 primus
655 1139 762 1201 merito
788 1139 971 1200 celebratur:
1000 1138 1031 1200 hi
1055 1138 1171 1200 alienas
1196 1139 1232 1199 de
1256 1140 1366 1200 mundo
1390 1141 1564 1220 conceptio-

205 1245 260 1286 nes
284 1226 322 1286 de
346 1226 499 1288 industria
522 1227 735 1289 consarcinant
758 1227 853 1308 iisque
878 1247 934 1288 sua
958 1245 1051 1306 opera
1075 1235 1234 1300 exornant,
1257 1247 1313 1289 nec
1333 1227 1391 1289 sibi
1411 1237 1563 1308 arrogant,

206 1314 233 1376 si
255 1333 357 1393 pauca
378 1314 410 1375 in
432 1315 534 1378 Plinio
556 1316 710 1395 excipias,
740 1335 815 1396 quae
840 1316 891 1378 ille
916 1335 935 1375 a
959 1315 1100 1378 Vitruvio
1123 1321 1261 1379 mutuata
1284 1333 1343 1378 nen
1366 1335 1479 1395 magua
1500 1318 1565 1397 ejus

206 1403 318 1480 injuria
342 1403 522 1476 dissimulat,
546 1423 612 1466 cum
636 1413 761 1484 uterque
785 1404 942 1466 erraverit.
988 1404 1169 1483 Apollonius
1188 1403 1309 1468 laudem
1323 1403 1436 1482 ingenii
1460 1407 1565 1478 etad·

205 1491 400 1552 mirationem
423 1491 554 1552 omnium
577 1493 775 1555 subtilissima
798 1503 830 1554 et
852 1493 1013 1554 verissima
1029 1492 1234 1572 speculatione
1250 1492 1373 1553 meruit:
1398 1493 1567 1556 hiscateut

206 1579 360 1642 erroribus
385 1587 417 1640 et
438 1579 569 1660 gratiam
592 1581 710 1662 quidem
734 1581 848 1643 habent
875 1580 1122 1644 transmissarum
1153 1581 1193 1642 ad
1215 1599 1270 1642 nos
1294 1581 1344 1646 vel
1367 1589 1565 1644 conservata-

205 1687 274 1730 rum
296 1667 417 1730 illarum
439 1669 691 1748 speculationum:
722 1671 905 1752 peculiarem
923 1687 996 1730 vero
1019 1669 1148 1749 gloriam
1171 1688 1226 1732 uec
1250 1668 1307 1730 sibi
1331 1688 1386 1733 uec
1409 1671 1565 1752 magistris

205 1756 271 1818 suis
295 1757 499 1818 redemerunt.
544 1758 627 1818 Male
651 1758 807 1820 nobiscum
830 1766 954 1838 agatur,
985 1757 1011 1818 si
1035 1759 1196 1820 etiamnum
1222 1756 1407 1826 astronomia
1429 1757 1458 1825 in
1478 1767 1566 1826 aare

203 1845 422 1907 incertitudine
445 1853 591 1918 versetur,
616 1847 642 1907 si
665 1855 783 1908 tantum
807 1848 970 1908 etiamnum
992 1846 1024 1907 in
1046 1846 1101 1907 ille
1117 1846 1349 1920 desideraretur,
1375 1845 1401 1908 si
1424 1847 1563 1909 latitudi-

205 1953 292 2008 num,
327 1934 354 1995 si
385 1934 597 2013 erogationum
625 1935 756 1998 Veneris
791 1943 823 1996 et
851 1935 992 1997 Mercurii
1025 1935 1157 2014 cognitio
1186 1953 1243 1996 nou
1273 1934 1399 1995 certior:
1433 1935 1459 1996 si
1483 1934 1565 1998 Solis

204 2021 366 2084 circuitum
389 2023 552 2085 etiamnum
574 2024 716 2086 inflexum
740 2031 773 2085 et
795 2031 963 2095 contortum
986 2029 1141 2105 putemus:
1167 2022 1193 2083 si
1209 2042 1317 2083 causas
1341 2041 1438 2084 rerum
1462 2033 1565 2086 astro·

205 2111 396 2174 nomicamm
418 2130 477 2172 noo
501 2111 640 2172 meliores
663 2112 837 2187 habeamus,
861 2131 951 2191 quam
973 2112 1011 2172 ab
1026 2111 1088 2173 illis
1103 2110 1270 2172 didicimus.
1316 2111 1364 2172 Ac
1387 2109 1445 2172 nisi
1461 2112 1566 2192 Tycho
1661 2166 1664 2171 .

204 2199 263 2273 his,
291 2219 368 2280 quas
392 2200 449 2262 sibi
472 2199 578 2262 merito
601 2201 746 2274 vindicat,
771 2199 988 2282 hypothesibus
1013 2199 1230 2261 astronomiam
1253 2198 1341 2260 nobis
1355 2201 1566 2278 perfectiorem
1617 2251 1620 2268 .

207 2287 383 2361 tradiderit,
409 2307 498 2369 quem
520 2289 564 2351 illi
588 2289 752 2368 reliquere:
786 2307 844 2350 non
868 2289 1046 2367 deprecetur
1073 2287 1208 2368 quamvis
1231 2293 1327 2348 totum
1350 2287 1400 2348 ille
1424 2289 1565 2350 mundum

207 2377 386 2457 complexus
409 2377 459 2451 sit,
485 2375 553 2456 quio
577 2377 791 2440 meditationes
815 2396 887 2438 suae
911 2376 990 2437 inter
1012 2376 1152 2438 Pliniana
1175 2376 1319 2454 figmenta
1342 2375 1511 2438 referantur
1533 2387 1566 2440 et

207 2465 337 2546 indigna
359 2465 539 2538 habeantur,
563 2465 670 2546 quibus
694 2465 900 2546 hypotheseon
924 2465 1191 2526 astronomicarum
1215 2483 1322 2526 nomen
1346 2464 1505 2528 tribuatur.

299 2553 363 2616 Sed
388 2553 464 2614 alios
487 2555 609 2633 insuper
630 2555 769 2634 producit
792 2562 931 2616 auctores
955 2553 1166 2634 Tychonianae
1191 2552 1407 2634 hypotheseos;
1431 2572 1489 2614 non
1509 2573 1562 2616 so·

208 2643 256 2704 los
279 2643 325 2704 illi
349 2649 531 2722 geometras,
554 2642 705 2723 physicos,
731 2643 924 2715 architectos,
949 2641 1094 2702 historiae
1113 2642 1232 2702 navalis
1247 2641 1420 2720 scriptores,
1443 2649 1560 2720 poetas,

205 2730 436 2811 grammaticos,
462 2731 662 2794 astronomiae
686 2732 840 2812 imperitos
864 2730 984 2810 objicit:
1010 2750 1083 2811 quos
1099 2738 1205 2792 contra
1224 2729 1467 2791 dissimilitudine
1490 2751 1563 2811 pro-

205 2819 353 2882 fessionis
382 2819 531 2899 excipiat:
561 2820 697 2901 sequitur
725 2828 758 2881 et
780 2829 1036 2894 astronomus,
1071 2828 1311 2880 astronomorum
1330 2817 1460 2878 omnium
1491 2829 1563 2898 pest

206 2909 419 2970 Ptolemaeum
443 2908 671 2984 celeberrimus,
698 2929 751 2971 nec
776 2908 904 2970 scientia
922 2915 1058 2978 tantum,
1091 2908 1145 2968 sed
1171 2915 1200 2967 et
1225 2913 1334 2966 eventu
1357 2907 1457 2966 clarus
1481 2909 1562 2968 edito

136 3059 141 3066 ,
204 2997 497 3060 Revolutienum
524 2998 746 3059 coelestium
770 3015 875 3076 opere,
903 2997 980 3056 uude
1009 2996 1131 3057 tabulae
1162 2995 1317 3056 derivatae
1341 3002 1425 3066 sunt,
1454 2996 1561 3075 quibus

205 3087 298 3149 hodie
323 3087 354 3148 in
380 3106 450 3148 usus
473 3085 707 3166 Ephemeridum
731 3086 862 3166 receptis
885 3085 1016 3164 priorum
1036 3083 1157 3146 tabulae
1173 3083 1349 3163 antiquatae
1364 3091 1443 3144 sunt.
1482 3085 1560 3163 Age,

205 3177 295 3250 Urse,
319 3175 417 3237 virum
442 3182 472 3236 te
495 3183 634 3254 praesta:
663 3183 777 3238 rectam
801 3175 879 3236 enim
902 3174 981 3234 viam
1005 3173 1132 3244 insistis.
1178 3171 1249 3246 Dic,
1276 3190 1346 3251 age,
1372 3171 1466 3232 fuitne
1491 3171 1561 3234 Oo—
1658 3223 1669 3242 „

205 3265 389 3344 pernices
417 3263 551 3345 Tychoni
586 3272 844 3343 praemonstrator
876 3282 948 3323 suae
982 3261 1204 3342 hypotheseos?
1250 3259 1311 3322 Sed
1344 3279 1409 3322 cum
1441 3259 1562 3335 dixeris,

205 3353 396 3428 memineris,
429 3361 528 3414 tecum
556 3353 627 3414 mihi
656 3372 719 3415 rem
745 3353 877 3415 futuram
905 3351 1023 3432 tuisque
1056 3369 1123 3411 cum
1146 3350 1263 3418 verbis,
1297 3368 1356 3411 non
1387 3367 1454 3410 cum
1483 3351 1561 3414 aliis.

205 3444 287 3504 Nam
311 3449 461 3521 utsupra
484 3461 599 3522 quoque
622 3442 723 3504 innui:
753 3449 824 3521 post
847 3441 987 3517 vulgatas
1013 3425 1172 3520 Copernici
1195 3438 1379 3520 hypotheses
1402 3457 1460 3499 non
1484 3458 1562 3519 nego

204 3551 275 3594 esse
298 3538 333 3592 et
356 3530 448 3592 fuisse
472 3531 592 3605 multos,
617 3550 691 3610 quos
716 3530 793 3591 iuter
816 3549 849 3590 se
872 3529 1153 3590 Rothomauuus
1176 3529 1348 3609 profitetur:
1375 3529 1481 3606 quibus
1497 3527 1561 3590 Oo-

204 3621 390 3701 pernicaoae
418 3619 621 3700 hypotheseos
651 3619 866 3697 contemplatio
890 3617 1016 3696 digitum
1045 3617 1176 3678 intendit
1200 3617 1237 3677 ad
1262 3615 1386 3676 eandem
1410 3635 1478 3677 cum
1497 3617 1561 3698 Ty-

204 3711 302 3772 chone
327 3709 410 3770 viani
433 3707 675 3788 ingrediendam:
700 3726 822 3786 quorum
846 3706 994 3767 neminem
1019 3725 1074 3766 sua
1089 3705 1177 3766 laude
1191 3704 1365 3784 privandum
1382 3704 1560 3780 existimem,

205 3799 265 3860 etsi
289 3799 358 3879 quia
389 3796 418 3858 io
444 3795 500 3857 hoc
524 3797 667 3876 Tychone
694 3804 889 3875 praeceptore
918 3814 976 3856 nou
1001 3794 1090 3856 fuerit
1120 3814 1200 3856 usus.
1248 3791 1393 3863 Quamvis
1417 3794 1561 3875 Tychoui,

204 3907 272 3950 com
300 3905 390 3948 suam
421 3893 579 3964 quaereret
601 3885 797 3965 hypothesin,
832 3903 890 3944 non
919 3883 1010 3945 suerit
1039 3883 1068 3944 in
1097 3884 1195 3944 animo
1221 3881 1494 3961 Coperuicanarum
1523 3884 1560 3944 ad

203 3977 315 4039 Terrae
345 3973 587 4036 immobilitatem
613 3973 775 4044 traductio,
803 3973 847 4033 uti
872 3972 953 4046 aliis,
984 3971 1038 4033 sed
1066 3971 1175 4032 Martis
1205 3971 1234 4032 in
1263 3971 1450 4050 oppositione
1479 3969 1561 4034 Solis

205 4067 243 4128 ad
272 4065 401 4128 Terram
430 4061 699 4143 appropinquatio,
731 4061 931 4142 epicyclorum
964 4062 1002 4121 ad
1027 4059 1129 4121 Solem
1160 4059 1298 4139 alligatio
1328 4066 1360 4119 et
1385 4060 1415 4120 in
1444 4079 1561 4123 summa

205 4155 310 4218 eadem
333 4171 424 4239 pene,
450 4169 528 4230 quae
544 4150 710 4230 Coperuico
730 4150 811 4230 prius
835 4151 954 4210 fueraut
976 4149 1140 4228 proposita.
1187 4149 1235 4209 Ac
1254 4167 1320 4208 cum
1335 4147 1393 4227 ipsi
1416 4151 1497 4212 viam
1521 4151 1560 4211 ad

204 4263 288 4306 suam
317 4240 504 4326 hypothesin
536 4239 765 4318 intersepsisset
792 4238 907 4300 orbium
937 4239 1014 4299 falso
1038 4238 1159 4316 jactata
1188 4236 1339 4310 soliditas,
1374 4239 1560 4300 commodum

202 4332 391 4397 intervenere
418 4337 566 4404 cometae,
591 4329 641 4409 qui
665 4336 839 4389 transcursu
863 4342 917 4388 suo
941 4327 1010 4388 illas
1034 4325 1196 4387 solidorum
1212 4324 1325 4386 orbium
1345 4326 1469 4388 nebulas
1495 4327 1560 4388 dis-

199 4432 336 4488 cuterent
371 4428 407 4483 et
437 4417 652 4497 impedimenta
681 4415 893 4497 Tychouianae
926 4415 1128 4496 hypotheseos
1162 4416 1313 4475 tollerent.
1361 4414 1448 4476 Adde
1481 4415 1559 4492 quod

193 4535 247 4580 troo
279 4515 353 4580 sola
388 4509 423 4572 in
455 4507 636 4587 Tychouicis
665 4505 793 4567 mutatio
826 4513 858 4564 et
890 4504 1086 4583 transpositio
1116 4502 1388 4583 Coperuicanarum
1411 4509 1473 4573 est,
1505 4502 1559 4562 sed

185 4609 279 4674 multa
303 4619 396 4669 nova
422 4594 649 4676 peculiariaque
678 4613 714 4654 ex
744 4592 929 4673 appetentiis
953 4593 1027 4671 ipsis
1055 4592 1199 4666 deducta,
1229 4590 1351 4671 quaesi
1375 4587 1559 4666 Coperuicus

180 4714 331 4784 „gaspar-e
358 4686 458 4760 velit,
485 4703 569 4745 suam
590 4685 655 4763 ipse
679 4683 859 4765 hypothesin
884 4681 1017 4760 corrigat
1040 4689 1071 4742 et
1090 4683 1227 4742 immutet
1249 4695 1373 4740 necesse
1393 4683 1456 4756 est,
1480 4678 1558 4756 quod

173 4815 225 4882 ego
250 4785 411 4874 quidem,
440 4771 495 4854 qui
519 4769 715 4854 Coperuicum
738 4771 768 4834 in
793 4770 975 4850 capitalibus
999 4791 1115 4851 sequor,
1141 4769 1308 4831 faciendum
1328 4783 1445 4826 censeo.

1289 4867 1347 4918 18*
