3586 5518
713 203 813 347 [capt
829 257 865 308 11·
1411 261 1473 328 ree

140 411 235 475 baculo
255 432 392 492 gressum
413 417 534 478 firmans
558 417 606 490 (ut
629 415 692 494 ipae
715 415 845 477 Rhetico
870 416 968 479 dicere
992 417 1098 480 solitus
1123 420 1185 492 est)
1203 412 1244 493 ¹l)
1274 417 1353 482 felici
1377 422 1473 501 magia

137 521 216 582 quam
238 503 396 566 confidenti
418 505 590 583 conjectura
603 506 769 577 constituit,
796 513 885 586 atque
908 505 952 568 ita
975 525 1043 568 sese
1066 505 1177 568 habere
1201 507 1337 584 credidit,
1363 528 1400 570 ea
1422 510 1472 572 in-

136 610 212 671 quam
234 593 333 654 omnia
357 594 522 655 rationibus
546 614 563 654 a
586 594 686 674 priori,
711 617 729 654 a
748 595 856 668 cancie,
881 615 900 656 a
923 594 1084 658 creationis
1109 595 1178 657 idea
1201 596 1337 659 deductis
1360 597 1472 663 rectis-

133 680 198 742 sime
220 682 386 744 constituta
409 703 476 744 esse
500 683 768 762 deprehendantur.

209 769 286 831 Nam
315 772 342 833 si
372 771 437 852 quis
466 771 688 852 philosophicas
716 772 792 834 istas
826 771 957 835 rationes
986 773 1050 834 sine
1079 772 1245 836 rationibus
1269 784 1301 836 et
1323 777 1388 838 solo
1411 777 1473 840 risu

130 858 255 936 excipere
278 867 372 940 atque
396 861 514 924 eludere
537 862 673 935 voluerit,
697 870 858 942 propterea
881 861 958 942 quod
978 881 1071 924 novus
1090 863 1176 924 horno
1197 864 1251 926 sub
1270 865 1355 926 linem
1379 885 1469 928 secu-

131 949 223 1018 lorum,
246 949 421 1012 tacentibus
445 950 504 1012 illis
523 949 729 1030 philosophiae
745 951 902 1014 luminibus
919 949 1059 1030 antiquis,
1085 951 1292 1031 philosophica
1314 954 1376 1015 ista
1398 973 1470 1034 pro-

129 1037 222 1110 leram,
245 1038 289 1098 illi
306 1057 363 1117 ego
379 1039 493 1114 ducem,
518 1047 669 1101 auctorem
692 1049 723 1101 et
745 1046 1050 1120 praemonstratorern
1075 1059 1113 1102 ex
1135 1040 1346 1122 antiquissimo
1369 1045 1470 1106 seculo

126 1127 262 1206 proferam
282 1127 550 1208 Pythagoram:
574 1129 660 1208 cujus
677 1129 772 1190 multa
795 1129 824 1191 in
840 1127 952 1192 scholis
969 1128 1090 1205 mentio,
1116 1129 1194 1210 quod
1217 1149 1282 1192 curn
1308 1141 1470 1211 praestan-

126 1216 189 1276 u'sm
210 1214 330 1278 rideret
354 1217 481 1298 quinque
510 1235 684 1298 corporum,
718 1217 808 1280 simili
837 1218 927 1298 plane
954 1217 1071 1280 ratione
1095 1229 1167 1280 aute
1189 1219 1236 1281 bis
1259 1220 1341 1282 mille
1365 1239 1469 1296 annos,
1517 1225 1519 1228 ’

125 1323 262 1384 quanuno
278 1323 347 1384 ego,
371 1304 527 1369 Creatoris
542 1325 613 1368 cura
630 1325 687 1368 non
712 1307 863 1388 indignum
887 1307 1038 1370 censuerit
1060 1308 1097 1368 ad
1121 1308 1174 1370 illa
1195 1309 1355 1390 respicere,
1380 1319 1469 1393 atque

124 1392 202 1455 rebus
224 1395 449 1458 mathematicis
471 1395 594 1476 physice
618 1405 710 1458 etex
735 1417 790 1459 sua
814 1396 949 1476 qualibet
966 1396 1151 1476 proprietate
1171 1397 1375 1460 accidentaria
1398 1418 1469 1460 een-

123 1482 181 1544 ritis
207 1501 256 1544 res
281 1503 342 1546 non
366 1485 596 1546 mathematicas
622 1484 902 1548 accommodaverit.
942 1485 1063 1547 Terram
1088 1485 1165 1547 enim
1190 1487 1265 1549 cubo
1289 1489 1469 1568 aequipara-

125 1572 169 1647 rit,
183 1573 211 1644 ¹)
235 1573 308 1652 quia
333 1574 453 1636 stabilis
476 1583 611 1654 uterque,
636 1575 714 1656 quod
738 1585 839 1638 tamen
859 1575 895 1636 de
915 1574 989 1636 cubo
1008 1594 1066 1636 uon
1086 1576 1203 1654 proprie
1223 1575 1340 1639 dicitur.
1375 1575 1468 1640 Coelo

122 1661 302 1724 icueaedrum
327 1663 421 1736 dedit,
447 1663 516 1744 quia
529 1675 684 1744 utrumqne
699 1664 838 1726 volubile.
871 1664 938 1742 Igni
958 1663 1123 1745 pyramida,
1147 1665 1216 1745 quia
1239 1664 1314 1728 haec
1336 1665 1468 1728 volantis

121 1750 231 1829 igniculi
247 1752 360 1813 fornia:
385 1752 500 1832 reliqna
523 1753 579 1814 dno
603 1771 730 1832 corpora
752 1753 831 1815 inter
854 1771 953 1814 aerem
977 1761 1009 1815 et
1031 1772 1138 1834 aquam
1160 1754 1322 1832 distribuit,
1346 1763 1469 1835 propter

121 1839 236 1901 similem
266 1841 408 1922 utrinqne
440 1861 506 1904 oum
538 1841 644 1904 vicinis
674 1844 890 1922 cognationem.
935 1840 1098 1906 Sedenim
1123 1840 1306 1924 Gopemious
1335 1844 1380 1906 illi
1402 1844 1467 1906 viro

121 1929 214 2004 deluit,
240 1929 292 2009 qui
315 1930 409 2010 prius,
435 1931 505 2011 qnid
528 1940 612 1992 esset
633 1931 663 1992 in
687 1931 807 2007 mundo,
832 1931 965 1993 diceret:
989 1931 1101 2012 absque
1126 1950 1160 1994 eo
1184 1951 1242 1994 nou
1267 1932 1382 2009 luisset,
1409 1933 1466 1994 du-

120 2017 188 2078 bium
212 2035 270 2079 non
297 2027 363 2097 est,
388 2019 457 2101 quin
482 2038 572 2100 quare
596 2027 692 2096 esset,
722 2019 903 2090 invenisset,
932 2028 1022 2101 atque
1045 2020 1120 2083 haec
1143 2022 1290 2084 coelorum
1314 2022 1466 2103 proportio

120 2111 171 2168 lam
193 2115 266 2168 nota
290 2127 368 2171 nunc
393 2116 490 2185 esset,
516 2128 602 2191 quam
625 2109 693 2190 ipsa
716 2110 843 2190 quinque
867 2127 1005 2188 corpora,
1036 2117 1098 2172 tam
1122 2109 1193 2172 item
1217 2120 1354 2192 recepta,
1378 2131 1465 2193 quam
1532 2137 1535 2143 ·

119 2195 166 2256 hoc
198 2205 367 2278 temporum
397 2197 523 2260 decursu
551 2197 679 2260 invaluit
705 2198 759 2260 illa
791 2199 827 2260 de
860 2197 941 2260 Solis
972 2207 1054 2261 motu
1087 2199 1181 2280 deque
1215 2199 1314 2281 quiete
1338 2199 1466 2264 Telluris

119 2303 217 2348 oraro.

133 2303 150 2366 p
196 2375 312 2439 Verum
336 2394 393 2456 age
417 2376 464 2437 vel
493 2376 613 2438 tandem
643 2375 847 2456 experiamur,
878 2383 975 2438 utrum
1002 2377 1082 2438 inter
1110 2377 1197 2439 orbes
1221 2373 1380 2458 Gopernici
1403 2378 1464 2442 sint

118 2463 186 2525 istae
208 2483 367 2546 corporum
391 2465 609 2545 proportiones.
642 2465 690 2526 Ac
714 2465 799 2526 initio
818 2484 882 2527 rem
897 2465 1095 2528 crassiuscule
1111 2485 1295 2528 censeamus.
1328 2467 1463 2530 Maxima

117 2551 322 2616 distantiarum
345 2554 514 2616 differentia
536 2553 566 2615 in
591 2552 757 2633 Coperuico
781 2563 830 2616 est
852 2555 930 2616 inter
951 2553 1059 2616 Jovem
1083 2565 1115 2617 et
1137 2556 1285 2630 Martem,
1317 2564 1351 2617 nt
1377 2556 1462 2618 rides

118 2641 142 2702 in
163 2643 364 2723 explicatione
388 2643 597 2723 hypothesium
620 2643 695 2706 Tab.
719 2639 759 2705 ¹0
783 2651 815 2705 et
837 2643 916 2705 infra
939 2661 1004 2724 cap.
1032 2640 1073 2707 14
1096 2653 1128 2706 et
1153 2643 1203 2728 lb.
1250 2645 1360 2707 Martis
1384 2645 1462 2718 enirn

117 2730 253 2796 distantia
280 2752 298 2794 a
322 2731 394 2794 Sole
417 2751 475 2794 nou
499 2739 611 2812 aequat
636 2731 758 2794 tertiam
780 2739 899 2812 partem
920 2731 1038 2794 Joviae.
1086 2731 1257 2804 Quaeratur
1278 2733 1369 2811 igitur
1391 2753 1459 2796 cor-

116 2837 173 2898 pus,
192 2823 274 2903 quod
287 2822 447 2883 maximam
464 2821 538 2883 lacit
552 2821 749 2884 differentiam
761 2821 842 2884 'inter
856 2821 956 2884 orbem
972 2823 1224 2903 circumscriptum
1238 2829 1269 2883 et
1283 2821 1460 2902 inscriptum

118 2911 306 2981 (coucedatur
328 2911 414 2972 nobis
437 2911 511 2972 haec
534 2933 710 2992 καταχρησις
740 2929 844 2974 cavum
872 2929 926 2991 pro
954 2911 1049 2973 solido
1080 2911 1235 2985 censendi)
1249 2908 1279 2984 ¹¹)
1310 2911 1389 2991 quud
1412 2921 1461 2973 est

117 3001 292 3064 aureorum
316 2999 380 3062 sive
402 2999 544 3082 pyramis.
581 3000 640 3062 Est
662 3000 754 3080 igitur
776 3001 853 3063 inter
870 2998 977 3061 Jovem
1001 3010 1033 3061 et
1050 3001 1182 3064 Martem
1203 2998 1345 3082 pyramis.
1383 2999 1461 3063 Post

117 3087 163 3149 hos
192 3091 355 3153 maximam
387 3089 501 3151 faciunt
533 3089 730 3150 differentiam
763 3089 925 3151 distantiae
954 3087 1073 3168 Jupiter
1102 3098 1133 3152 et
1156 3088 1315 3152 Saturnus.
1362 3089 1459 3169 Hujus

117 3179 185 3240 enirn
208 3181 261 3245 ille
284 3179 375 3260 paulo
397 3179 466 3260 plus
490 3177 641 3240 dimidium
665 3185 784 3259 aequat.
832 3176 946 3241 Similis
978 3187 1105 3258 apparet
1136 3178 1166 3241 iu
1200 3178 1267 3241 cubi
1295 3176 1398 3242 intimo
1428 3185 1458 3240 et

117 3267 216 3332 extirno
240 3269 313 3332 orbe
338 3267 514 3330 differentia.
562 3265 676 3330 Onbnm
699 3267 790 3346 igitur
814 3265 962 3330 Saturnus
986 3268 1096 3345 ambit,
1121 3269 1213 3330 cubus
1235 3267 1351 3330 Jovem.

192 3358 341 3439 Aequalis
366 3357 426 3420 fere
450 3357 602 3438 proportio
626 3366 674 3418 est
697 3357 776 3419 inter
794 3357 943 3419 Venerem
967 3365 1000 3419 et
1021 3357 1209 3432 Mercurium,
1234 3375 1289 3420 nec
1312 3356 1458 3420 absimilis

117 3443 183 3509 inter
204 3449 294 3511 orbas
318 3447 463 3510 octaedri.
506 3446 614 3508 Venus
636 3446 728 3526 igitur
749 3445 806 3508 hoc
829 3464 936 3527 corpus
960 3445 1067 3520 ambit,
1090 3445 1255 3509 Mercurius
1278 3444 1384 3510 induit.
1472 3445 1478 3456 ’

192 3537 341 3619 Reliquae
365 3537 443 3598 duae
467 3534 674 3615 proportiones
704 3535 783 3596 iuter
805 3535 956 3597 Venerem
984 3543 1016 3598 et
1039 3536 1180 3611 Terram,
1212 3535 1290 3597 inter
1322 3536 1399 3597 hanc
1426 3543 1459 3596 et

116 3621 237 3688 llartem
259 3627 400 3688 minimae
423 3632 506 3699 sunt,
537 3632 568 3686 et
591 3625 653 3686 lere
684 3625 840 3704 aequales,
870 3642 974 3704 nempe
998 3624 1122 3687 interior
1144 3624 1302 3687 exterioris
1326 3623 1457 3686 dodrans

117 3723 161 3774 aut
179 3716 234 3778 bes
258 3711 325 3797 (Ἃ,
349 3711 415 3793 ²J,).
449 3716 481 3776 ln
497 3713 651 3776 icosaltdro
666 3721 699 3775 et
717 3713 905 3775 dodecatdru
920 3720 990 3775 suut
1012 3714 1105 3775 etiam
1128 3713 1270 3794 aequales
1294 3713 1457 3775 distantiae

118 3801 240 3867 binorum
263 3806 397 3879 orbium,
423 3811 454 3866 et
476 3803 665 3884 proportione
688 3811 812 3866 utuntur
834 3802 956 3864 minima
978 3802 1057 3864 inter
1079 3799 1193 3884 reliqua
1215 3801 1364 3882 regularia
1387 3819 1456 3863 cor·

117 3909 188 3968 pora.
230 3893 331 3966 Quare
356 3893 517 3956 verisimile
541 3900 597 3968 est,
621 3893 751 3953 Martem
775 3891 886 3954 ambire
910 3891 1034 3952 Terram
1056 3892 1206 3954 mediante
1231 3892 1375 3954 alterutro
1398 3891 1455 3952 bo-

117 3997 170 4044 mnr
193 4003 357 4065 corporum,
382 3983 504 4045 Terram
529 3991 628 4044 autem
643 4002 661 4042 a
677 3981 796 4043 Venere
811 3987 999 4055 summotam,
1023 3981 1173 4044 mediante
1196 3981 1320 4062 reliquo.
1355 3977 1456 4052 Quare

118 4069 220 4153 siquis
242 4093 279 4136 ex
302 4093 351 4136 me
376 4079 512 4154 quaerat,
536 4090 588 4134 cnr
611 4071 673 4133 sint
694 4077 810 4132 tantum
834 4089 889 4131 sex
903 4069 991 4132 orbes
1004 4069 1140 4145 mobiles,
1164 4069 1361 4150 respondebo,
1386 4068 1457 4150 quia

118 4177 165 4222 non
187 4172 326 4244 oporteat
349 4162 453 4242 plnres
468 4159 593 4241 quinque
607 4158 814 4240 proportiones
829 4178 906 4233 esse,
930 4155 1057 4220 totidem
1080 4177 1196 4240 nempe,
1220 4167 1292 4240 quot
1305 4155 1455 4238 regularia

118 4253 217 4315 suntin
235 4253 370 4316 mathesi
387 4268 520 4329 corpora.
554 4247 616 4314 Sex
639 4257 738 4311 autem
761 4247 880 4310 termini
903 4256 1111 4310 consummant
1130 4249 1207 4312 hunc
1230 4247 1452 4329 proportionum

117 4356 258 4406 llllmemm.
