3586 5518
331 244 393 312 120
533 305 538 319 ,
839 243 950 310 Mystcn’i
969 243 1169 312 Gcsmcgrsphici

326 411 396 466 tias:
427 410 493 464 item
514 409 633 482 angulos
654 407 944 478 prosthaplracreseon
964 408 1111 462 earumdem
1132 407 1160 462 in
1186 409 1253 462 orbe
1274 423 1377 480 magno
1397 409 1515 464 Telluris
1535 413 1680 465 secundum

326 490 493 546 sententiam
514 488 709 559 (lopernici.

406 572 474 626 Tab.
498 572 543 624 11.
564 569 619 623 sic:
650 569 760 623 Tabula
781 568 814 622 ll.
846 568 981 622 exbibens
1009 569 1129 623 ordinem
1164 568 1346 639 sphaerarum
1369 569 1543 634 coelestium,
1576 575 1607 624 et
1632 578 1680 624 ut
1774 551 1775 554 Ἴ

326 668 464 724 cunque
483 649 688 721 proportionem
703 647 808 703 orbium
829 655 859 702 et
872 649 1065 720 epicyclorum,
1088 655 1172 718 atque
1186 650 1306 720 angulos
1319 649 1366 703 vel
1386 666 1465 704 arcus
1478 651 1680 720 prosthaphae·

326 749 425 788 reseca
445 733 606 793 eorundem,
625 729 712 798 juxta
732 728 834 783 medias
855 728 1021 792 distantias,
1034 731 1180 784 secundum
1200 737 1366 784 veterum
1379 731 1554 785 sententiam.

406 813 448 866 Ad
470 813 541 866 tab.
567 811 611 864 10.
634 811 706 864 haec
727 809 868 880 adscripta
888 815 966 863 sunt:
998 811 1029 864 In
1050 815 1161 873 centro,
1183 810 1227 862 vel
1248 826 1351 879 prope,
1383 817 1428 864 est
1448 810 1506 865 Sol
1527 809 1680 865 immobilis.

212 895 216 902 '
327 894 375 950 EF
394 891 512 947 circulus
533 882 567 956 0,
589 891 635 961 qui
655 889 811 946 restituitur
831 891 927 944 diebus
949 889 987 945 88
1008 891 1092 954 fere.¹
1120 891 1167 944 OD
1182 897 1227 944 est
1247 891 1364 944 circulus
1387 887 1425 958 Ω,
1447 891 1525 960 cujus
1546 891 1681 945 revolutio

328 974 402 1029 circa
423 968 455 1032 Q
478 979 523 1027 εει
543 972 647 1026 dierum
662 972 721 1026 224
742 987 801 1025 oum
815 973 905 1025 besse.
946 971 996 1026 AB
1011 970 1130 1026 circulus
1146 963 1187 1035 ὃ,
1209 970 1288 1039 cnjus
1303 971 1439 1025 revolutio
1458 971 1563 1026 dierum
1579 967 1680 1032 365¹is.

327 1054 436 1110 Dicitur
456 1051 557 1109 Orbis
578 1053 725 1124 Magnus
747 1057 861 1122 propter
881 1068 960 1106 usum
981 1051 1168 1122 multiplicem.
1211 1051 1291 1106 Circa
1312 1043 1337 1116 ὃ
1358 1057 1403 1105 εει
1423 1051 1579 1115 orbiculus,
1609 1055 1683 1107 velut

330 1135 484 1207 epinyclus,
507 1135 646 1204 sphaerae
666 1132 785 1188 Lunaris
807 1134 841 1186 ad
862 1136 901 1196 A,
925 1134 1019 1187 eodem
1039 1137 1115 1186 motu
1132 1146 1187 1204 per
1208 1132 1273 1185 anni
1295 1132 1416 1202 spatium
1436 1148 1496 1186 oum
1518 1123 1543 1196 ὃ
1566 1134 1603 1188 ad
1622 1149 1682 1188 ean-

328 1219 390 1271 dem
420 1215 532 1269 stellam
558 1215 642 1268 fixam
668 1213 785 1268 rediens.
827 1213 880 1268 Sed
901 1213 962 1281 ejus
992 1212 1111 1283 propria
1132 1212 1269 1266 revolutio
1295 1215 1329 1266 ad
1352 1207 1384 1271 Q
1406 1213 1495 1267 babet
1520 1212 1580 1268 dies
1602 1209 1680 1275 200,Ι

329 1297 382 1351 GH
403 1301 447 1350 est
469 1295 541 1349 orbis
557 1291 597 1358 d,
619 1294 666 1365 qui
686 1309 793 1350 cursum
813 1310 897 1349 unum
918 1295 969 1348 sub
990 1293 1080 1347 stellis
1100 1293 1162 1346 fixis
1185 1291 1243 1346 sive
1264 1295 1300 1347 ad
1315 1288 1348 1352 Q
1370 1291 1492 1348 absolvis
1504 1293 1603 1347 diebus
1619 1294 1682 1350 687.

328 1379 409 1432 Hunc
436 1374 543 1446 exeipit
570 1381 635 1444 post
657 1389 786 1446 magnum
812 1374 988 1428 intervallum
1011 1374 1064 1436 IK,
1094 1373 1216 1443 sphaera
1235 1378 1274 1440 ll,
1297 1375 1408 1442 babens
1432 1373 1566 1428 ambitum
1585 1375 1683 1429 dierum

328 1451 443 1517 4332t.
467 1457 533 1511 iere.
573 1455 627 1509 Lm
648 1463 692 1510 est
711 1454 740 1520 b,
762 1456 840 1525 cujus
861 1461 968 1526 tempus
990 1454 1155 1525 periodicum
1177 1454 1279 1508 dierum
1303 1448 1443 1514 mittis.

408 1537 495 1592 Fixae
508 1553 575 1590 vero
598 1537 699 1591 stellae
715 1531 804 1592 adhuc
827 1543 884 1590 tam
907 1536 1104 1590 inaestimabili
1118 1535 1267 1589 intervallo
1282 1535 1396 1590 altiores
1412 1541 1484 1598 sunt,
1509 1537 1543 1588 ut
1566 1536 1603 1589 ad
1617 1551 1682 1602 eam,

221 1661 224 1666 .
328 1612 614 1693 quaeestinterQ
638 1623 668 1672 ει
691 1609 734 1686 ὁ,
758 1617 935 1688 intercapedo
958 1617 1096 1672 sensibilis
1119 1616 1240 1672 nonsit.
1281 1618 1319 1672 Et
1341 1633 1392 1672 eae
1413 1623 1478 1671 suut
1501 1615 1531 1669 iu
1553 1627 1683 1686 extremo,

328 1699 400 1754 sicut
422 1693 454 1757 Θ
476 1698 505 1752 in
526 1703 635 1762 centro,
656 1698 767 1768 penitus
788 1697 947 1752 immobiles.

408 1780 536 1851 Angelus
560 1779 651 1843 TGV,
675 1779 721 1832 vel
744 1795 824 1833 arcus
838 1779 895 1842 TV,
919 1777 1274 1856 prosthapbaeresi's
1297 1783 1353 1842 est,
1383 1779 1442 1832 sive
1464 1780 1683 1848 parallaxis,

328 1878 411 1935 quam
434 1860 509 1916 orbis
532 1876 650 1930 magnus
675 1860 699 1933 ὃ
725 1862 759 1914 ad
783 1860 931 1930 sphaeram
953 1854 979 1916 d
1002 1860 1098 1914 babet.
1140 1858 1185 1913 Sic
1197 1859 1261 1914 PIN
1281 1863 1325 1912 est
1349 1849 1480 1928 ejusdem
1495 1860 1572 1926 orbis
1596 1861 1684 1932 magni

332 1941 489 2015 parallaxis
505 1943 540 1995 ad
554 1941 703 2010 sphaeram
717 1937 753 2002 tl,
779 1946 808 1993 et
821 1939 906 2001 PLN,
931 1939 988 1993 sive
1002 1940 1047 1995 RS
1069 1955 1164 2014 arcus,
1189 1942 1224 1994 ad
1247 1939 1393 2012 sphaeram
1407 1944 1432 2000 ι,
1474 1941 1520 1995 lta
1532 1941 1620 2005 XAY,
1643 1943 1684 1995 rel

330 2024 382 2079 XT
405 2039 499 2086 arcus,
532 2026 575 2074 εει
604 2021 760 2090 parallaxis
786 2011 827 2084 ὃ,
857 2025 889 2074 ιιι
912 2027 942 2074 ει
965 2020 1059 2084 ΖΑΙΕ,
1088 2021 1133 2074 vel
1157 2020 1228 2085 ZAE,
1259 2019 1396 2089 sphaerae
1420 2018 1441 2084 d
1469 2021 1630 2090 parallaxis
1654 2024 1684 2076 ad

328 2107 422 2160 orbem
441 2116 579 2172 magnum.
1578 2139 1584 2153 .

414 2185 492 2245 Quae
517 2179 663 2250 adscripsit
676 2180 816 2249 Keplerus
839 2179 988 2234 tab'ulae
1006 2181 1050 2234 ll.
1074 2180 1143 2233 haec
1162 2185 1239 2233 sunt:
1266 2178 1297 2233 In
1319 2170 1453 2244 centro&
1478 2185 1531 2244 est,
1557 2182 1620 2236 sola
1641 2182 1683 2235 im·

329 2263 445 2319 mobilis.
467 2262 580 2316 lntimus
596 2253 703 2326 circa&
719 2261 857 2314 orbiculus
867 2259 964 2314 Lunae
974 2261 1121 2331 sphaeram
1131 2265 1332 2330 repraesentat,
1345 2260 1422 2330 cnjus
1432 2267 1522 2316 motus
1533 2267 1684 2316 menstruus

330 2351 384 2399 εει.
427 2343 508 2398 Hanc
530 2341 654 2412 proxime
678 2338 700 2404 d
723 2341 797 2394 orbis
820 2341 982 2395 circumdat:
1011 2357 1091 2412 quem
1114 2339 1238 2411 sequitur
1260 2331 1299 2404 Ω,
1324 2347 1354 2394 ει
1376 2349 1476 2410 postea
1499 2335 1534 2400 Q
1560 2343 1683 2412 sphaera,

331 2439 425 2480 annua
439 2439 530 2477 omnes
546 2421 723 2476 conversione
737 2421 882 2476 volubiles.
924 2422 1102 2493 Reliquorum
1116 2421 1198 2476 trium
1212 2421 1389 2492 superiorum,
1414 2419 1440 2480 d
1448 2463 1456 2486 ,
1480 2420 1517 2486 ll,
1543 2421 1575 2486 a,
1600 2425 1683 2486 orbes,

330 2508 449 2562 fixarum
464 2521 571 2575 quoquo
587 2503 733 2556 stellarum
754 2503 911 2573 sphaeram,
936 2519 1025 2567 arcus,
1050 2519 1117 2574 quos
1138 2495 1250 2567 circa&
1280 2518 1330 2555 ceu
1350 2507 1471 2557 centrum
1495 2503 1622 2574 integros
1642 2505 1683 2557 de-

332 2586 452 2642 scribere
478 2590 508 2638 et
530 2585 667 2654 complere
691 2582 805 2654 quisque
827 2589 930 2653 potest,
954 2582 1082 2638 indicant.
1125 2580 1239 2642 dorbia
1261 2581 1371 2637 biennio
1393 2583 1581 2647 convertitur;
1604 2579 1683 2643 llan-

225 2674 230 2683 '
329 2684 378 2722 nos
396 2667 431 2721 12
447 2681 527 2736 quam
541 2663 666 2734 proxime
680 2663 803 2735 requirit,
825 2669 855 2717 et
876 2660 965 2725 licre
979 2663 1016 2718 30
1033 2679 1128 2719 annos.
1169 2663 1256 2717 lixae
1271 2662 1371 2717 stellae
1393 2663 1491 2718 49000
1506 2663 1587 2718 annis
1604 2665 1685 2734 juxta

328 2746 561 2818 Alpbonsinorum
584 2744 690 2814 placita
711 2743 851 2813 periodum
873 2743 1049 2798 restituunt·
1076 2743 1202 2806 Quantas
1225 2743 1395 2815 singulorum
1420 2743 1549 2814 (praeter
1564 2736 1606 2814 T)
1630 2743 1683 2814 epi-

330 2827 400 2900 cycli
416 2827 443 2880 in
458 2825 628 2880 concenaico
643 2824 745 2878 circulo
759 2823 1027 2894 prosthaphaereses
1051 2825 1078 2878 in
1093 2823 1187 2878 mediis
1201 2822 1340 2879 distantiis
1364 2824 1477 2889 faciant,
1502 2841 1585 2879 arcus
1608 2824 1684 2879 rectis

329 2899 405 2973 ειιό
429 2906 517 2963 ductis
541 2913 571 2960 et
590 2905 729 2976 epicyclos
751 2905 875 2976 singulos
897 2905 1078 2976 tangentibus
1102 2905 1256 2974 intercepti,
1282 2903 1380 2972 additis
1400 2907 1538 2977 graduum
1563 2904 1683 2969 numeris,

325 2994 491 3045 monstrant.

409 3065 440 3133 h)
465 3069 525 3121 Hoc
546 3065 634 3121 coacti
659 3073 723 3120 sunt
747 3070 872 3118 statuere
895 3071 1032 3128 auctores,
1061 3065 1145 3118 ceteri
1170 3066 1203 3118 de
1225 3063 1297 3128 Sole,
1322 3064 1488 3136 Copcrnicus
1511 3069 1548 3120 de
1571 3065 1684 3124 Tellure,

331 3151 396 3222 quia
418 3148 529 3203 nimium
552 3148 677 3202 tribuunt
701 3145 940 3201 observationibus
964 3145 1118 3215 Hipparchi
1141 3151 1171 3199 et
1191 3145 1358 3199 Ptolemaei:
1382 3147 1429 3200 sed
1453 3163 1526 3216 quae
1551 3151 1685 3201 nonsart

331 3237 429 3286 tantae
455 3228 634 3290 subtilitatis,
662 3233 695 3280 ut
718 3228 819 3297 dogcna
842 3225 915 3280 tanti
937 3225 1065 3280 momenti
1088 3225 1178 3294 possit
1198 3225 1231 3278 iis
1260 3227 1492 3295 superaedificari.
1542 3225 1684 3298 Itaquein

331 3308 539 3366 commentariis
563 3307 732 3361 Martialium
756 3307 976 3376 speculationum
1005 3313 1035 3360 et
1063 3305 1111 3360 lib.
1135 3307 1182 3361 Vl.
1206 3306 1348 3376 Epitcmes
1379 3313 1460 3376 parte
1484 3307 1504 3362 1.
1537 3307 1683 3379 opinionem

331 3391 414 3446 istam
434 3395 465 3443 ut
490 3388 623 3458 physicae
637 3386 751 3441 coelesti
766 3386 901 3441 inimicam
914 3389 1058 3441 admodum
1072 3387 1188 3441 fidenter
1201 3386 1295 3455 rejeci,
1318 3389 1432 3464 necdum
1446 3389 1512 3441 cedo
1537 3387 1682 3447 sententia;

332 3471 487 3525 evidentem
507 3467 723 3522 imbecillitatem
744 3466 911 3536 opinationis
932 3467 1015 3538 hujus
1037 3467 1105 3521 alibi
1125 3468 1328 3521 demonstrabo.

412 3544 435 3619 i)
458 3550 521 3604 Non
536 3550 605 3620 quod
621 3548 725 3618 triplex
740 3549 799 3617 ipse
814 3548 858 3611 sit,
874 3549 922 3602 sed
937 3548 1003 3619 quia
1015 3563 1086 3601 unus
1101 3555 1131 3602 et
1145 3547 1213 3602 idem
1233 3547 1357 3601 existens
1377 3547 1432 3601 tria
1446 3547 1580 3603 distincta
1594 3548 1683 3608 habet,

333 3648 404 3703 quae
420 3630 533 3702 singula
546 3645 610 3683 suos
625 3627 790 3699 multiplices
806 3645 871 3682 usus
886 3636 916 3683 et
929 3627 1023 3682 munia
1036 3628 1143 3683 babent
1156 3627 1184 3680 in
1198 3628 1366 3682 astronomia
1378 3627 1540 3683 reformata.

414 3708 446 3776 la)
470 3712 499 3764 Id
515 3715 567 3774 est,
588 3709 712 3779 seposita
726 3707 945 3763 consideratione
959 3708 1182 3763 eccentricitatis.
1225 3709 1365 3782 Quaedam
1380 3707 1452 3763 enim
1473 3713 1603 3779 praestat
1615 3705 1682 3762 orbis

334 3792 387 3846 iste
402 3790 578 3854 eccentricus,
594 3807 647 3844 non
662 3789 725 3859 ipsa
739 3804 790 3842 sua
804 3789 1017 3854 eccentricitate,
1034 3791 1081 3842 sed
1095 3789 1146 3843 illa
1159 3789 1220 3843 sola
1233 3806 1272 3852 re,
1287 3790 1358 3859 quod
1373 3789 1446 3843 circa
1455 3789 1549 3844 Solem
1562 3789 1680 3843 vertitur.

414 3868 435 3939 l)
461 3870 573 3926 coelum
587 3877 657 3940 puta
670 3871 766 3923 Lunae
782 3867 847 3936 (non
861 3870 942 3924 Luna
955 3887 1006 3940 per
1019 3863 1063 3938 se)
1078 3876 1108 3923 et
1121 3869 1215 3923 Tellus
1231 3869 1337 3923 babent
1354 3871 1469 3924 eundem
1483 3877 1586 3924 motum
1600 3875 1682 3922 maus·

336 3951 448 4007 lationis
472 3953 505 4005 de
528 3951 589 4004 loco
612 3949 743 4003 inlocum
765 3967 816 4020 per
838 3951 932 4005 orbem
955 3966 1091 4022 magnum,
1117 3966 1185 4022 ergo
1209 3967 1269 4004 cum
1292 3965 1401 4020 semper
1414 3951 1500 4004 Terra
1520 3951 1583 4004 loco
1596 3950 1682 4003 eodem

336 4033 381 4097 sit,
404 4049 457 4104 quo
480 4033 540 4086 loco
561 4030 699 4084 invenitur
721 4037 751 4083 et
765 4032 871 4084 coelum
885 4032 990 4092 Lunae,
1014 4031 1118 4084 coelum
1142 4029 1229 4101 igitur
1249 4031 1301 4084 hoc
1324 4031 1420 4084 Lunae
1443 4037 1474 4084 et
1491 4046 1543 4100 per
1563 4031 1589 4084 id
1611 4031 1684 4083 Luna

336 4114 399 4184 ipsa
422 4129 508 4167 causa
530 4111 636 4184 quidem
661 4111 730 4165 coeli
754 4111 795 4164 sui
826 4111 930 4165 nullam
950 4112 1034 4165 talem
1062 4129 1099 4164 ex
1120 4118 1195 4165 motu
1216 4111 1335 4166 Telluris
1359 4108 1554 4181 apparentiam
1576 4108 1682 4178 suscipit

337 4200 427 4249 motus
452 4194 508 4257 sui,
542 4193 651 4264 qualem
675 4209 712 4246 ex
735 4192 837 4246 Terrae
860 4191 1044 4246 translatione
1067 4191 1114 4247 Sol
1137 4191 1266 4262 suscipit,
1296 4191 1355 4261 ipse
1378 4208 1444 4245 rere
1467 4191 1617 4262 quiescens.
1655 4189 1682 4243 ld

338 4291 418 4329 secus
443 4279 526 4338 esset,
551 4271 574 4327 si
589 4274 675 4327 Terra
695 4278 823 4342 promota
845 4273 951 4326 coelum
971 4273 1069 4326 Lunae
1092 4271 1248 4342 quiesceret
1270 4277 1320 4326 aut
1342 4277 1499 4326 moveretur
1522 4274 1556 4326 da
1578 4272 1636 4325 loco
1656 4267 1681 4322 in

336 4355 427 4410 locum
447 4360 523 4408 motu
544 4353 600 4407 alio
614 4352 758 4415 distincto;
782 4359 848 4406 tunc
862 4353 932 4406 enim
953 4359 1042 4408 motus
1057 4351 1144 4406 centri
1158 4351 1276 4406 Telluris
1299 4368 1350 4422 per
1363 4351 1589 4425 imaginationem
1603 4350 1680 4404 etiam

338 4436 367 4490 in
390 4436 496 4488 coelam
517 4434 614 4488 Lunae
635 4433 883 4498 transcriberetur,
915 4440 944 4488 ει
971 4433 1010 4487 sic
1033 4434 1118 4488 etiam
1141 4438 1228 4487 totum
1257 4433 1362 4486 coelum
1384 4434 1480 4487 Lunae
1508 4449 1559 4503 pro
1581 4430 1680 4487 rationo

340 4516 409 4570 sitne
431 4515 473 4568 sui
494 4519 590 4584 posset
610 4514 800 4585 retrogradum
821 4513 906 4568 videri
926 4531 981 4569 non
1001 4513 1089 4568 minus
1111 4529 1191 4584 quam
1212 4514 1344 4583 planetae
1366 4513 1492 4585 quinque.
1537 4569 1541 4582 ,

420 4591 459 4666 ιιι)
480 4595 544 4650 Duo
557 4594 603 4648 hic
615 4593 778 4658 innuuntur,
804 4594 922 4648 alterum
937 4593 1028 4650 Solem
1041 4594 1130 4664 ipsum
1146 4594 1259 4657 attinet,
1284 4593 1402 4648 alterum
1420 4611 1457 4648 ex
1471 4593 1536 4648 Sole
1555 4589 1680 4646 redundat

341 4679 367 4730 in
387 4677 526 4747 planetas.
568 4675 744 4730 Ptolemaeus
758 4675 850 4730 Solem
868 4676 987 4729 collocat
1009 4675 1037 4729 in
1059 4674 1219 4738 eccentricc,
1244 4673 1423 4728 eccentricum
1447 4673 1562 4728 includit
1581 4669 1677 4725 duobus

281 4783 284 4788 ·
343 4755 545 4819 deferentibus;
570 4755 735 4824 Copemicus
757 4753 881 4825 epicyclo
905 4755 997 4826 affigit
1019 4757 1170 4824 planetam,
1199 4754 1352 4824 epicyclum
1375 4754 1554 4809 concentrico.
1594 4749 1678 4804 Ptole·

343 4851 436 4890 maeus
451 4837 543 4911 igitur,
564 4843 597 4890 ut
615 4850 745 4908 apogaea
764 4840 933 4904 promoveat,
956 4835 1142 4892 deferentibus
1167 4835 1223 4892 suis
1247 4833 1376 4890 attribuit
1397 4841 1498 4891 motum
1521 4831 1677 4909 peculiarem
