3698 5516
743 263 830 310 matra
846 255 945 310 limum.
985 337 987 340 Ι
1455 263 1520 330 25¹1

142 425 184 470 nec
212 409 328 490 ipsum
357 421 484 496 potest.
529 415 608 478 Nam
636 416 682 479 sio
710 416 829 498 quidem
858 417 984 497 planeta
1011 419 1206 498 retrogradus
1234 419 1334 498 tieret,
1367 431 1402 484 at
1433 423 1521 487 simul
1609 497 1613 502 ¹

146 495 342 565 latitudinem
380 503 544 584 aequalem
575 505 710 569 efficeret
740 507 1005 586 retrogradationi.
1057 507 1123 572 Nec
1155 507 1277 570 tertium
1306 529 1375 572 esse
1406 520 1520 591 potest.

150 587 222 652 liam
248 590 391 670 planeta
420 593 451 655 in
481 593 573 656 latum
595 594 754 657 ueheretur
777 595 822 657 cis
853 603 884 656 et
906 595 987 658 ultra
1010 596 1190 676 eclipticam.
1236 597 1272 658 In
1299 598 1347 660 his
1370 601 1521 679 angustiis

157 676 237 740 aliter
261 687 413 743 statuere
437 699 497 744 non
516 700 652 762 possum,
678 702 767 765 qnam
792 684 871 765 quod
895 691 948 746 aut
970 685 1157 747 Aristoteles
1181 684 1220 747 ad
1242 683 1360 749 Eudoxi
1384 687 1521 751 delinea-

161 767 263 830 tionem
292 769 485 851 respiciens,
519 770 569 850 qui
596 771 708 833 lineam
740 790 778 833 ex
801 773 896 834 Terra
921 791 976 852 per
1006 781 1111 836 centra
1134 773 1334 854 epicyclorum
1362 777 1519 854 educebat,

159 857 237 920 illam
265 877 359 920 axem
383 860 532 938 sphaerae
563 878 617 922 seu
640 860 766 942 epicycli
790 860 1031 937 existimaverit,
1056 862 1182 942 ideoque
1210 861 1297 942 polos
1320 863 1375 926 illa
1396 873 1518 944 puncta,

161 946 262 1026 quihus
285 947 372 1010 linea
395 947 560 1029 epicyclum
579 949 721 1024 secabat:
744 957 798 1012 aut
811 957 904 1024 certe,
929 950 1001 1030 quia
1020 951 1138 1012 ratione
1154 949 1256 1029 optica
1278 952 1341 1013 tale
1356 954 1519 1033 episphae-

162 1034 221 1096 rien
246 1035 278 1097 in
297 1035 385 1116 justo
409 1036 470 1098 situ
494 1036 678 1117 adplenum
702 1038 860 1118 eclipticas
875 1038 951 1102 visui
965 1033 1255 1119 perpendiculariter
1270 1039 1422 1119 objectum
1435 1043 1519 1122 pingi

162 1123 275 1204 nequit,
306 1125 379 1204 quin
401 1125 463 1204 poli
487 1134 519 1186 et
542 1133 678 1189 centrum
707 1128 842 1207 adeoque
874 1135 959 1190 totus
982 1127 1048 1190 axis
1071 1127 1102 1190 in
1125 1147 1215 1190 unum
1237 1137 1380 1208 punctum
1404 1131 1518 1194 coinci-

161 1213 241 1286 daut,
267 1212 336 1293 ipse
361 1213 454 1275 etiam
467 1213 654 1278 Aristoteles
678 1207 783 1278 centra
806 1224 838 1276 et
859 1216 947 1296 polos
970 1217 1150 1289 confuderit,
1174 1217 1385 1290 cum-rideret,
1409 1218 1520 1282 lineam

161 1321 197 1363 ex
219 1301 317 1364 Terra
345 1321 400 1382 per
428 1303 554 1384 epieycli
582 1312 718 1366 centrum
746 1311 846 1366 aetam
874 1304 905 1366 in
933 1304 1103 1386 eclipticam
1131 1305 1208 1368 duci.
1254 1307 1361 1386 Itaque
1394 1307 1518 1384 factum,

161 1399 193 1452 ut
214 1389 420 1466 existimaret,
445 1401 558 1454 motum
582 1392 731 1472 sphaerae
755 1395 804 1465 (ut
826 1393 853 1454 is
877 1393 1044 1474 epicyclum
1068 1394 1217 1475 appellat)
1241 1413 1309 1456 esse
1333 1395 1414 1458 circa
1436 1397 1521 1458 illam

136 1521 139 1526 -
162 1480 278 1542 lineam
325 1479 519 1558 Necessitate
533 1481 645 1560 itaque
669 1482 773 1544 adacti
796 1481 852 1544 hoo
875 1483 913 1544 de
928 1483 1097 1544 Aristotele
1120 1480 1314 1561 suspicemur,
1339 1490 1372 1546 et
1394 1485 1440 1547 sic
1462 1505 1519 1546 ex·
1587 1494 1591 1502 '

160 1567 306 1646 plicemus
329 1567 499 1638 Eudoxum,
523 1569 632 1632 tertiae
655 1569 805 1649 sphaerae
830 1572 921 1651 (quae
937 1571 1089 1655 epicyclus
1109 1571 1199 1633 luerit
1222 1589 1285 1644 seu,
1310 1580 1345 1635 nt
1357 1573 1520 1636 Aristoteli
1632 1641 1637 1646 ,

159 1657 345 1736 placeamus,
371 1656 606 1738 episphaerium)
631 1668 766 1722 centrum
788 1669 821 1721 et
853 1660 974 1740 planum
1000 1659 1133 1722 medium
1161 1659 1192 1720 in
1214 1661 1337 1740 planum
1360 1661 1519 1741 eclipticas
1542 1675 1547 1683 ’

161 1744 370 1825 competiisse,
402 1755 436 1808 ut
459 1746 556 1808 lineae
580 1765 618 1808 ex
633 1747 737 1812 'Terra
758 1766 813 1827 per
836 1757 971 1811 centrum
1000 1747 1089 1828 huius
1105 1747 1238 1829 ,epicycli
1262 1749 1377 1828 ejectae
1401 1750 1430 1810 in
1454 1751 1543 1812 ains

158 1835 237 1912 gulis
251 1833 401 1914 planetis
431 1833 569 1915 singulae
594 1835 718 1910 fuerint,
753 1837 784 1898 in
814 1835 839 1910 ῼ
868 1855 940 1899 vero
967 1837 1044 1914 etl}
1072 1835 1268 1898 coinciderint
1295 1845 1327 1900 et
1353 1855 1414 1900 una
1441 1838 1522 1900 linea

161 1923 285 1985 luerint.
333 1922 368 1984 In
392 1923 449 1984 hac
473 1943 542 1986 vero
566 1925 658 1986 tertia
681 1924 761 1988 aliud
786 1925 1007 2006 episphaerium
1022 1924 1115 1987 fuisse
1130 1925 1336 1998 constitutum,
1362 1927 1445 2006 eujus
1459 1925 1523 2006 poli

159 2032 177 2072 a
206 2010 289 2092 polis
319 2009 429 2074 tertiae
458 2009 639 2075 declinarint
670 2021 755 2075 tauto
785 2013 900 2093 spatio,
934 2022 1078 2094 qnantum
1101 2013 1271 2076 sufficiebat
1299 2013 1520 2078 latitudinibus.

158 2099 200 2162 Et
229 2099 331 2181 quarti
361 2099 481 2180 quidem
511 2109 594 2164 mutu
625 2100 655 2162 in
684 2102 900 2182 consequentia
925 2103 1079 2181 planetam
1111 2111 1143 2163 et
1172 2103 1202 2165 in
1233 2103 1327 2164 latum
1350 2101 1466 2182 digredi
1489 2113 1523 2164 et

160 2189 374 2269 rehcgradum
397 2189 427 2250 in
452 2189 511 2251 imo
535 2189 660 2271 epicycli
683 2190 760 2276 lieri,
793 2190 877 2253 tertii
899 2209 970 2251 vero
995 2199 1076 2252 motu
1100 2189 1131 2251 id
1155 2190 1246 2264 effici,
1278 2198 1312 2254 ut
1333 2191 1459 2270 planeta
1481 2191 1523 2254 sit

159 2277 189 2338 in
212 2275 349 2340 maxima
372 2277 549 2354 latitudine,
573 2279 651 2360 jam·
662 2280 742 2360 apud
763 2277 883 2354 Solem,
906 2279 972 2359 jam
994 2279 1025 2342 iu
1048 2279 1114 2360 ejus
1137 2279 1292 2360 opposito,
1312 2280 1376 2360 jam
1399 2280 1430 2341 in
1453 2289 1541 2342 sta·.

160 2366 295 2430 tionibus
319 2366 374 2428 luc.
1283 2383 1286 2390 ·

249 2453 395 2536 Sequitur
416 2453 448 2516 iu
462 2453 646 2518 Aristotele:
671 2452 840 2536 „Galippus
864 2460 964 2536 autem
986 2452 1169 2533 positionem
1192 2455 1311 2537 quidem
1326 2456 1522 2536 sphaerarum

161 2543 290 2606 eandem
314 2561 381 2606 curn
404 2542 531 2604 Eudoxo
554 2543 664 2622 posuit,
689 2552 753 2604 turn
776 2551 808 2606 et
832 2543 993 2606 intervalla
1016 2543 1136 2606 eadem:
1165 2561 1254 2623 porro
1278 2544 1315 2615 ei,
1340 2562 1417 2625 quae
1435 2544 1522 2607 Joria

159 2641 192 2696 et
223 2651 303 2714 quae
333 2630 473 2704 Saturni,
506 2632 632 2694 eandem
660 2632 856 2711 sphaerarum
886 2632 1109 2695 multitudinem
1141 2631 1372 2712 (quantitatem)
1405 2634 1523 2696 dedit.“

160 2721 194 2782 In
218 2717 239 2798 ij
265 2728 299 2783 et
322 2719 353 2795 lt
374 2720 497 2800 penitus
519 2719 594 2784 nihil
616 2721 753 2795 mutavit,
778 2739 849 2784 nam
872 2721 1106 2801 inaequalitates
1126 2739 1229 2783 eorum
1251 2740 1345 2784 causa
1367 2722 1414 2784 sui
1428 2722 1521 2798 urbis,

158 2819 285 2890 propter
303 2809 424 2872 tardum
448 2827 548 2880 eorum
572 2808 710 2887 reditum,
736 2828 792 2872 neu
813 2811 880 2890 ipse
903 2808 1033 2890 quidem,
1058 2809 1193 2890 quamvis
1215 2809 1403 2889 professione
1418 2819 1522 2872 astro

160 2917 277 2974 nemus,
305 2898 546 2960 animaduertere
569 2907 700 2978 poterat.
746 2898 835 2976 „Soli
858 2917 930 2961 vero
953 2907 985 2960 et
1003 2898 1108 2960 Lunae
1132 2896 1207 2961 duas
1230 2898 1353 2977 insuper
1373 2898 1520 2978 adjicien-

160 2988 216 3052 das
240 2985 446 3062 existimavit,
471 2986 497 3048 si
521 2988 587 3066 quis
610 2995 768 3066 praestare
792 2987 895 3063 dehet,
922 3007 997 3068 quae
1021 2993 1186 3066 apparent:
1212 2985 1334 3066 reliquis
1358 3005 1429 3048 vero
1451 2987 1522 3066 pla-

159 3079 242 3140 netis
265 3077 426 3156 unicuique
450 3075 573 3159 unam.“
619 3073 765 3156 Oalippus
789 3096 847 3138 uon
870 3075 1115 3157 philosophorum
1143 3075 1233 3138 alicui
1256 3083 1358 3137 sectae
1383 3075 1523 3138 addictus

160 3167 236 3240 (uon
260 3173 436 3229 recensetur
460 3164 538 3226 enim
561 3184 582 3227 a
603 3164 731 3227 La'ertio
754 3165 833 3228 inter
855 3165 1081 3247 philosophos),
1111 3163 1165 3227 sed
1193 3172 1228 3226 ut
1250 3163 1313 3226 dixi
1335 3164 1522 3244 professione

160 3264 371 3329 adunamus,
401 3253 605 3316 astronomica
637 3253 783 3316 tractavit
811 3273 906 3336 eaque
935 3253 1105 3316 accuratius
1134 3272 1223 3333 qnam
1245 3252 1389 3315 Eudoxus
1422 3253 1524 3332 philo-

161 3344 293 3422 sophus,
323 3359 471 3422 quaerens
495 3341 726 3406 concinnitates.
773 3343 1000 3406 Animadvertit
1026 3341 1118 3422 igitur
1141 3340 1352 3404 observatione
1376 3341 1522 3422 diligenti,
1653 3364 1664 3386 ι

161 3428 218 3509 Θ,
240 3435 282 3506 (,
307 3439 351 3506 0¹,
375 3429 454 3508 Μ
486 3429 587 3511 plures
610 3430 710 3492 inesse
733 3431 980 3513 inaequalitates,
1005 3449 1094 3513 quam
1106 3429 1227 3494 Eudoxi
1249 3431 1350 3492 lerunt
1370 3430 1523 3513 hypothe-

160 3540 225 3584 ses:
250 3539 321 3584 eam
345 3538 388 3580 ac.
414 3537 490 3600 quas
513 3527 683 3599 respectum
705 3521 800 3583 habat
827 3522 865 3582 ad
885 3528 992 3600 partes
1012 3520 1137 3595 zodiaci,
1163 3537 1253 3600 quam
1267 3520 1523 3582 eccentricitatem

161 3609 299 3672 dicimus.
346 3609 453 3688 ltaque
484 3607 586 3670 orbem
614 3627 703 3672 nuum
729 3605 857 3690 singulis
885 3609 1019 3685 addidit,
1048 3607 1098 3690 qui
1128 3616 1225 3672 utrum
1254 3606 1405 3690 epicyclus
1434 3607 1525 3670 fuerit

161 3719 200 3761 an
223 3700 367 3761 deferens
391 3695 590 3758 eceeutricurn
610 3698 781 3779 (utrumque
805 3698 885 3762 enim
907 3698 971 3760 fieri
993 3697 1106 3779 potuit,
1137 3696 1234 3777 magia
1265 3705 1366 3758 tamen
1390 3697 1461 3771 hoc)
1485 3715 1524 3758 ex

160 3787 207 3850 his
230 3786 335 3850 verbis
358 3785 479 3848 decerni
501 3784 615 3866 nequit.
934 3851 936 3856 ,
1491 3787 1494 3792 ’

249 3875 311 3939 Hic
339 3873 433 3954 igitur
460 3874 655 3954 incongruam
678 3875 897 3938 hhacastcrens
930 3875 1019 3938 affert
1046 3873 1342 3954 interpretationem:
1370 3873 1465 3952 primo
1492 3874 1523 3935 in

161 3964 234 4030 Sole
257 3973 293 4028 et
314 3965 415 4037 Luna,
439 3963 492 4038 ait,
518 3962 605 4026 binos
628 3963 767 4044 utrinque
791 3963 912 4026 additos
936 3984 956 4025 a
979 3961 1117 4044 calippo,
1142 3963 1192 4043 qui
1215 3970 1286 4024 sunt
1308 3961 1428 4042 singuli,
1452 3981 1524 4024 eos-

162 4075 218 4138 que
243 4055 291 4118 sic
314 4059 517 4131 comparatos,
541 4059 576 4114 ut
598 4051 775 4114 tarditatem
799 4060 831 4114 et
853 4053 1057 4127 velocitatem,
1082 4069 1157 4132 quae
1181 4051 1360 4130 inutraque
1384 4058 1523 4130 apparet,

162 4162 312 4226 quamque
344 4140 495 4222 positione
527 4139 764 4204 eccentriuitatis
794 4159 850 4202 uos
881 4141 1041 4215 efficimus,
1074 4139 1232 4202 inveheret
1263 4139 1459 4202 luminaribus
1492 4147 1526 4201 et

163 4233 284 4296 ordinet
306 4231 455 4310 sphaeras
479 4227 518 4290 ad
541 4229 661 4292 modum
690 4229 948 4292 homocentrorum
968 4247 1098 4292 suorum.
1147 4225 1243 4298 Quasi
1262 4227 1351 4290 medo
1374 4236 1438 4289 tam
1461 4228 1523 4290 dii-

162 4323 231 4386 heili
253 4321 369 4385 fuerint
391 4317 437 4380 usi
459 4325 590 4394 veteres,
615 4318 700 4398 isque
724 4317 845 4379 silentio
868 4338 889 4379 a
909 4317 1124 4400 recentioribus
1148 4316 1239 4378 fuerit
1262 4317 1409 4395 sepultus.
1456 4317 1522 4378 Ve-

162 4431 226 4474 mm
248 4418 309 4485 est,
333 4407 423 4471 orbes
446 4407 503 4468 hos
525 4423 594 4468 esse
617 4413 742 4486 propter
765 4405 1031 4481 eocentricitatem,
1057 4407 1111 4468 sed
1126 4404 1236 4484 singuli
1258 4404 1418 4479 sufiiciunt,
1445 4403 1524 4484 quod

163 4501 281 4564 videtur
310 4499 476 4577 desperare
498 4495 734 4570 Fracasterena,
766 4494 877 4575 singuli
900 4513 944 4556 sc.
969 4494 1096 4577 epicycli
1123 4500 1177 4556 aut
1203 4493 1317 4556 circelli
1345 4493 1425 4554 eirea
1448 4509 1520 4553 cen·

164 4598 250 4666 trum,
274 4589 301 4652 si
325 4585 416 4650 simul
439 4601 632 4664 progressum
647 4601 851 4664 apogaeorum
870 4583 989 4645 efficere
1003 4583 1148 4646 Eudoxus
1161 4581 1267 4644 voluit.
1309 4581 1374 4642 Neo
1393 4580 1430 4641 de
1445 4577 1522 4641 binis

167 4677 307 4761 trinisque
334 4670 520 4740 Aristotelis
547 4672 641 4736 verba
672 4679 793 4736 sonant.
842 4671 960 4734 Deinde
991 4671 1077 4734 illum
1109 4669 1140 4732 in
1167 4669 1277 4732 ceteris
1303 4670 1522 4730 Fracastureus

166 4775 248 4848 putet
268 4767 422 4838 additum,
445 4766 571 4842 propter
592 4779 696 4826 aarum
718 4762 758 4825 ab
780 4767 944 4842 aequatura
968 4759 1208 4834 declinationem,
1234 4757 1274 4818 ad
1291 4773 1426 4818 normam
1439 4753 1522 4820 Solis

214 4867 419 4925 amorerat.
1276 4856 1311 4914 :r
