3628 5518
722 251 805 303 Notae
824 251 939 304 Editoris.
1449 261 1510 334 197

141 405 250 460 iunixus,
277 406 396 464 eoelum.
415 408 534 472 Terram,
558 423 691 474 omnesque
710 405 777 460 Deos
795 413 933 471 invocabit,
960 413 1050 466 misero
1073 417 1119 466 albi
1137 418 1227 468 auxillo
1245 427 1275 468 ut
1292 423 1401 472 veniant
1438 423 1513 476 nuno

141 477 266 540 permittet
282 477 389 542 quidam
408 479 482 531 Deua
500 480 592 545 aliquot
610 496 689 532 annos
707 497 766 532 suas
784 485 888 547 experiri
906 485 984 539 vires,
1010 493 1039 535 ιιι
1060 487 1186 554 intelligat
1211 489 1331 554 denique,
1359 494 1449 544 baculo
1467 511 1512 548 ene

141 549 240 598 ninius
258 562 290 600 ea
308 551 419 600 metanti
437 551 545 614 periodo
562 567 589 602 se
607 553 705 604 liberari
724 568 809 616 pesae;
829 569 908 618 porro,
925 557 1031 619 jamjam
1050 559 1160 610 animum
1179 561 1351 624 despondenti,
1371 565 1446 628 ipsius
1465 567 1511 616 mi-

141 625 219 670 sertna
237 618 319 676 Deua,
338 635 446 672 manum
465 623 573 688 porrigit,
593 637 717 688 manuque
736 624 899 690 adoptatam
917 633 1011 678 metam
1029 628 1149 692 perducit.

211 689 324 742 Baculus
344 693 482 742 astronomi
502 699 539 744 est
557 696 611 758 ipss
629 694 812 746 mediomatioa‘
827 710 871 748 seu
889 700 1040 762 geometria,
1068 714 1117 764 qua
1142 701 1206 750 viam
1230 707 1328 754 tentare
1352 711 1378 754 et
1396 705 1511 756 insistere
1618 689 1621 696 ’

140 762 244 824 primum
263 761 351 812 audet
392 760 460 823 Quid
480 764 571 814 etenim
588 763 690 814 humani
708 765 802 831 ingenii
820 767 883 816 vires
908 766 940 816 ad
964 769 1059 819 divinas
1083 770 1128 820 bas
1157 787 1195 820 res
1219 777 1318 836 temque
1337 788 1354 823 a
1372 775 1441 824 nobis
1460 777 1509 826 dis·

139 832 201 880 sitas
224 833 312 896 procul
336 833 546 898 investigandas?
583 834 648 896 Quid
668 836 834 901 caliginaotes
853 838 937 888 oculi?
973 839 1078 890 Proinde
1096 841 1144 891 uisi
1164 841 1231 892 Deus
1256 843 1290 891 illi
1315 859 1358 908 pro
1378 859 1424 895 sna
1442 846 1509 896 beni-

139 905 238 966 gnitate
257 909 341 952 motus
359 904 473 954 heroicos
491 905 613 963 indiderit,
634 913 661 955 et
677 911 797 970 tanquam
815 922 891 958 manu
908 924 952 972 per
970 911 1216 974 incomprehensibile
1230 912 1292 962 alias
1311 915 1402 964 rationi
1420 915 1508 967 huma·

139 988 190 1024 nae
207 976 257 1024 iter
274 975 417 1032 timuerit,
436 975 504 1025 haud
522 977 676 1037 crediderim,
695 977 747 1028 ulla
765 979 791 1027 in
809 991 836 1028 re
855 985 1024 1030 astronomum
1036 995 1112 1032 caeco
1125 983 1166 1032 illo
1185 986 1393 1046 praestantiorem
1411 991 1437 1036 et
1455 987 1509 1037 lell-

138 1045 232 1096 eiorasn
245 1059 311 1100 ease,
329 1052 505 1111 praeterquam
517 1048 581 1111 quod
593 1061 637 1098 sno
649 1049 750 1114 iugenio
763 1049 896 1113 aliqnando
909 1049 996 1112 fldem,
1014 1057 1044 1101 at
1061 1067 1105 1102 suo
1124 1053 1157 1102 illl
1177 1054 1266 1105 baculo
1279 1055 1374 1106 divinos
1392 1057 1512 1118 exhibens

138 1115 261 1174 honoram
287 1117 370 1180 ipsam
389 1117 510 1170 &aniam
536 1119 568 1168 ab
593 1119 677 1168 inieris
703 1126 846 1172 revocatam
865 1121 909 1170 sibi
929 1123 1149 1187 congratulabitur.
1186 1125 1234 1175 Ubi
1254 1132 1337 1176 autem
1356 1142 1408 1178 rem
1426 1141 1510 1180 mum

138 1193 212 1236 recta
230 1191 355 1252 reputaris
372 1187 423 1244 ria,
442 1202 470 1238 se
488 1203 538 1238 uon
558 1189 693 1242 beatiorem
712 1190 810 1256 Orpheo
830 1206 885 1242 esse
903 1195 1008 1250 sentiet,
1027 1194 1068 1258 qui
1086 1195 1185 1258 quidem
1203 1197 1286 1246 animo
1304 1211 1376 1248 suam
1393 1213 1421 1248 se
1439 1199 1509 1250 Euri-

139 1258 216 1308 dican
233 1261 304 1323 requi
324 1260 452 1315 cernebat,
472 1272 528 1308 oum
547 1274 577 1310 er
595 1274 652 1312 orco
671 1261 836 1312 saltabnndns
854 1264 1010 1322 ascenderet,
1029 1271 1085 1329 post
1103 1281 1175 1322 roro,
1194 1273 1223 1316 ut
1241 1267 1275 1317 ad
1293 1281 1337 1318 ora
1355 1271 1447 1320 Arerui
1463 1270 1512 1318 luit

138 1335 302 1392 perventum,
328 1345 403 1396 quam
421 1331 528 1380 maxime
545 1327 638 1381 hahere
657 1346 685 1381 se
707 1333 837 1398 sperabat,
862 1347 892 1384 ex
915 1335 992 1384 oculis
1010 1337 1099 1386 itemm
1118 1335 1151 1386 ad
1169 1337 1259 1388 inieros
1278 1337 1382 1404 delapsa
1399 1342 1509 1391 evanuit

212 1465 259 1530 38)
277 1485 303 1534 p.
324 1467 385 1520 13³.
423 1471 508 1537 (lomp.
529 1474 698 1538 appendicem
719 1475 752 1522 ed
768 1474 857 1524 librum
876 1473 907 1523 V.
927 1473 1132 1528 Harmouioorum
1150 1477 1261 1542 Kepleri'.
1293 1479 1431 1531 Ptolemaei
1448 1479 1508 1532 har·

137 1541 254 1598 monica,
274 1554 341 1606 quae
360 1541 459 1594 edenda
477 1543 522 1593 sibi
541 1551 701 1608 proposuerat
720 1545 856 1610 Keplerus,
874 1561 924 1595 non
942 1548 1092 1610 prodierunt.
1131 1547 1202 1608 Quae
1222 1549 1252 1598 de
1270 1549 1308 1599 his
1328 1551 1475 1608 absolverat,
1495 1567 1510 1602 e

139 1611 318 1676 mauuemiptis
350 1611 453 1677 Repleri
490 1615 620 1680 Patropoli,
647 1617 798 1667 conservatis
831 1617 946 1667 desumto
978 1619 1100 1669 addentur
1133 1618 1294 1670 Harmoniae.
1339 1621 1508 1671 wallisius

138 1681 351 1814 {imfflq‘ffi
377 1683 453 1735 libros
475 1684 512 1734 111
534 1685 672 1737 Ptolemaei
701 1701 756 1738 oum
784 1689 967 1738 commentariis
989 1688 1116 1752 Porphyrii
1142 1690 1219 1740 edidit
1244 1690 1356 1742 oxoniae
1381 1706 1405 1743 a
1432 1689 1507 1741 1682.

151 1767 235 1804 rocus
330 1790 338 1803 .

217 1891 264 1956 39)
284 1911 310 1958 p.
332 1891 391 1944 134.
422 1895 494 1946 Haec
512 1912 558 1946 roa
577 1898 658 1950 „sacri
671 1903 811 1947 astronomo
824 1899 917 1948 numeri
938 1895 962 1956 6,
983 1895 1026 1956 12,
1046 1895 1095 1947 60⁴⁴
1116 1914 1145 1948 eo
1164 1899 1278 1963 pertinet.
1298 1902 1363 1966 quod
1375 1904 1507 1953 astronomi

139 1967 210 2015 vario
227 1965 370 2025 modo-illis
388 1967 427 2016 usi
445 1971 518 2024 suut,
544 1984 566 2016 r.
587 1983 608 2018 o.
629 1967 757 2019 zodiacum
775 1968 906 2018 dividendo
929 1971 955 2018 in
981 1968 1111 2018 duodecim
1136 1970 1221 2034 signa,
1247 1985 1290 2021 ser
1312 1973 1437 2030 borealia,
1463 1989 1508 2024 sex

137 2036 268 2096 amunta,
289 2037 443 2088 numerando
458 2035 509 2086 ³60
521 2039 623 2104 gradus,
643 2039 773 2088 duodecim
786 2040 846 2088 anui
858 2053 963 2093 meuses,
982 2053 1025 2088 sex
1037 2039 1152 2104 planetas
1165 2039 1210 2090 dte.
1225 2039 1316 2106 (comp.
1331 2056 1390 2092 aun.
1403 2043 1506 2107 Keplerl

137 2109 164 2156 iu
178 2107 361 2171 prasish'ouam
373 2121 397 2172 g.
415 2122 439 2171 p.
456 2105 527 2167 110).
557 2107 629 2168 Quod
641 2123 697 2158 vero
709 2109 734 2156 ln
748 2111 919 2157 astronomicis
933 2111 1156 2172 computationibus
1175 2111 1379 2176 frequentabatur
1389 2129 1505 2166 semema

138 2173 186 2234 oo.
205 2179 303 2228 iactum
322 2184 369 2234 est,
388 2185 418 2226 ut
435 2178 530 2242 plurimi
546 2181 688 2235 asuouomi,
707 2180 747 2243 qni
766 2178 896 2236 ediderunt
914 2179 1012 2229 tabulas
1031 2182 1225 2237 astronomicas,
1243 2185 1430 2246 praemitterent
1450 2191 1505 2242 ,ta-

135 2249 225 2300 lniur
242 2249 462 2312 σαφηνιῶ,
482 2255 508 2298 et
517 2249 642 2304 librorum,
662 2250 828 2300 moerentes
840 2256 975 2313 praecepta
987 2250 1146 2310 tradentium,
1166 2253 1236 2304 multi
1255 2254 1375 2304 reierreut
1394 2255 1503 2320 ,logisti-

136 2334 196 2370 cam
214 2319 434 2384 sexagenariam“.
462 2318 534 2378 Quae
553 2319 699 2384 ,logistioa“
719 2335 794 2384 quum
812 2321 913 2384 saepius
931 2328 1045 2370 occurrat
1062 2321 1087 2370 iu
1101 2324 1197 2385 scriptia
1210 2323 1322 2387 Kepleri,
1340 2325 1404 2375 haec
1418 2327 1507 2388 paucis

136 2391 253 2440 munda
270 2400 417 2439 censemus:
446 2389 507 2442 Cum
525 2390 572 2442 illis
591 2391 740 2456 temporibus
759 2391 892 2442 fractiones
911 2391 1044 2442 decimales
1062 2392 1170 2442 nondum
1189 2395 1215 2444 iu
1233 2410 1278 2444 usu
1298 2402 1396 2452 esseut,
1423 2403 1502 2446 astro·

136 2462 204 2510 nuri
223 2461 258 2510 ad
276 2460 455 2510 sublevandum
469 2461 591 2512 oalcrdum
604 2477 726 2523 numeros,
746 2476 847 2526 quorum
859 2463 1007 2524 praecipuus
1020 2461 1078 2526 ipsis
1090 2477 1148 2512 usus
1162 2471 1224 2520 erat,
1245 2462 1288 2521 to,
1311 2459 1365 2528 ¹i.„
1387 2463 1444 2529 'im
1457 2465 1504 2518 dtc.

135 2532 211 2582 airnili
229 2531 283 2581 iere
302 2532 399 2581 ratione
418 2531 582 2587 adhibebant,
607 2547 656 2598 qua
672 2547 739 2583 nunc
758 2534 891 2582 iractiones
910 2531 1044 2584 decimales
1061 2537 1177 2594 utuntur,
1199 2535 1340 2585 omittentes
1360 2535 1504 2587 denomina-

137 2611 220 2658 toraar
246 2604 285 2652 ita
303 2610 331 2651 ut
350 2599 385 2648 61)
403 2603 513 2652 unitates
532 2603 622 2654 ordinis
641 2603 775 2657 inferioris.
801 2601 813 2650 1
836 2603 958 2652 unitatem
982 2603 1073 2653 ordinis
1097 2607 1227 2668 superioris
1253 2613 1377 2670 aequentr
1402 2608 1453 2658 sire
1476 2613 1506 2658 ut

137 2673 219 2722 verbis
238 2673 366 2736 scriptoria
383 2671 480 2722 illomsu
498 2678 635 2738 temporum
654 2674 723 2736 (Seb.
742 2673 901 2730 Theoderici,
928 2675 967 2723 cui
991 2675 1023 2722 ab
1048 2675 1107 2724 urbe
1130 2678 1212 2738 patria
1234 2676 1387 2727 Winshemlo
1413 2691 1505 2727 nomen

137 2751 193 2800 eat.
219 2745 246 2794 iu
261 2743 361 2794 libello:
390 2744 520 2809 Logiatica
537 2747 711 2796 astronomica.
732 2742 813 2806 ibib)
832 2750 945 2794 utamur:
972 2747 1157 2810 ,integrum
1175 2747 1283 2797 medinm
1302 2747 1383 2797 locum
1402 2749 1504 2808 obtinet,

137 2815 316 2866 collectum
341 2817 508 2880 magenario
532 2816 659 2868 additione
685 2816 814 2868 constitnit
837 2829 1019 2881 campanarum
1042 2816 1167 2873 ordinem,
1193 2817 1417 2868 dirianm'rero
1436 2832 1508 2869 sma-

135 2887 246 2953 μὴ
263 2886 383 2938 ffiucue
402 2886 480 2938 efficit
495 2887 665 2951 scrupulorum
683 2886 819 2940 ordinem.“

208 3023 258 3090 to)
277 3041 302 3090 p.
323 3023 383 3078 ¹40.
418 3025 493 3079 Hane
512 3027 543 3080 de
562 3027 717 3081 conterendis
735 3030 841 3078 motibus
860 3026 1007 3078 coelestibus
1031 3041 1086 3076 cum
1105 3028 1171 3076 sonis
1188 3026 1338 3078 harmonicis
1357 3026 1505 3089 disputatio-

135 3113 195 3150 nara
222 3104 249 3148 et
274 3099 402 3162 utriusque
427 3113 482 3148 oum
506 3101 614 3150 sectione
634 3099 719 3150 circuli
737 3101 762 3148 iu
781 3107 864 3162 partos
884 3098 1051 3157 ,rationales“
1077 3100 1302 3160 comparationem,
1328 3111 1402 3162 quam
1421 3098 1506 3160 paneis

135 3171 179 3220 hic
197 3169 319 3226 absolvit,
339 3169 462 3234 Keplema
481 3171 546 3220 brevi
565 3177 621 3235 post
640 3171 734 3220 editum
752 3170 912 3220 Prodromum
929 3170 1038 3235 pluribus
1058 3168 1209 3234 aggreditur,
1229 3167 1394 3218 fundamenta
1409 3169 1506 3229 jaciens

136 3242 220 3306 operia
237 3239 304 3289 llliua
328 3240 492 3298 celeberrimi,
522 3241 691 3299 „Harmoniae
709 3238 831 3298 lduodi,“
857 3242 882 3290 in
908 3254 955 3305 quo
978 3255 1030 3290 rem
1052 3240 1152 3305 propius
1179 3239 1212 3290 ad
1235 3245 1314 3289 artem
1336 3239 1507 3304 rationemque

137 3319 249 3362 morat

209 3381 351 3432 Primordia
368 3381 440 3444 hujus
459 3382 632 3449 disputationis
658 3383 753 3432 subtilis
777 3389 804 3432 et
826 3382 956 3432 abacum
980 3381 1186 3444 deprehendimus
1209 3382 1234 3430 iu
1260 3380 1337 3430 literis
1360 3380 1393 3431 ad
1410 3377 1507 3430 M

137 3456 218 3505 hau
235 3453 303 3504 data
323 3453 348 3504 d.
369 3450 412 3502 29.
432 3454 496 3520 Aug.
517 3451 600 3510 lost,
620 3455 661 3504 eui
678 3454 742 3505 haec
760 3454 792 3504 de
810 3453 899 3504 studiis
916 3454 966 3502 suit
983 3453 1075 3503 relert:

216 3563 284 3618 Jam
298 3567 408 3630 tempus
423 3565 475 3624 eat,
490 3568 527 3616 ut
540 3561 605 3618 tibi
619 3579 749 3633 quoque
764 3562 950 3616 studiorum
965 3577 1108 3615 meorum
1124 3557 1296 3614 rationem
1309 3559 1453 3613 reddam.
1477 3556 1507 3612 Si

135 3643 285 3713 Tubingae
307 3657 406 3704 essem,
432 3657 532 3696 norum
553 3643 673 3712 aliquem
687 3649 718 3696 et
730 3643 843 3696 brevem
856 3641 981 3695 libellum
1002 3639 1159 3694 meditarer.
1188 3639 1261 3693 Saue
1277 3638 1342 3709 quia
1355 3637 1507 3694 rectissime

136 3723 305 3778 llnstlinua
320 3721 373 3774 mei
394 3719 527 3776 similibus
551 3721 669 3777 dixerit:
693 3721 752 3776 aino
774 3739 816 3775 me
839 3721 907 3774 nihil
923 3719 1039 3791 potestis
1060 3719 1163 3774 lacere.
1193 3719 1263 3772 Nam
1277 3717 1509 3790 cosmographiae

139 3803 248 3858 libellos
264 3803 304 3856 Ν
329 3817 384 3855 nou
406 3801 547 3864 tractabo,
573 3801 623 3856 nisi
643 3801 780 3872 Typhonis
803 3799 968 3855 editionibus
991 3800 1180 3870 supervixero.
1219 3798 1327 3852 Titulus
1348 3797 1435 3854 libro:
1457 3798 1507 3854 De

138 3882 325 3938 Harmonia
339 3880 459 3934 mundi.
489 3880 590 3954 Arrige
605 3897 696 3936 aures.
725 3877 847 3954 Εὑρηκα.
876 3881 994 3934 Primum
1008 3879 1157 3948 dupliciter
1171 3877 1380 3935 considerautur
1397 3876 1506 3948 quanti·

139 3969 217 4017 tates.
239 3965 299 4018 Aut
310 3961 339 4014 iu
349 3966 454 4031 quarta
464 3963 525 4028 (sic)
540 3961 632 4031 specie
643 3959 797 4032 qualitatis,
813 3967 843 4013 et
856 3959 926 4014 flunt
941 3960 1087 4029 scarpum
1100 3958 1252 4030 reperieris,
1272 3956 1507 4018 lddrohimedea,

138 4051 166 4096 et
182 4043 278 4096 forsan
299 4041 410 4111 aliquot
424 4039 607 4108 Kepler'iana,
628 4039 779 4109 cujusmodi
801 4057 884 4094 uuum
906 4039 955 4094 tihi
977 4040 1038 4092 loco
1059 4037 1198 4092 honorarii
1220 4037 1299 4090 mitto
1314 4037 1509 4092 conficiendum

139 4123 216 4178 isthic
229 4141 269 4176 ex
291 4119 439 4176 duodecim
462 4115 486 4187 li
506 4142 512 4174 :
533 4121 623 4192 possit
640 4121 713 4175 enim
723 4120 788 4190 jure
802 4120 900 4174 merito
916 4119 988 4174 inter
1001 4117 1147 4189 regularia
1160 4117 1270 4178 referri,
1286 4115 1338 4170 nisi
1353 4118 1425 4187 quod
1439 4113 1508 4169 nihil

139 4209 181 4256 eat
193 4203 280 4264 aliud,
297 4215 385 4272 quam
400 4201 592 4255 dodeoaidrou
606 4208 717 4257 auctum
732 4199 793 4270 (sed
808 4191 1042 4270 regularissime).
1067 4199 1149 4268 Alter
1163 4196 1349 4267 quantitatum
1364 4200 1507 4267 respectus

140 4289 247 4337 estnon
261 4295 508 4356 σωματοποιησις,
531 4273 577 4334 sed
593 4280 761 4351 comparatio
776 4295 867 4333 rerum
881 4279 1011 4349 ipsarum,
1027 4293 1098 4348 quae
1113 4285 1178 4330 sunt
1192 4276 1219 4330 iu
1233 4291 1361 4348 σωμασιν
1376 4277 1403 4330 iu
1417 4271 1508 4346 planis

140 4363 271 4418 etsolidis
287 4358 486 4433 regularibus.
514 4361 556 4416 Ibi
571 4361 642 4416 enim
657 4360 783 4415 metimur
801 4359 908 4422 latera,
934 4359 1053 4436 angulos
1074 4355 1134 4419 dcc,
1161 4358 1213 4410 hoc
1236 4365 1292 4418 est,
1318 4365 1507 4424 comparamus

139 4441 185 4496 illa
198 4445 233 4498 ad
248 4449 361 4497 certam
377 4455 543 4495 mensuram.
572 4441 625 4494 Sed
644 4441 714 4494 haec
733 4443 817 4492 extra
835 4439 922 4492 oleas.
952 4438 1023 4492 illud
1042 4453 1125 4491 unum
1147 4437 1293 4490 tenendum
1314 4435 1373 4496 hio,
1397 4443 1507 4502 pome-

138 4523 202 4578 triae
225 4523 378 4592 objectum
399 4535 462 4572 esse
477 4523 579 4594 loyooc
597 4527 627 4575 et
647 4517 806 4588 dscloyrcc.
835 4519 888 4573 Sed
901 4523 988 4590 loyor
1007 4515 1154 4586 simplicior
1168 4521 1198 4568 et
1210 4515 1292 4585 prior.
1322 4517 1430 4583 Aoyort
1443 4509 1508 4558 tuni

133 4603 235 4668 induiti,
257 4609 292 4657 ut
308 4607 406 4654 antea
421 4599 631 4666 superficierum,
652 4605 684 4654 ut
698 4615 849 4667 corporum.
877 4599 931 4653 Sed
945 4606 1039 4652 temen
1053 4595 1301 4653 demonstrandum,
1324 4607 1385 4643 esee
1405 4599 1507 4672 paucos

129 4687 235 4758 aliqtros
251 4681 399 4755 pulchros
416 4677 537 4744 eximios,
560 4689 591 4734 et
608 4682 643 4734 ad
663 4677 866 4733 similitudinem
887 4693 1041 4748 corporum.
1052 4676 1206 4745 regulares.
1234 4674 1290 4724 Eos
1305 4683 1401 4720 sensus
1416 4663 1513 4734 prodit,

127 4765 301 4830 inmusica:
332 4753 378 4821 ‘lu
399 4751 442 4820 'lu
465 4751 504 4824 'la
522 4753 561 4826 'iu
578 4752 620 4823 *im
639 4754 681 4828 ⁸i·,
700 4752 741 4823 'la
759 4752 790 4818 ‘lc
812 4775 872 4816 oum
892 4757 948 4814 suis
963 4753 1157 4829 completoriis.
1186 4749 1234 4804 lati
1252 4753 1335 4820 loyor
1354 4751 1419 4798 sunt
1437 4755 1507 4801 troo-
