3674 5528
713 249 746 298 us
762 249 836 298 rear·
855 247 1016 314 moruus
1478 245 1542 312 307

179 399 270 474 Quod
294 401 327 464 in
352 403 468 466 circulo
492 403 565 466 facit
587 403 722 466 inlinitur
745 403 930 480 inflexionis,
954 405 986 468 id
1008 406 1039 468 iu
1064 406 1244 486 septangulo
1269 405 1344 468 lacit
1367 405 1542 486 impossibi-

181 493 256 556 litas
280 491 415 554 duarum
437 491 576 554 continue
600 493 886 574 proportionalium,
919 513 958 556 ex
981 513 1041 575 qua
1063 496 1160 559 lluunt
1182 493 1283 558 omnia
1305 493 1390 557 talia.
1435 495 1544 574 Itaque

183 581 262 644 banc
286 579 390 666 solam
412 579 480 644 loco
503 581 633 644 omnium
656 582 968 644 indemonstrabilium
999 583 1233 648 consideremus.
1280 584 1363 646 luter
1392 600 1544 662 quascun-

186 687 242 750 que
266 669 346 731 duas
371 668 471 732 lineas
493 677 595 732 rectas
620 679 691 738 sunt
714 667 749 744 2,
774 667 805 746 4,
831 667 862 746 6,
887 667 908 734 8
932 671 1049 734 mediae
1072 673 1333 752 proportionales,
1365 689 1419 732 nec
1443 679 1544 733 tamen

188 757 316 820 inveniri
338 765 483 836 possunt,
517 757 575 819 nisi
598 777 653 838 per
674 760 881 822 mechanicum
904 760 1045 822 Platonis
1069 760 1314 836 (Eratosthenis)
1338 759 1543 821 mesolabium.

189 847 221 908 ld
244 863 306 908 uon
330 845 434 908 estin
458 855 564 908 nostra
585 847 810 923 imbecillitate,
835 848 889 910 sed
915 849 943 910 in
968 857 1077 911 natura
1101 849 1320 929 quantitatum
1359 848 1544 927 impossibile

191 935 270 1000 enirn
293 943 346 996 eat
368 933 496 1008 homini,
529 934 665 997 omnibus
693 937 756 999 suis
780 937 975 1016 conceptibus
999 945 1253 1019 conceptuumque
1277 937 1445 998 nominibus
1470 939 1543 1010 (nu-

191 1021 266 1089 meri
289 1030 395 1085 antem
419 1032 488 1085 sunt
510 1024 604 1086 verba
624 1027 859 1106 geometrarum)
889 1026 1048 1090 enunciare
1071 1027 1295 1106 proportionem
1318 1026 1423 1088 harum
1446 1025 1544 1088 linea-

190 1131 271 1188 rum,
305 1130 403 1193 eaque
426 1111 653 1190 impossibilitas
676 1132 715 1174 ex
737 1113 804 1193 ipsa
828 1119 950 1189 natura,
984 1133 1051 1176 cum
1074 1124 1196 1178 nostrae
1223 1114 1333 1176 mentis
1365 1121 1428 1176 tum
1448 1133 1544 1194 quan-

155 1220 158 1226 ·
190 1201 315 1264 titutum
346 1199 453 1274 uritur,
491 1198 537 1262 ita
563 1209 598 1262 ut
625 1199 803 1282 simpliciter
830 1195 871 1264 sit
898 1203 1093 1282 impossibile.
1140 1201 1223 1264 Nihil
1251 1202 1322 1265 noui
1346 1202 1428 1276 dic0;
1465 1201 1547 1266 idem

191 1287 264 1352 dicit
287 1287 431 1349 Euclides
454 1287 530 1349 libro
545 1289 601 1361 lX,
626 1289 745 1370 quaudo
770 1289 806 1352 de
831 1291 961 1353 numeris
986 1291 1143 1372 quadratis
1167 1301 1199 1353 ει
1222 1310 1280 1353 non
1296 1291 1452 1371 quadratis
1467 1291 1541 1372 agit,

191 1377 217 1440 si
239 1377 307 1458 ejus
332 1375 539 1438 conclusiones
563 1385 720 1456 aptentur,
746 1386 778 1440 et
801 1399 860 1440 nna
884 1377 923 1440 ab
947 1379 1008 1441 alia
1032 1380 1207 1442 deducatur.
1254 1379 1333 1441 Nam
1358 1379 1407 1441 ubi
1431 1373 1547 1442 dsunt

192 1465 333 1528 continue
358 1465 615 1544 proportionales,
643 1467 758 1545 primns
786 1475 834 1529 est
858 1467 897 1530 ad
921 1467 1057 1530 ultimum
1087 1475 1122 1530 ut
1144 1468 1238 1530 cubus
1263 1467 1303 1528 ad
1326 1467 1447 1542 cubum;
1488 1467 1546 1530 duc

191 1553 334 1616 continue
356 1551 598 1633 proportionales
620 1574 679 1616 non
703 1555 853 1618 intersunt
876 1558 1001 1619 numeri.
1048 1555 1118 1618 Etsi
1142 1555 1234 1635 igitur
1258 1555 1391 1618 cussista
1409 1555 1471 1618 suis
1495 1575 1547 1619 re-

192 1642 271 1724 gulis
297 1640 414 1703 invenit
437 1641 655 1722 aequationem,
681 1661 708 1704 v.
726 1662 755 1724 g.
780 1645 952 1724 septanguli
976 1653 1008 1706 et
1022 1644 1184 1726 diametri,
1207 1643 1344 1726 adeoque
1368 1643 1494 1708 aliarum
1518 1643 1549 1706 in

191 1730 303 1794 circulo
327 1739 496 1804 rectarum,
522 1738 623 1792 tamen
646 1751 701 1793 nec
725 1734 868 1802 nominat,
893 1751 948 1795 nec
973 1733 1143 1796 describere
1168 1733 1274 1808 doeet',
1300 1732 1354 1794 sed
1378 1733 1465 1812 quasi
1490 1731 1549 1795 ali·

192 1820 269 1882 unde
294 1827 383 1882 notos
407 1819 499 1881 cubos
523 1819 722 1901 cuborumque
746 1821 838 1882 cubos
863 1821 916 1884 irc.
939 1821 1170 1901 praesupponit,
1196 1839 1263 1884 cum
1285 1830 1385 1882 tamen
1410 1822 1547 1902 nuspiam

192 1907 391 1982 innotuerint3
419 1906 507 1987 jubet
530 1903 622 1988 igitur
646 1909 674 1970 id
698 1928 858 1990 quaerere,
893 1911 972 1991 quod
996 1909 1172 1989 simpliciter
1195 1909 1323 1972 inveniri
1347 1928 1405 1970 non
1429 1903 1542 1990 potcs't,

192 1997 260 2060 cubi
285 2015 330 2059 sc.
356 1997 456 2070 latus,
480 1997 530 2076 qui
555 1995 730 2077 exprimitur
752 2017 875 2061 nurnero
899 2007 958 2060 nun
982 1997 1102 2072 cubico,
1127 1998 1295 2077 cujusmodi
1318 1999 1405 2060 radix
1429 1998 1550 2079 quidem
1640 2043 1646 2054 .

191 2085 316 2170 propius
350 2085 539 2156 accedendo,
577 2085 631 2146 sed
661 2105 811 2168 nunquam
841 2087 929 2168 plane
963 2087 1164 2167 cognoscitur.
1212 2087 1246 2150 In
1280 2105 1414 2163 summa,
1449 2087 1550 2150 omnia

191 2174 375 2254 hujusmodi,
400 2192 475 2255 quac
499 2193 565 2236 cum
589 2173 702 2236 sintin
726 2195 780 2236 suo
804 2167 1019 2238 mathematiiro
1044 2175 1196 2238 essentiae
1212 2193 1332 2254 genere,
1357 2175 1420 2236 fieri
1446 2183 1549 2238 tamen

192 2282 249 2326 non
274 2269 418 2344 possunt,
443 2261 498 2324 illa
520 2262 658 2326 videntur
681 2272 766 2338 anta,
792 2275 888 2338 extra,
914 2272 1048 2346 praeter,
1073 2271 1180 2327 contra
1204 2273 1340 2326 nostram
1363 2263 1548 2326 intellectio·

192 2371 261 2416 nem
285 2371 366 2414 esse.
412 2349 473 2412 Sed
498 2350 596 2426 dicas',
631 2370 689 2413 non
714 2352 815 2433 sequi,
849 2363 883 2415 ut
910 2362 1039 2435 nequeat
1062 2351 1146 2426 sciri,
1186 2351 1264 2434 quod
1289 2351 1379 2415 fuerit
1401 2351 1549 2416 hacteuus

192 2441 362 2514 nescitum
394 2449 481 2520 petes
505 2459 611 2520 nempe
636 2441 942 2526 demonstrationem,
978 2461 1054 2524 quae
1088 2441 1266 2511 convincat,
1300 2441 1373 2502 haee
1398 2441 1468 2503 sciri
1493 2461 1549 2504 sua

193 2539 305 2593 natura
328 2529 460 2608 nequire.
497 2527 574 2590 Esto
599 2547 679 2607 ergo,
705 2537 737 2591 ut
756 2531 857 2610 possit
875 2531 955 2592 sciri.
1002 2529 1108 2592 Scire
1132 2530 1161 2591 in
1186 2529 1378 2610 geometricis
1402 2539 1460 2606 εει,
1484 2549 1548 2592 rem

191 2639 244 2700 per
268 2637 396 2680 causam
420 2617 575 2679 formalem
594 2623 790 2697 'cognoscere
836 2619 881 2682 At
904 2619 1039 2680 formalis
1063 2638 1157 2680 causa
1187 2618 1290 2680 horum
1314 2618 1390 2679 haec
1414 2625 1480 2693 est,
1516 2626 1550 2680 ut

192 2705 348 2771 conciliari
371 2725 429 2767 non
453 2705 580 2785 possint.
627 2705 695 2768 Nisi
720 2707 798 2769 enim
830 2715 903 2769 sunt
934 2709 991 2771 duo
1022 2715 1159 2769 extrema
1190 2705 1278 2780 cubi,
1320 2707 1377 2767 duo
1409 2705 1549 2768 continue

191 2795 293 2859 media
315 2794 555 2876 proportionalia
578 2813 637 2856 non
661 2804 732 2857 snut
756 2797 878 2872 numeri,
903 2796 980 2876 quod
1003 2795 1115 2875 probat
1136 2793 1280 2856 Euclides
1305 2793 1356 2857 lib.
1373 2793 1429 2857 IX.
1469 2791 1548 2856 Sciri

192 2903 264 2966 ergo
290 2885 406 2965 poterit
428 2880 475 2957 id,
510 2883 587 2965 quod
611 2883 763 2945 enunciari
787 2903 844 2947 nou
869 2892 991 2964 potest;
1029 2885 1086 2946 hoc
1108 2902 1180 2946 vero
1205 2882 1393 2958 absurdum,
1418 2881 1488 2943 sciri
1507 2881 1547 2958 id,

191 2974 269 3058 quod
295 2979 437 3035 nonest
484 2969 633 3052 Objicias,
668 2973 789 3054 nequire
813 2973 945 3035 construi
969 2972 1190 3052 rectangulum,
1225 2970 1297 3034 sciri
1321 2977 1421 3034 tamen
1444 2988 1546 3051 posse.

190 3062 279 3144 Nego
304 3060 385 3124 sciri.
433 3059 576 3122 Nascitur
598 3061 693 3136 basis,
719 3062 788 3123 dum
812 3061 991 3142 quadratum
1015 3062 1125 3124 baseos
1149 3062 1252 3123 scitur.
1353 3109 1365 3136 ,

278 3150 392 3222 Dicas,
422 3149 478 3210 hoc
501 3148 595 3211 etiam
617 3149 706 3218 modo
738 3149 807 3212 sciri
839 3149 950 3231 aliquid
975 3151 1011 3213 de
1035 3149 1056 3214 2
1081 3147 1187 3212 mediis
1211 3147 1350 3211 continue
1374 3147 1548 3228 proportio-

188 3239 320 3310 nalibus,
345 3239 405 3300 etsi
426 3239 513 3318 ipsae
537 3237 721 3301 nesciantur.
768 3235 888 3310 Quaero
913 3258 999 3321 ergo,
1029 3239 1169 3322 quidnam
1193 3237 1265 3300 illud
1289 3238 1338 3312 sit,
1365 3237 1443 3318 quod
1466 3237 1548 3299 scia-

189 3335 238 3391 tur
270 3329 309 3390 de
343 3327 449 3390 hisce?
496 3323 572 3391 Cum
596 3329 674 3390 enim
702 3324 722 3390 3
747 3335 865 3389 tantum
893 3329 1009 3408 species
1042 3338 1113 3391 sunt
1144 3327 1324 3408 quantitatis
1357 3323 1547 3388 rectilineae:

189 3418 280 3488 linea,
306 3415 495 3498 superficies,
520 3433 642 3496 corpus,
668 3417 762 3478 scitur
785 3425 838 3478 ant
860 3416 927 3495 ipsa
950 3426 1076 3498 utraque
1100 3415 1213 3492 media,
1247 3413 1324 3496 qnod
1349 3411 1458 3476 falsum
1481 3435 1548 3477 esse

187 3506 386 3569 inconfesse
410 3514 473 3579 est,
507 3513 561 3567 aut
584 3523 711 3584 corpus,
737 3505 814 3586 quod
839 3505 992 3585 quaeritur
1016 3506 1123 3581 (cubus
1148 3505 1186 3566 ab
1210 3507 1277 3584 ipsa
1299 3503 1399 3565 media
1424 3507 1548 3579 l'actus),

187 3603 242 3658 aut
266 3593 453 3676 superficies,
477 3612 566 3673 quam
589 3591 741 3675 quaelibet
764 3579 849 3655 linea
867 3593 951 3668 facit,
976 3595 1055 3675 quod
1077 3613 1146 3656 mox
1170 3591 1436 3656 considerabimus.
1478 3591 1548 3654 Jam

188 3683 405 3746 occurrendum
439 3689 487 3744 est
519 3681 587 3744 huic
619 3682 798 3762 objectioni:
833 3682 926 3744 scitur
956 3683 1096 3763 planum,
1130 3683 1208 3764 quod
1228 3680 1487 3762 comprehenditur
1511 3684 1549 3744 ab

188 3765 328 3856 utraque,
354 3791 424 3834 nam
446 3771 477 3834 id
502 3771 628 3851 aequale
652 3779 701 3832 est
724 3773 898 3850 rectangulo
922 3773 977 3834 sub
1002 3771 1156 3834 extremis.
1203 3769 1404 3851 Respondeo:
1436 3769 1465 3831 id
1492 3789 1550 3834 non

188 3870 239 3925 ert
261 3860 450 3941 distinguere
474 3859 626 3940 siugulas;
651 3859 696 3922 ita
720 3861 844 3926 contusa
867 3869 915 3921 est
938 3861 1013 3922 haec
1037 3859 1156 3936 notitia,
1182 3879 1248 3922 cum
1273 3878 1328 3921 nos
1353 3859 1390 3920 de
1406 3858 1551 3923 distincta

188 3969 384 4033 quaeramus.
432 3949 481 4011 lta
504 3949 629 4024 scimus,
654 3949 734 4032 quod
760 3951 872 4010 lactum
901 3946 957 4010 sub
980 3949 1077 4030 prima
1107 3957 1140 4010 et
1162 3949 1254 4012 tertia
1278 3945 1418 4028 quaesita
1441 3947 1552 4011 debeat

188 4041 317 4124 aequari
342 4037 491 4120 quadrato
515 4039 676 4115 secundae,
701 4037 780 4119 quod
804 4037 946 4112 nescitur,
971 4046 1006 4099 ut
1029 4045 1060 4100 et
1082 4038 1191 4099 tertiae
1217 4035 1406 4118 quadratum,
1431 4037 1467 4098 de
1492 4057 1549 4119 quo

187 4139 318 4210 postea3
361 4126 504 4190 similiter
541 4125 620 4206 quod
659 4128 772 4189 lactum
809 4125 864 4187 sub
897 4127 1038 4188 secunda·
1062 4127 1200 4209 quaesita
1234 4134 1266 4186 et
1298 4132 1406 4206 quarta
1439 4125 1551 4190 debeat

188 4217 313 4300 aequari
329 4213 480 4298 quadrato
503 4215 622 4290 tertiae,
648 4216 726 4296 quod
752 4213 893 4277 nescitur.
934 4215 999 4275 Hae
1015 4224 1077 4276 tres
1097 4215 1222 4276 notitiae
1239 4214 1326 4276 uobis
1342 4213 1549 4276 discriminant

189 4307 266 4371 dnae
289 4305 464 4388 quaesitas.
498 4323 553 4366 nec
577 4303 689 4367 sistunt
713 4304 783 4367 illas
816 4303 1057 4366 inintellectum
1082 4311 1232 4378 nostrum,
1266 4311 1390 4384 propter
1413 4298 1548 4364 inlinita-

189 4403 251 4459 tem
273 4393 567 4475 subingredientem,
592 4399 624 4456 et
647 4400 749 4456 tamen
773 4391 983 4455 discriminant
1006 4393 1074 4454 illas
1100 4402 1187 4454 extra
1210 4392 1395 4454 intellectum
1414 4399 1549 4452 nostrum

190 4485 219 4547 in
241 4505 295 4549 suo
318 4501 436 4567 genere
461 4481 630 4560 essentiae,
655 4481 838 4561 iaciuntque,
863 4489 898 4542 nt
920 4480 978 4541 hae
1001 4500 1059 4542 non
1084 4482 1161 4546 aliae
1186 4499 1252 4542 esse
1275 4479 1403 4562 possint.
1450 4475 1549 4540 Simili

189 4575 313 4640 tardiori
347 4592 417 4638 rem
450 4569 620 4634 illustrabo.
672 4571 743 4635 Scio
777 4570 887 4632 baseos
920 4567 949 4629 in
982 4568 1133 4651 triangulo
1166 4569 1341 4648 rectangnlo
1371 4567 1548 4650 quadratum

186 4683 252 4729 esse
275 4663 414 4748 aequale
440 4659 594 4740 quadratis
618 4657 830 4741 adjacentium,
855 4656 957 4719 nescio
978 4657 1193 4737 longitudinem
1216 4657 1335 4732 baseos,
1359 4656 1388 4717 h.
1405 4673 1431 4716 e.
1452 4673 1546 4715 cuun-

182 4757 260 4823 siare
282 4775 348 4821 nou
373 4767 517 4836 possum.
562 4747 692 4814 Tantum
715 4749 772 4811 boc
796 4747 868 4822 scio,
894 4747 920 4808 si
944 4746 1006 4808 tale
1031 4747 1210 4828 quadratum
1233 4743 1352 4818 faciam,
1378 4742 1485 4806 iecisse
1500 4759 1548 4802 me

1275 4845 1336 4898 20*
