3542 5528
305 286 357 356 ,11
904 287 1066 342 nomm

385 454 483 506 bitem
501 453 549 504 bae
564 465 653 516 parum
671 449 754 500 solatii
781 450 923 500 exhibentes
941 451 1094 502 advenemnt
1112 449 1238 500 (1111111111
1254 449 1363 514 Keplero
1379 448 1487 517 Pugna
1511 450 1546 500 ad
1561 449 1657 514 meus

315 540 371 578 nem
389 526 498 592 proiecto
517 524 597 588 (initio
615 524 672 576 lau.
695 514 784 583 1100).
822 521 858 572 lbi
877 528 1039 572 commoratus
1061 535 1138 585 nsque
1161 521 1194 571 ad
1216 537 1325 572 mensem
1343 521 1456 578 lunium,
1480 536 1528 586 quo
1547 521 1660 572 Gratim

314 597 399 654 rediit,
423 603 512 660 paetus
531 602 568 645 est
586 609 640 646 cum
660 592 776 656 Tycbono
795 593 825 644 de
843 595 949 643 1111111111
966 596 992 642 in
1010 592 1168 650 Bobemiaur,
1195 608 1271 658 coque
1293 593 1411 643 familiam
1429 593 1557 643 1111111111
1575 607 1660 643 mense

314 667 434 718 Octobris.
448 691 482 702 —
501 665 597 730 (Gomp.
617 671 700 716 annot.
720 663 822 729 Kepleri
840 665 867 713 iu
885 665 1064 714 dedicationem
1083 657 1149 727 [1].)

384 739 424 790 De
439 739 552 803 hisquae
564 737 699 801 Keplornm
712 741 766 785 tum
782 737 898 800 temporis
916 736 1048 786 turbabant
1065 735 1136 784 rebus
1154 736 1254 798 privatis
1271 735 1418 800 publicisque
1436 735 1544 798 pluribus
1564 737 1619 801 agit
1636 738 1661 785 in

313 811 470 877 sequentibus
489 811 579 866 tribus.
598 810 669 859 annis
690 804 756 856 1599
777 814 802 858 et
821 804 890 856 11110
909 807 941 858 ad
958 804 1118 856 Maestlindm
1135 806 1200 856 datio
1218 807 1302 858 1111111.

911 948 944 1013 S.
969 949 1002 1010 P.
1025 949 1064 1010 D.

402 1059 522 1124 Literes
546 1064 625 1131 tuas,
649 1055 821 1118 avidissime
845 1057 901 1118 hoc
924 1056 1094 1118 turbulento
1117 1064 1250 1134 tempore
1279 1062 1475 1135 expectatus,
1506 1056 1564 1118 bac
1595 1058 1661 1120 vice

314 1149 383 1212 mibi
406 1167 465 1211 non
488 1143 633 1220 redditis,
657 1145 849 1208 vehementer
870 1146 966 1207 doleo.
1003 1145 1236 1207 Provinciarinm
1254 1146 1368 1224 Agens,
1392 1145 1580 1226 quiPragae
1606 1147 1663 1208 init

313 1237 581 1316 (Kandelberger)‚
605 1235 662 1296 hnc
681 1234 799 1296 vinctus
813 1242 883 1296 aute
898 1242 1044 1296 semestre
1058 1234 1178 1308 allatus,
1203 1233 1345 1314 superiori
1364 1252 1465 1296 mense
1484 1241 1585 1298 tortus
1604 1245 1662 1308 est,

307 1326 501 1390 'Secretarins
525 1323 681 1406 Styrorum
709 1321 924 1396 (Gabellroler)
953 1321 1090 1402 captivus
1118 1322 1275 1384 detinetur.
1320 1323 1434 1384 Ferunt
1462 1323 1664 1386 deliberatum

314 1418 350 1479 de
374 1415 434 1479 alio
456 1413 606 1494 principe,
628 1413 754 1492 ideoque
778 1412 901 1494 capitali
923 1412 1068 1492 supplicio
1090 1412 1277 1491 plectendum
1300 1412 1385 1474 illum
1406 1413 1569 1492 Agentem.
1608 1415 1663 1476 ln-

314 1513 399 1568 terea
419 1504 534 1586 templa
557 1511 626 1564 ante
650 1520 761 1581 paucos
785 1521 879 1564 annos
907 1502 1067 1576 aedificata
1097 1508 1282 1574 evertuntur,
1317 1501 1365 1582 qni
1389 1509 1495 1562 contra
1516 1502 1664 1582 principis

311 1595 454 1664 mandata
476 1593 628 1655 ministros
652 1589 795 1664 detinent,
821 1591 901 1652 cives
926 1590 1112 1670 oppidorum,
1138 1591 1229 1652 armis
1252 1591 1290 1650 ad
1314 1589 1515 1652 obedientiam
1536 1600 1663 1671 protra-

311 1685 434 1759 huntur,
462 1682 582 1744 vincula
603 1680 716 1761 injecta
738 1679 846 1760 viginti
869 1699 1004 1754 numero,
1034 1679 1083 1759 qni
1113 1678 1177 1741 beri
1200 1678 1285 1740 allati
1311 1686 1383 1740 sunt
1415 1679 1578 1758 desperata
1608 1701 1665 1744 sua

312 1775 420 1836 salute.
461 1772 527 1834 Hoc
551 1771 703 1832 decretum
733 1776 765 1830 et
792 1768 981 1830 sanctissimo
1001 1769 1180 1848 Ι1111111111
1212 1769 1416 1830 confirmatum
1448 1776 1496 1830 est
1523 1771 1663 1852 principi,

312 1863 425 1926 nullum
439 1861 556 1924 omniuo
572 1858 739 1922 ministrnm
753 1859 899 1920 eeclesiae
917 1857 981 1936 pati
1002 1858 1030 1919 in
1054 1857 1117 1918 suis
1139 1857 1310 1937 provinciis,
1334 1857 1504 1939 nequidem
1526 1860 1556 1922 in
1582 1861 1665 1924 arci-

312 1954 376 2014 bus.
424 1949 540 2015 Contra
561 1948 637 2009 haec
661 1946 749 2009 rebus
773 1947 839 2025 jam
860 1946 1010 2026 prolapsis
1033 1965 1120 2007 nemo
1144 1947 1300 2027 quicquam
1322 1955 1437 2022 movet,
1468 1967 1524 2010 nec
1547 1959 1664 2030 potest

313 2040 409 2122 Cives
428 2039 516 2118 hujus
539 2036 632 2107 urbis,
656 2037 704 2117 qui
728 2055 837 2097 novum
856 2037 1057 2117 juramentum
1079 2044 1234 2116 praestare
1257 2053 1290 2098 se
1313 2055 1403 2123 posse
1425 2045 1547 2116 negant,
1572 2048 1666 2102 vetus

308 2119 548 2209 conjurarunt:
580 2125 610 2186 hi
634 2125 753 2206 inquam
777 2131 903 2204 agentur
925 2123 955 2185 iu
987 2124 1126 2186 exilium:
1158 2143 1212 2186 nee
1239 2123 1342 2186 licebit
1368 2124 1443 2205 ipsis
1466 2125 1521 2188 snb
1545 2127 1666 2190 nobiles

313 2220 456 2298 migrare,
485 2213 631 2276 decimam
659 2221 775 2296 partem
803 2213 945 2276 bonorum
976 2213 1126 2276 mobilium
1150 2220 1181 2275 et
1202 2213 1394 2276 immobilium
1415 2223 1488 2295 post
1509 2233 1542 2276 se
1567 2217 1666 2278 relin-

313 2313 413 2387 quent.
458 2303 525 2384 Ego
549 2322 651 2365 omnes
674 2301 847 2364 occasiones
875 2303 978 2376 rimor,
1010 2301 1073 2364 siue
1101 2321 1167 2364 meo
1195 2310 1294 2364 sumtu
1317 2304 1445 2382 Pragam
1466 2304 1665 2383 perveniendi

313 2397 353 2458 nd
376 2394 561 2477 Tyobonem,
590 2391 657 2452 inde
682 2411 717 2452 eo
740 2391 805 2454 viso
830 2389 901 2454 mibi
923 2394 1002 2454 forte
1025 2399 1166 2454 nascetur
1193 2391 1310 2452 occasio
1335 2391 1518 2455 deliberandi
1542 2395 1580 2454 de
1605 2396 1665 2456 eli·

210 2493 214 2516 ¹
313 2485 408 2565 gendo
432 2485 508 2546 loco.
553 2478 697 2552 Quamvis
720 2499 806 2541 nemo
829 2501 876 2542 me
900 2480 1064 2560 expelleret
1086 2488 1118 2542 et
1138 2480 1362 2562 prudentissimi
1386 2481 1492 2562 quique
1519 2501 1556 2543 cx
1579 2485 1665 2546 ordi-

312 2573 399 2636 nibus
423 2579 539 2642 ameut,
563 2589 687 2651 meaque
711 2569 860 2649 colloquia
883 2571 921 2631 ad
945 2570 1081 2632 convivia
1103 2569 1206 2630 crebro
1231 2577 1382 2648 expetant

400 2661 466 2741 Ego
490 2659 608 2721 intereo
631 2678 668 2718 ex
690 2657 852 2721 rhombicis
875 2656 1048 2740 corporibus
1078 2655 1114 2720 12
1140 2665 1171 2719 et
1193 2654 1236 2722 30
1258 2659 1421 2738 planorum,
1447 2659 1518 2722 item
1543 2681 1581 2723 ex
1599 2663 1664 2736 Ar·

313 2749 477 2813 cbimedeis
499 2747 578 2810 nitor
602 2746 843 2809 eccentricitates
867 2748 984 2816 elicere.
1032 2747 1110 2808 Vale
1135 2747 1166 2808 'et
1188 2756 1240 2808 tuo
1268 2747 1390 2811 arbitrio
1420 2747 1491 2810 mibi
1515 2752 1666 2812 salutaria

232 2843 241 2858 ”
313 2859 452 2922 suggere.
485 2837 595 2899 Preces
619 2843 737 2898 vestras
762 2844 793 2898 et
815 2837 950 2916 publicas
974 2845 1006 2898 ct
1023 2836 1158 2916 privatas
1173 2855 1358 2916 summopere
1373 2839 1550 2918 expetimus.
1584 2839 1665 2902 Nam

312 2937 434 3010 practer
458 2925 617 2991 61111111
640 2947 767 3006 μηχανης
791 2926 981 3005 desperatum
1005 2932 1061 2988 est.
1108 2923 1215 2987 Saluto
1243 2935 1414 2989 reverenter
1442 2935 1539 2990 totum
1569 2929 1665 2991 colle-

315 3019 397 3099 gium
420 3026 452 3080 et
473 3015 512 3078 D.
536 3015 753 3078 Hafereffernm
777 3033 937 3096 omnesque
960 3033 1042 3076 meos
1066 3014 1208 3076 fautores.

406 3101 632 3170 11211111.
657 3099 710 3168 99.
924 3103 962 3164 Η.
988 3103 1021 3163 Τ.
1047 3103 1115 3170 ded.
1139 3103 1302 3185 discipulus

895 3327 1085 3340 Ἧι..-

1360 3191 1405 3256 n.
1427 3191 1558 3276 uper.

916 3457 949 3521 S.
973 3458 1007 3521 P.
1030 3457 1069 3518 D.

403 3561 546 3626 Calendis
574 3561 674 3639 Jnuii,
711 3565 892 3650 Praeceptor
925 3562 1116 3638 Clarissimo,
1151 3563 1309 3628 Benathlra
1337 3564 1486 3639 discessi,
1520 3563 1662 3630 Gratium

314 3672 428 3716 versus.
473 3652 635 3733 Negotium
658 3653 763 3734 reliqui
785 3655 953 3734 pendulum.
1000 3653 1117 3715 Terdec
1140 3661 1209 3715 sunt
1233 3653 1439 3733 expeditiones
1463 3654 1592 3718 aulicae.

402 3741 572 3803 Potuissem
594 3743 857 3806 intercessionibus
881 3743 1002 3823 optimis
1030 3741 1150 3821 adjutus
1177 3741 1206 3803 in
1232 3741 1373 3805 Caesaris
1396 3742 1520 3806 servitio
1544 3745 1663 3825 stipen-

316 3829 396 3892 dium
420 3831 539 3892 lacere:
564 3831 617 3891 sed
640 3851 685 3892 me
709 3833 839 3913 vestigia
858 3839 1026 3895 terruerunt
1048 3831 1204 3911 splendide
1224 3831 1373 3910 stipendia
1395 3833 1588 3907 merentium,
1614 3834 1662 3896 vix

316 3917 467 3982 dimidium
489 3919 602 4000 ingenti
626 3939 691 3982 eum
713 3921 892 3984 difficultate
917 3921 1164 4000 extorquentium.
1207 3921 1311 4001 ltaque
1334 3921 1506 4002 Tychonem
1531 3922 1610 3986 iuter
1634 3930 1665 3984 et

315 4027 362 4071 me
386 4009 430 4071 sic
453 4009 600 4084 convenit,
626 4009 668 4070 uti
694 4007 811 4072 Graetii
835 4011 939 4072 literas
963 4007 1105 4072 Caesaris
1130 4017 1327 4087 expectarem,
1354 4009 1458 4092 quibus
1483 4011 1662 4086 efficeretur,

315 4107 348 4159 nt
371 4105 488 4161 retento
512 4097 621 4160 salario
645 4097 799 4180 Styriaco,
830 4117 995 4178 perunum
1019 4106 1050 4161 et
1073 4097 1197 4160 alterum
1222 4117 1328 4164 annum
1351 4099 1380 4160 iu
1403 4099 1583 4163 Bohemiam
1605 4103 1662 4163 mi-

316 4205 447 4268 grarem,
472 4187 576 4267 quibus
600 4207 665 4250 cum
689 4189 786 4251 literis
809 4189 978 4252 mitteretur
1000 4186 1061 4250 uni.
1082 4195 1114 4248 et
1135 4185 1284 4250 viaticum.

404 4273 466 4336 Sed
489 4276 623 4338 ordinem
646 4295 753 4358 sequor
771 4285 938 4350 eventuum,
962 4278 1086 4356 ideoque
1104 4276 1237 4355 jucunda
1256 4276 1372 4338 acerbis
1390 4277 1512 4338 misceo.
1547 4273 1664 4340 Galen-

316 4365 362 4427 dis
389 4365 519 4442 Augusti
548 4365 628 4427 mille
656 4367 782 4446 aruplius
811 4367 924 4428 civibus
954 4374 985 4427 et
1011 4364 1236 4445 provincialium
1265 4365 1407 4428 ministris
1434 4365 1464 4426 111
1493 4365 1568 4426 urbe
1595 4367 1662 4442 bac,

315 4453 395 4516 inter
417 4453 471 4514 hos
495 4453 619 4516 etmihi
643 4463 816 4535 perpetuum
846 4464 893 4516 est
922 4455 1064 4517 indictum
1092 4453 1229 4529 exilium,
1259 4454 1339 4516 intra
1368 4455 1431 4517 dies
1461 4455 1665 4535 qnadraginta

317 4543 454 4624 quinque.
509 4541 666 4604 Vilissima
694 4545 775 4610 lacta
806 4552 855 4606 111
884 4545 1018 4626 supellex
1047 4543 1160 4619 omnis,
1191 4543 1317 4622 pecunia
1348 4545 1431 4607 nulla
1460 4543 1519 4606 uisi
1547 4545 1665 4607 minuta

204 4678 209 4682 -
315 4630 469 4712 ngerica
490 4629 569 4694 iuter
594 4631 728 4694 homines
759 4640 926 4709 exercetur,
960 4631 1142 4695 decimantur
1168 4632 1247 4695 bona
1274 4632 1374 4694 omnia
1401 4631 1571 4713 diligenter.
1619 4634 1663 4695 Tu

318 4729 420 4784 cetera
441 4721 524 4784 mala
545 4720 669 4802 conjice.
715 4721 899 4786 Renunciavi
922 4723 978 4784 hoc
1001 4722 1151 4801 Pragam:
1182 4719 1321 4783 rescribit
1343 4721 1460 4804 Tyeho,
1483 4722 1549 4801 jam
1573 4742 1663 4784 mea

319 4827 352 4876 se
375 4816 514 4875 oretenus
538 4816 569 4874 et
598 4810 781 4876 nominatum
805 4810 929 4876 Caesari
958 4819 989 4872 11
1016 4811 1232 4892 approbatum
1265 4809 1347 4874 solas
1374 4807 1530 4893 expectari
1556 4811 1662 4876 literas
