3674 5528
695 244 1003 312 ,promeruero
1467 245 1531 314 eae

162 399 444 477 animantem,
479 401 626 468 distantia
648 401 860 482 significatoria
884 423 904 471 a
925 403 1089 469 meridiane
1113 403 1260 484 quomedo
1284 404 1371 468 detur
1398 406 1426 468 in
1451 413 1531 472 tem·

163 488 328 569 poralibns
355 489 440 552 horis
464 511 501 552 an
527 491 555 552 in
580 491 766 572 aequalibus,
791 492 821 554 lr.
847 512 874 554 e.
898 491 929 553 in
952 512 1015 554 asc.
1040 493 1145 554 recta?
1191 491 1280 554 Etsi
1305 493 1371 568 hoc,
1396 495 1531 559 uthodie
1620 489 1635 510 ‘

165 595 293 657 semper
317 579 364 652 lit,
390 587 461 640 tnnc
485 579 577 642 debes
601 599 639 642 er
662 581 762 660 aliqua
777 580 884 642 tabula
906 599 1067 660 excerpere
1090 581 1211 644 horaria
1225 588 1362 660 tempora
1376 582 1529 660 signitica-

166 665 260 740 turis3
294 685 352 748 per
376 685 415 728 ea
442 667 556 729 divides
581 669 781 734 differentiam
814 687 877 730 asc.
901 676 1004 730 rectae
1033 668 1124 730 medii
1146 669 1221 730 coeli
1246 676 1278 732 et
1305 670 1528 748 significatoria,

166 754 271 834 prodit
294 773 439 818 numeros
463 755 604 820 horarum
628 755 836 833 temporalium
861 755 1082 834 significatoria
1129 756 1265 819 Habebis
1284 758 1341 818 hoc
1356 766 1446 835 pecto
1470 759 1529 820 duo

168 861 207 902 ex
228 850 321 921 parte
345 843 578 922 significatoria:
611 863 673 908 aec.
698 852 811 906 rectam
835 844 1028 909 criminantis
1052 845 1154 924 puncti
1179 853 1210 906 et
1233 844 1409 906 distantiam
1434 846 1531 926 signi·
1612 848 1617 856 “

167 929 303 992 licatoris
328 951 348 992 a
371 931 535 994 meridiano
560 932 588 994 in
613 933 695 996 boris
719 933 931 1013 significatoria
955 933 1094 1013 propriis.
1142 931 1271 1012 Oportet
1286 951 1364 997 nunc
1379 935 1529 998 taliaduo

168 1018 263 1080 etiam
286 1037 433 1097 quaerere
457 1039 495 1081 ex
518 1031 604 1100 parte
627 1019 833 1100 promissoris,
867 1021 898 1082 id
923 1029 983 1094 est,
1013 1029 1133 1100 oportet
1155 1022 1239 1084 illum
1262 1022 1367 1083 eodem
1391 1023 1530 1084 horarum

166 1106 358 1186 propriarum
389 1127 513 1170 numero
546 1109 682 1172 adbiberi
715 1108 791 1172 coeli
823 1109 939 1182 medin,
979 1116 1010 1170 et
1048 1117 1119 1173 tunc
1152 1129 1294 1188 quaerere
1332 1110 1408 1171 coeli
1439 1111 1530 1173 medii

168 1213 233 1258 asc.
266 1202 398 1257 rectam.
450 1193 501 1256 Sic
531 1195 622 1276 igitur
650 1216 738 1276 ages:
776 1215 903 1277 excerpe
935 1197 1056 1260 horaria
1088 1205 1225 1278 tempora
1256 1197 1462 1277 promissoris;
1494 1219 1532 1260 ea

166 1281 340 1362 multiplica
369 1283 398 1344 in
433 1303 585 1346 nnmerum
616 1285 771 1348 inventum
797 1285 935 1348 horarum
961 1286 1170 1366 temporalium
1198 1285 1423 1364 significatoria,
1456 1305 1530 1366 pro-

166 1371 291 1434 ductum
322 1371 409 1434 aufer
437 1373 476 1434 ab
510 1391 572 1436 asc.
603 1383 689 1436 recta
710 1367 921 1453 promissoris,
957 1376 1058 1454 prodit
1090 1394 1152 1437 asc.
1185 1383 1271 1437 recta
1300 1374 1343 1434 M.
1378 1373 1430 1446 0.,
1464 1395 1530 1440 curn

168 1460 340 1538 promissor
372 1469 420 1522 tot
454 1460 515 1522 tnis
551 1462 767 1542 temporalibus
799 1461 881 1526 horis
908 1463 998 1524 abest
1030 1483 1049 1524 a
1078 1463 1121 1526 M.
1151 1460 1203 1537 C.,
1239 1469 1313 1542 quot
1346 1461 1530 1542 significator

168 1547 275 1610 itidem
298 1548 363 1610 suis
386 1547 503 1611 aberat.
548 1550 717 1615 Subtracta
739 1550 832 1630 igitur
846 1570 908 1614 asc.
936 1559 1020 1612 recta
1038 1552 1081 1614 M.
1102 1549 1138 1613 C.
1159 1570 1213 1630 pro
1238 1549 1440 1630 significatura
1456 1551 1530 1614 data

164 1637 203 1698 ab
228 1655 294 1698 asc.
310 1645 396 1698 recta
409 1639 453 1700 M.
470 1635 507 1702 O.
533 1638 580 1702 hic
599 1639 722 1702 inventa
737 1659 790 1720 pre
810 1641 1002 1719 promissore,
1027 1639 1209 1722 relinquetur
1222 1657 1361 1702 numeros
1376 1640 1530 1719 quaesitus

166 1726 315 1806 graduum
340 1725 522 1788 directionis.
781 1791 784 1796 ,

253 1811 343 1875 Haec
374 1814 467 1894 igitur
495 1822 544 1877 eet
565 1815 755 1878 Ptolemaica
777 1817 856 1878 ratio
880 1815 1043 1896 dirigendi,
1079 1816 1115 1876 de
1140 1835 1199 1894 qua
1227 1823 1329 1876 tamen
1353 1813 1525 1890 notandum,

164 1901 245 1982 qnod
269 1901 466 1965 Ptolemaeus
489 1923 557 1966 earn
580 1922 639 1965 non
661 1905 798 1984 proferat
820 1903 1176 1984 modoRegiomontani3
1200 1923 1270 1966 nam
1295 1903 1389 1981 primo
1414 1903 1528 1962 latetur

164 1998 283 2071 aperte,
308 2009 378 2052 eam
402 2012 421 2052 a
444 2009 535 2071 scopo
560 1990 692 2056 nonnihil
717 1993 889 2056 deflectere.
937 1991 1014 2056 Com
1037 1992 1115 2054 enim
1139 1991 1314 2071 principalis
1338 2000 1422 2052 esset
1449 1990 1524 2051 Pto-

164 2081 284 2142 lemaeo
310 2099 420 2159 scopos
444 2080 523 2142 idem
546 2080 595 2161 qui
619 2087 650 2142 et
673 2080 926 2161 Regiomontanc‚
951 2089 984 2144 ot
998 2100 1041 2144 sc.
1065 2079 1231 2160 promissor
1245 2079 1363 2142 veniret
1386 2079 1414 2138 in
1430 2077 1526 2157 signi-

80 2227 83 2234 ,
164 2165 299 2230 ficatoris
319 2166 461 2230 circulum
478 2167 661 2246 positionis,
685 2169 881 2232 Ptolemaeus
905 2169 1067 2240 condicit,
1090 2169 1147 2232 hoc
1168 2167 1296 2230 obtineri
1310 2165 1450 2246 praecise
1473 2185 1526 2246 per

164 2257 255 2318 horas
283 2257 479 2334 temporales,
514 2257 568 2318 sed
592 2257 686 2332 utitur
707 2275 781 2321 vnce
807 2259 1075 2338 „propemodum,“
1109 2257 1192 2318 etin
1217 2256 1364 2336 exemplis
1390 2254 1525 2316 ostendit

163 2343 411 2422 discrepantiam.
455 2343 572 2406 Deinde
597 2345 786 2408 certitudinis
812 2353 844 2406 et
863 2346 1032 2425 compendii
1051 2335 1141 2408 causi
1166 2345 1291 2424 ablegat
1305 2363 1359 2406 nes
1375 2343 1414 2404 ad
1428 2341 1526 2422 ipsum

164 2433 286 2496 modurn
308 2431 561 2511 Regicmontani,
581 2433 708 2512 jubens,
734 2435 763 2496 in
788 2434 971 2496 ascendente
996 2434 1125 2514 dirigere
1150 2445 1204 2515 per
1227 2452 1290 2494 asc.
1316 2431 1470 2511 obliquas,
1495 2429 1524 2490 in

163 2521 206 2582 Μ.
233 2519 271 2586 C.
295 2527 483 2600 porrectas.
530 2519 594 2585 Sed
625 2523 695 2602 quia
724 2541 777 2604 pro
805 2522 881 2586 locis
913 2523 1099 2592 intermediis
1128 2542 1187 2584 non
1215 2521 1379 2582 exstabant
1403 2518 1525 2583 tabulae

165 2609 381 2684 directionum,
416 2608 482 2670 ideo
513 2611 705 2674 commendat
733 2611 819 2674 nobis
843 2611 900 2674 hoc
924 2611 1146 2692 compendium,
1181 2617 1215 2670 ut
1245 2609 1409 2688 dirigamus
1433 2607 1525 2670 talem

163 2698 414 2776 significetcrem,
448 2698 498 2776 qui
526 2698 704 2762 intermedio
730 2699 796 2762 loco
829 2699 933 2776 luerit,
969 2710 1001 2762 et
1028 2719 1081 2779 per
1109 2707 1208 2761 rectas
1243 2705 1275 2758 et
1303 2716 1358 2776 per
1386 2695 1524 2775 obliquas

164 2805 241 2861 asc,
268 2795 301 2846 et
324 2785 525 2851 differentiam
549 2786 704 2868 utriusque
728 2787 903 2850 directionis
926 2787 1193 2868 proportionaliter
1216 2785 1402 2867 applicemus
1431 2784 1523 2845 hora-

163 2874 225 2938 riae
254 2874 421 2936 distantiae
449 2874 663 2953 significatoria
696 2898 716 2937 a
738 2876 913 2942 meridiano.
959 2876 1053 2956 Atqui
1085 2875 1123 2938 ad
1151 2875 1212 2936 ista
1244 2873 1357 2946 omuia,
1392 2880 1423 2934 et
1447 2889 1523 2951 quae

161 2963 320 3042 praecepit
342 2962 536 3025 Ptolemaeus
575 2972 606 3025 et
640 2984 779 3044 quorsum
807 2964 919 3040 tendit,
953 2965 1064 3027 rectius
1093 2963 1285 3043 pervenimus
1313 2979 1367 3040 per
1401 2958 1522 3022 tabulas

162 3052 365 3116 directionum
383 3050 627 3130 Regiomontani,
654 3053 700 3114 vel
725 3053 791 3132 ipso
811 3054 985 3117 Ptolemaeo
1009 3061 1101 3116 teate.
1148 3051 1234 3113 Haec
1258 3049 1350 3129 igitur
1374 3049 1410 3110 de
1433 3047 1521 3108 modo

162 3139 315 3220 dirigendi
330 3133 563 3214 Ptolemaiou')
1537 3218 1543 3230 .

159 3215 173 3230 ⁴
252 3227 327 3292 Jam
359 3229 436 3307 quod
469 3228 620 3308 negotium
654 3229 765 3292 attinet
801 3228 967 3307 erigendi
1005 3229 1128 3293 domos
1166 3227 1376 3298 coelestes,
1416 3222 1523 3284 Ptele-

162 3336 269 3380 maeus
297 3316 380 3378 nullo
407 3316 497 3396 plane
526 3336 563 3378 ne
591 3317 714 3381 minimo
743 3317 863 3397 quidem
886 3316 1009 3382 verbulo
1041 3315 1123 3381 illam
1155 3316 1203 3376 bic
1233 3312 1311 3376 inter
1344 3311 1524 3373 directiones

163 3406 302 3484 attingit.
351 3402 484 3484 Cumque
517 3424 645 3467 eamne
673 3407 792 3487 quidem
820 3405 891 3468 alibi
916 3405 1066 3480 docuerit,
1100 3404 1157 3480 boc
1182 3401 1377 3466 fortissimum
1402 3409 1450 3460 est
1472 3420 1525 3462 ar-

161 3501 354 3573 gumentum,
389 3492 454 3570 ejus
486 3515 598 3562 renone
630 3494 712 3556 nulla
740 3494 872 3573 indigere
907 3493 1111 3573 inquisitione,
1146 3512 1182 3553 ac
1208 3489 1332 3572 proinde
1353 3487 1426 3550 nihil
1457 3506 1525 3550 esse

162 3583 262 3658 alind,
293 3581 352 3656 nisi
377 3581 757 3664 dodecaternoriaintegra
779 3583 904 3646 zodiaci.
951 3580 1004 3644 Sic
1031 3583 1129 3644 sensit
1151 3579 1349 3642 Reinhcldus.
1388 3574 1525 3646 Quodsi

162 3673 316 3734 rationem
348 3669 483 3748 erigendi
515 3671 619 3732 domos
648 3672 767 3737 omniuo
796 3671 886 3740 aliam
910 3671 994 3750 sequi
1023 3669 1164 3744 velimus,
1198 3667 1365 3732 derivatam
1389 3682 1425 3724 ex
1450 3664 1525 3726 doc-

160 3760 244 3824 trina
268 3759 457 3822 Ptolemaica
481 3758 693 3834 directionum,
732 3760 851 3822 ridiculi
876 3780 996 3834 eumue,
1030 3759 1056 3820 si
1080 3777 1138 3822 noo
1166 3757 1268 3836 potius
1290 3751 1526 3832 Regicmontani

160 3850 334 3929 perlectam
364 3846 513 3910 rationem
541 3847 707 3930 sequimur,
743 3867 831 3930 qoam
854 3849 1049 3910 Ptolemaeus
1077 3847 1142 3926 ipse
1167 3843 1403 3911 commendavit,
1438 3859 1527 3922 quem

161 3935 333 4000 Ptolemaei
359 3935 503 3998 vicariam
527 3935 743 4015 imperfectam,
769 3956 829 4018 qua
851 3936 1024 4000 necessario
1049 3941 1207 3998 contentus
1229 3932 1286 3994 luit
1307 3939 1430 4012 propter
1444 3927 1526 3992 indi-

162 4028 300 4104 gentiam
334 4024 487 4098 melioris,
520 4034 552 4087 et
579 4044 667 4104 quam
697 4027 761 4105 ipse
791 4026 985 4088 Ptolemaeos
1019 4025 1133 4086 fatetur
1162 4021 1380 4101 imperfectam.
1435 4017 1526 4079 Adde

163 4117 243 4196 qnod
268 4114 404 4190 Cardani
428 4112 519 4190 ratic,
543 4133 632 4194 quam
655 4113 842 4176 Reinboldue
865 4112 994 4178 ascribit
1016 4111 1192 4174 Alchabitio
1217 4119 1247 4172 et
1270 4107 1381 4172 Joanni
1406 4107 1443 4168 de
1463 4104 1525 4167 Sa·

162 4207 268 4280 xenia,
303 4223 362 4266 non
391 4208 441 4264 est
463 4208 671 4267 consentanea
693 4203 899 4268 Ptolemaicae
923 4199 1099 4276 directibni,
1134 4197 1204 4280 quia
1228 4196 1386 4260 Cardenus
1419 4195 1527 4257 iisdem

165 4292 386 4375 temporalibus
411 4289 492 4350 horis
521 4289 600 4364 binis
625 4291 784 4369 distinguit
812 4290 972 4352 domicilia.
1014 4290 1065 4380 ,At
1086 4287 1254 4350 Ptolemaei
1278 4285 1403 4348 directio
1433 4290 1525 4346 natu·
1535 4333 1579 4374 ,Ι

163 4401 225 4447 rarn
248 4391 384 4464 spectat,
409 4378 482 4439 aliis
507 4378 580 4442 locis
601 4379 719 4442 zodiaci
743 4379 820 4440 alies
845 4379 1026 4458 temporales
1050 4377 1153 4450 boras,
1178 4374 1282 4455 coique
1298 4394 1379 4446 suas,
1403 4389 1525 4435 accom-

41 4463 45 4472 ’
163 4472 301 4548 modans3
328 4469 411 4550 quod
427 4464 563 4535 imitetur
577 4467 695 4548 quidem
712 4467 816 4530 tabula
830 4467 956 4546 Mapini,
973 4466 1027 4528 sed
1043 4466 1181 4545 ingressu
1195 4462 1377 4526 inartificiali
1392 4460 1525 4559 ‘iidenf

163 4560 249 4624 tidem
270 4555 468 4638 corrigendo,
493 4555 551 4618 etsi
565 4555 657 4618 horae
671 4555 743 4618 illae
758 4575 816 4618 non
832 4565 903 4617 sunt
917 4557 1006 4635 plane
1022 4553 1126 4634 cuique
1146 4571 1218 4614 suae
1243 4551 1272 4612 in
1297 4568 1351 4611 sou
1365 4554 1525 4625 positionis

160 4651 276 4727 circulo,
293 4649 351 4714 sed
369 4651 492 4708 tentum
515 4643 543 4704 in
563 4645 711 4710 communi
727 4644 891 4706 horizonte.
929 4643 1006 4706 Hinc
1021 4644 1063 4716 lit,
1082 4649 1123 4702 'ut
1137 4639 1277 4702 Cardena
1291 4636 1363 4698 ΧΗ.
1381 4640 1413 4734 et
1424 4634 1449 4693 Ι.
1468 4631 1526 4690 do-

157 4761 219 4808 urue
252 4741 379 4804 oriente
418 4733 521 4793 cancri
553 4733 701 4815 principio
725 4733 801 4796 flant
823 4730 1101 4812 inaequalissimae,
1135 4727 1205 4808 qnia
1227 4742 1320 4803 supra
1341 4723 1526 4789 horizontem
