3674 5528
702 281 737 358 ιε’
751 308 824 358 reem
842 309 1005 376 molegica.
1474 309 1538 376 355

172 461 369 541 impossihile
395 483 434 526 ex
448 465 533 528 coelo
547 467 721 545 praedicere
735 477 853 543 ventos,
878 467 935 529 nisi
955 487 1079 543 annuos,
1104 485 1161 528 non
1185 467 1268 548 prius
1283 467 1405 547 cognita
1421 469 1541 532 interna

175 547 335 630 qualitate
361 555 562 632 quarumlibet
594 563 756 630 terrarum,
789 557 991 630 eradamus,
1026 575 1082 636 quo
1111 565 1246 636 tempore
1270 556 1396 635 quilibet
1423 565 1541 620 tractus

177 638 319 702 abundet
344 640 479 704 humore.
526 643 571 704 Tu
594 661 666 730 yero
690 645 809 723 quaeris
832 645 995 708 etiamnum
1019 663 1085 706 cum
1105 644 1280 724 vulgaribus
1304 646 1476 725 astrologis,
1501 667 1539 708 an

177 728 255 790 certi
278 728 427 806 planetae
451 737 599 794 certorum
629 732 689 794 sint
712 741 868 794 ventorum
899 737 1046 805 meteres,
1076 731 1161 814 qnasi
1193 731 1321 794 influxus
1350 733 1540 812 planetarum

177 821 241 876 tam
256 817 322 878 sint
337 817 539 896 particulares
564 829 595 881 et
614 837 716 882 curum
732 830 826 900 agant
845 821 1056 884 distinctarum
1077 821 1189 882 Terrae
1204 820 1346 902 partium.
1393 821 1541 901 Equidem

180 912 244 966 tam
276 914 327 966 est
355 923 451 984 parra
475 908 593 984 Tellus,
628 919 691 970 tam
720 919 836 971 remota
859 911 934 971 haee
958 918 1076 984 nestra,
1102 927 1177 988 quae
1201 911 1284 981 liunt,
1310 928 1329 968 a
1351 908 1542 988 planetarum

181 992 340 1067 sensibus,
376 995 403 1056 si
427 1014 501 1075 qnos
523 996 567 1058 illi
591 996 719 1070 habent,
747 1005 786 1058 'ut
809 999 927 1060 omnino
950 998 1033 1058 Deos
1058 1015 1125 1058 esse
1150 1015 1275 1058 necesse
1300 995 1355 1070 sit,
1387 997 1413 1058 si
1436 998 1542 1060 harum

183 1099 284 1142 rerum
308 1082 433 1144 'habent
460 1084 609 1145 notitiam.
656 1086 736 1146 Nam
765 1086 829 1148 aine
857 1086 968 1148 notitia
992 1086 1202 1147 administrare
1231 1085 1291 1145 ista
1320 1101 1379 1145 nou
1402 1095 1541 1164 possunt.

183 1167 290 1244 Dices,
317 1187 372 1250 per
396 1173 619 1252 sympathiam?
664 1173 740 1235 Dico
765 1191 837 1254 ego,
861 1175 974 1236 nullam
1000 1193 1067 1236 esse
1092 1171 1305 1254 sympathiam,
1331 1191 1407 1252 quac
1430 1193 1489 1235 nen
1512 1175 1542 1236 in

184 1257 261 1319 hacc
287 1258 347 1320 due
370 1278 485 1337 genera
508 1262 612 1336 cadat,
643 1281 798 1344 corporum
829 1273 860 1324 et
884 1265 1057 1325 animorum.
1106 1261 1288 1342 Sympathia
1315 1262 1394 1323 inter
1417 1281 1544 1342 corpora

186 1354 236 1408 est
260 1350 447 1426 magnetica,
482 1358 517 1411 ut
545 1369 639 1412 causa
667 1351 723 1412 loci
747 1359 778 1412 et
800 1353 945 1432 temporis
973 1351 1053 1412 idem
1082 1352 1135 1412 liat
1164 1351 1201 1410 de
1234 1367 1307 1423 unc,
1338 1351 1416 1429 quod
1444 1351 1479 1412 lit
1506 1352 1543 1412 de

186 1435 304 1506 alteru,
333 1444 368 1498 ut
395 1455 539 1500 converso
571 1447 711 1518 magnete
743 1441 852 1502 ferrum
878 1457 992 1521 quoque
1021 1447 1223 1500 convertatur.
1271 1439 1315 1498 At
1338 1439 1436 1518 qualis
1460 1459 1544 1520 sym-

187 1523 307 1600 parthia,
332 1533 375 1598 ut,
401 1543 466 1588 cum
490 1527 615 1606 planeta
638 1529 786 1608 quispiam
802 1537 947 1608 perpetuo
962 1535 1127 1601 moveatur,
1153 1535 1260 1586 ventus
1283 1527 1377 1606 ipsius
1395 1527 1545 1590 interdum

190 1611 307 1673 saltem
330 1614 517 1693 consurgat?
563 1614 597 1677 Si
612 1617 709 1696 qncad
726 1616 831 1678 directi
855 1618 903 1678 vel
919 1612 1088 1694 retrogradi
1113 1622 1184 1676 sunt
1206 1614 1362 1693 planetae,
1389 1619 1546 1676 ventorum

186 1700 377 1779 propriorum
393 1703 485 1764 flatus
500 1703 644 1765 durarent
658 1705 758 1779 iidem,
783 1713 854 1766 tunc
877 1706 953 1766 haec
968 1713 1051 1764 esset
1074 1702 1256 1784 sympathia.
1304 1702 1413 1764 Altera
1428 1704 1546 1764 animo-

194 1805 262 1852 rum
285 1790 459 1870 sympathia
482 1799 552 1860 tunc
576 1792 605 1853 in
629 1793 728 1854 ventis
752 1794 849 1856 locum
873 1793 978 1864 habet,
1007 1811 1072 1853 cum
1096 1802 1149 1852 aut
1171 1791 1302 1870 planetis
1325 1790 1467 1872 relinquis
1491 1810 1548 1853 nc·

188 1875 290 1938 titiam
313 1886 480 1954 ventorum,
506 1888 559 1941 ant
583 1880 696 1944 Terrae
720 1881 859 1944 notitiam
884 1889 1070 1960 aspectuum.
1116 1879 1205 1960 Elige
1231 1887 1328 1940 utrum
1347 1879 1433 1940 velis.
1479 1880 1546 1959 Ego

188 1965 217 2026 in
243 1967 399 2027 sententia¹
422 1985 543 2044 maneo,
569 1969 597 2030 in
623 1971 742 2032 Tellure
767 1991 834 2033 esse
859 1972 1036 2032 facultatem
1061 1977 1238 2048 aspectuum
1259 1968 1490 2047 perceptricem‚
1515 1965 1562 2030 et¹

189 2053 311 2133 quoties
335 2055 471 2118 incidunt
495 2065 646 2136 aspectus,
671 2058 851 2120 naturaliter
874 2057 1015 2138 instigari
1039 2057 1116 2119 hanc
1135 2057 1173 2118 ad
1190 2055 1395 2118 exsudandum
1414 2057 1444 2117 id
1468 2056 1546 2137 qnod

189 2141 294 2214 hahet,
320 2161 380 2222 qua
401 2151 490 2224 parte
514 2143 615 2208 habet.
663 2145 810 2208 Sudorem
832 2148 935 2226 pluvia
958 2147 1024 2226 ejus
1047 2145 1122 2221 loci,
1156 2144 1288 2225 pluviam
1310 2145 1392 2205 venti
1417 2145 1546 2207 circum·

190 2230 273 2292 cirea
304 2241 485 2312 sequuntur,
519 2242 627 2296 ventos
659 2235 934 2316 circumjacentium
963 2231 1119 2314 regionum
1147 2240 1324 2312 tempestas.
1371 2233 1415 2294 Ut
1447 2242 1548 2296 autem

191 2319 289 2380 Terra
305 2320 387 2381 intus
406 2321 472 2400 jam
489 2322 621 2392 hument,
641 2324 706 2403 jam
731 2332 826 2400 areat,
850 2343 909 2385 non
933 2323 1030 2402 magis
1054 2341 1092 2384 cx
1107 2323 1191 2384 coelo
1216 2329 1273 2395 cst,
1298 2339 1387 2400 quam
1402 2329 1437 2382 nt
1459 2322 1546 2384 humo

191 2407 256 2488 jam
281 2409 384 2484 sitiat,
414 2409 480 2488 jam
504 2410 603 2486 bibat,
631 2413 694 2492 jam
718 2413 865 2492 quiescat.
910 2411 1067 2490 Perpende
1097 2418 1197 2472 tamen
1221 2409 1291 2471 hnc:
1325 2410 1410 2471 venti
1433 2410 1548 2471 eminus

192 2496 395 2558 advenientes
418 2516 559 2561 serenare
582 2501 736 2563 videntur:
767 2501 816 2581 qui
839 2519 910 2562 vern
932 2499 1053 2579 pluvias
1077 2499 1213 2572 afferunt,
1238 2516 1255 2558 e
1278 2499 1444 2578 propinquo
1468 2497 1547 2561 oriri.
1608 2571 1611 2578 .
1725 2533 1738 2562 ι

193 2585 273 2646 Hinc
304 2585 467 2648 orientales
491 2587 603 2662 sereni,
638 2590 708 2668 quia
732 2589 855 2651 eminus.
902 2587 1041 2664 Eminns,
1073 2589 1143 2668 quia
1171 2607 1191 2648 a
1218 2585 1292 2648 locis
1322 2585 1480 2648 humilibus
1509 2585 1548 2648 ad

103 2691 106 2696 ·
194 2675 326 2748 altiora,
361 2675 391 2735 in
425 2683 491 2736 tota
514 2677 633 2755 quidem
664 2696 741 2757 pene
764 2679 899 2756 Europa,
932 2677 1080 2756 etiamque
1104 2677 1134 2737 in
1157 2676 1310 2737 Amerina.
1357 2672 1549 2737 Contrarium

193 2764 222 2826 in
247 2761 420 2838 Lusitania,
447 2764 488 2826 ibi
512 2765 589 2826 enim
613 2767 815 2828 occidentales
840 2785 981 2828 serenare
1005 2784 1129 2827 necesse
1154 2773 1244 2837 asset,
1271 2781 1336 2823 cum
1351 2761 1548 2842 magnifluvii

193 2851 222 2914 iu
251 2850 439 2913 occidentem
465 2854 613 2927 ferantur,
639 2863 670 2916 ct
693 2855 737 2916 sic
761 2855 901 2917 occiduae
925 2864 1029 2936 partes
1052 2862 1123 2915 sunt
1146 2852 1258 2915 ordinis
1282 2850 1456 2912 humilioris.
1503 2853 1549 2914 At

192 2940 222 3002 in
248 2947 317 3002 tota
332 2941 584 3022 reliqnaEnropa
608 2943 812 3007 occidentales
832 2952 902 3006 suut
924 2942 1032 3023 pluvii:
1062 2942 1133 3021 quia
1154 2938 1323 3021 ponderosi,
1349 2957 1415 3000 cum
1439 2939 1546 3000 devol-

193 3036 308 3092 vantur
330 3047 385 3108 per
407 3031 550 3104 declivia,
576 3032 739 3094 orientales
764 3032 862 3107 leves,
888 3033 937 3114 qui
961 3031 1178 3111 quodammode
1202 3027 1378 3090 ascendunt.
1424 3027 1547 3088 Pondus

192 3137 265 3180 rosa
294 3125 395 3179 autem
428 3125 460 3179 et
483 3121 625 3181 devoluta
658 3139 674 3180 e
704 3119 869 3202 propinquo
901 3120 1003 3181 venire
1031 3137 1156 3180 neeesse
1187 3124 1244 3178 est.
1290 3115 1400 3176 Adhuc
1428 3114 1547 3195 quidem

191 3205 312 3269 somnio
320 3225 330 3280 3
363 3207 477 3287 poterit
510 3208 566 3270 hoe
595 3209 691 3271 excoli
722 3209 782 3270 alio
811 3219 956 3288 tempore.
1003 3207 1091 3268 Adde
1125 3214 1225 3268 tamen
1250 3212 1282 3264 ct
1304 3203 1376 3278 hcc,
1410 3201 1548 3266 boreales

192 3313 353 3370 serenare,
384 3295 433 3376 qui
466 3295 505 3358 ad
533 3297 610 3358 haec
637 3298 858 3361 mediterranea
887 3297 978 3360 etiam
1003 3295 1219 3377 quodammodo
1247 3291 1425 3355 ascendunt.
1470 3291 1550 3354 Item

191 3385 259 3456 hcc,
286 3403 306 3444 a
330 3382 443 3446 nivosis
465 3385 638 3466 regionibus
662 3386 745 3448 venti
768 3386 930 3467 longinqui,
955 3394 989 3446 ut
1012 3385 1051 3447 ab
1070 3383 1231 3446 Americae
1255 3380 1416 3470 montibus,
1441 3400 1461 3439 a
1482 3380 1548 3441 Lu·

191 3492 250 3535 nae
275 3471 429 3534 montibus
452 3472 483 3535 in
506 3473 622 3550 Ai'rica,
648 3495 667 3536 a
689 3475 837 3554 Rhodope
858 3473 1006 3537 Thraciae
1038 3472 1153 3534 etesiae
1174 3469 1369 3544 Graecorum,
1394 3489 1413 3528 a
1434 3468 1549 3530 nivosis

191 3559 318 3642 Styriae
349 3561 500 3624 montibus
529 3563 611 3624 venti
644 3563 673 3625 in
697 3563 881 3643 planitiebus
906 3562 1073 3643 Ungariae,
1107 3562 1145 3622 ab
1170 3558 1330 3640 Apennino
1363 3565 1396 3618 ct
1417 3557 1548 3637 Alpibus

191 3649 310 3712 nivosis
334 3649 428 3729 gelidi
450 3650 494 3712 illi
513 3652 606 3726 venti,
630 3660 752 3715 aestate
777 3650 846 3712 anni
869 3647 962 3728 1603,
987 3659 1021 3712 ut
1044 3658 1093 3712 cst
1115 3649 1146 3710 iu
1169 3667 1237 3709 mea
1259 3644 1458 3726 praefatione.

286 3737 353 3812 (Ad
376 3735 426 3812 5.)
473 3737 604 3802 Causam
637 3741 809 3804 lenissimae
837 3739 943 3802 hiemis
974 3759 1032 3800 non
1056 3738 1160 3810 miror,
1193 3736 1284 3800 miror
1313 3733 1414 3816 potius
1443 3733 1549 3796 eodem

190 3835 329 3906 tempore
353 3827 569 3907 rigidissimam
602 3829 696 3892 fuisse
732 3829 861 3892 hiemem
888 3829 1042 3892 initalia.
1089 3824 1169 3896 Quid
1199 3826 1346 3896 dicemus,
1378 3821 1437 3884 nisi
1470 3819 1549 3903 qnod

190 3915 371 3995 Apenninus
394 3923 427 3976 et
449 3916 545 3995 Alpes
570 3917 791 3998 exspiraverint
813 3919 868 3978 hos
892 3926 1014 3992 ventos,
1049 3915 1069 3977 ii
1093 3932 1165 3994 crgo
1194 3913 1280 3974 nobis
1304 3920 1375 3974 sunt
1397 3913 1548 3976 australes

191 4004 320 4084 ideoque
346 4003 453 4078 calidi,
486 4005 571 4068 Italis
595 4025 667 4067 vero
691 4007 828 4082 boreales
851 4003 977 4087 ideoque
1003 4003 1113 4085 frigidi,
1138 4002 1164 4064 si
1184 4001 1272 4062 medo
1301 4019 1418 4075 rerum,
1443 4019 1547 4062 omnes

126 4132 131 4141 ·
189 4093 332 4156 boreales
357 4092 494 4171 frigidus,
518 4094 669 4157 australes
692 4096 816 4158 calidos.
865 4094 998 4156 (laesam
1022 4111 1132 4174 quaero
1157 4089 1297 4152 similiter
1328 4089 1358 4150 in
1383 4089 1549 4152 visceribus

190 4181 314 4244 Terrae.
361 4180 433 4243 Nisi
456 4183 534 4244 enim
557 4182 652 4244 Terra
675 4193 738 4245 tam
766 4184 877 4245 fuisset
899 4183 1021 4244 humida
1043 4189 1108 4242 toto
1133 4187 1277 4242 autumno
1299 4177 1371 4239 anni
1393 4173 1492 4252 1604,
1517 4183 1550 4238 et

189 4269 287 4332 hieme
318 4277 466 4350 sequente
494 4289 553 4332 nnn
582 4271 690 4333 fnisset
719 4281 782 4332 tam
812 4272 887 4332 lenis
910 4271 1015 4332 hiems.
1063 4269 1164 4347 Tepor
1193 4265 1399 4329 hic-obtinuit
1428 4283 1495 4326 cum
1519 4265 1549 4326 ln

188 4357 310 4434 Suevia,
337 4366 402 4420 tum
426 4357 456 4418 in
481 4356 594 4441 Styria,
619 4360 649 4421 iu
670 4359 807 4440 Ungaria
831 4377 901 4420 veru
926 4357 1087 4440 aliquando
1111 4359 1239 4418 immane
1265 4355 1376 4435 frigus,
1408 4361 1443 4413 ut
1463 4353 1549 4414 multi

187 4449 298 4512 milites
329 4447 395 4509 sint
418 4446 532 4509 amissi.
580 4446 696 4510 Contra
722 4447 929 4511 humidiasima
958 4457 989 4507 et
1018 4447 1081 4506 lere
1113 4460 1231 4524 semper
1258 4444 1363 4523 pluvia
1394 4441 1488 4502 hiems
1518 4440 1548 4501 in

183 4537 348 4613 Bchemia‚
387 4534 557 4597 siccissima
585 4537 613 4598 iu
638 4535 757 4617 Styria,
791 4544 824 4598 ut
847 4535 1014 4598 diutissime
1044 4533 1253 4613 conpleuit,
1286 4531 1388 4612 pulvis
1412 4528 1548 4589 aestivus

180 4629 281 4694 fuerit.
331 4624 428 4689 Adeo
453 4623 571 4686 variant
592 4623 655 4688 ista
677 4643 731 4705 per
754 4625 903 4704 regiones.
952 4621 1106 4704 Superiori
1120 4623 1259 4700 Angusto
1283 4617 1387 4698 primis
1415 4611 1457 4676 10
1479 4615 1548 4676 die-

177 4719 232 4783 bus
260 4719 345 4782 adeo
376 4711 485 4775 valida
514 4711 571 4776 luit
597 4713 772 4784 commotio,
802 4714 877 4775 adeo
906 4712 1081 4792 prodigiosa
1107 4707 1262 4770 inundatio
1287 4707 1417 4768 omnium
1439 4703 1548 4766 fluvio-

170 4829 247 4890 rum,
276 4807 332 4892 qui
360 4825 384 4868 a
407 4801 560 4866 mentibus
574 4801 724 4886 Styriacis
748 4803 893 4878 oriuntur,
917 4807 951 4864 ut
973 4802 1124 4864 hominum
1147 4796 1474 4932 memorippr*stpcret
1501 4791 1549 4853 ¹Iu
