3674 5528
702 282 734 334 o·
751 283 824 337 eun
843 284 1004 350 aucupes
1433 258 1436 262 ’
1467 288 1531 358 339

157 431 336 508 genuinos?
383 437 453 510 An,
487 455 545 498 non
567 445 617 500 est
638 439 668 500 in
698 439 830 518 ipsorum
858 448 1026 520 potestate,
1061 443 1266 523 qualecunque
1288 467 1450 525 001000μο
1474 449 1530 510 oh-

158 518 285 598 3100101
335 521 403 584 Sed
436 533 582 602 cogatur
604 527 780 588 occasiones
804 537 943 608 captare,
977 548 1068 612 seque
1098 535 1346 610 temperamentis
1374 543 1407 596 et
1437 537 1531 598 statui

164 607 277 669 mentis
309 628 432 671 suarum
464 612 626 674 tutelarum
658 616 905 677 accommodare?
951 614 1109 686 Quomodo
1141 619 1233 697 igitur
1262 631 1384 684 movent
1416 623 1531 686 animos
1558 669 1559 672 ,

166 703 300 770 nostros,
327 717 383 778 per
406 717 522 779 corpus,
545 719 583 762 an
603 719 636 761 se
660 701 756 780 ipsis?

238 800 431 853 Fabricius:
457 803 564 863 Quint,
589 805 653 869 qnod
673 819 739 869 aqna
757 807 867 869 impense
891 807 967 858 salita
988 807 1071 858 hiems
1094 825 1142 860 non
1164 818 1321 873 concrescat,
1348 816 1415 865 sicut
1432 821 1531 866 ceterae

167 870 374 993 300111ιέιίηο
396 881 456 938 puto
482 875 573 940 aliquid
599 889 691 927 causae
715 877 829 937 subesse,
859 879 923 942 quod
946 879 972 928 in
995 879 1055 928 loeis
1074 882 1135 930 mari
1154 884 1239 932 ricinis
1258 890 1356 934 tantum
1374 886 1432 950 gelu
1450 885 1531 936 hieme

259 1014 465 1094 Keplerus:
504 1015 594 1078 Salsa
616 1025 689 1098 pnto
713 1018 820 1080 iisdem
844 1015 881 1078 de
905 1019 1006 1081 causis
1026 1039 1084 1083 non
1099 1038 1303 1100 concrescere,
1329 1025 1436 1107 quibus
1452 1027 1528 1088 olea.

63 1098 65 1108 '
169 1101 249 1163 Nam
275 1102 301 1164 si
325 1104 420 1166 salita
442 1106 589 1183 quaedam
614 1107 711 1180 inere,
739 1106 890 1186 pinguedo
914 1105 957 1168 eis
981 1107 1077 1182 inest,
1107 1118 1139 1171 et
1162 1110 1261 1174 lentus
1285 1121 1376 1193 atque
1396 1113 1530 1176 viscidus

171 1191 295 1267 immor,
333 1199 368 1253 nt
400 1191 539 1254 camibns
572 1193 756 1257 animalium.
803 1193 871 1255 Non
903 1203 1046 1275 penetrat
1077 1197 1169 1276 igitur
1197 1199 1292 1278 frigus
1320 1209 1385 1264 tam
1414 1221 1530 1264 crassa

171 1279 279 1340 Hiems
300 1298 374 1342 vero
397 1298 455 1342 non
478 1281 546 1342 ideo
570 1281 671 1344 mitior
693 1283 780 1344 vohis
803 1282 932 1355 videtur,
961 1285 1025 1358 sed,
1050 1287 1127 1364 qnod
1151 1287 1297 1350 Francius
1320 1295 1390 1351 tuus
1414 1291 1531 1371 ajebat,

172 1365 210 1428 ob
236 1375 375 1430 aestuum
399 1369 551 1448 appulsus,
577 1390 679 1432 auram
703 1371 844 1452 sapidam
868 1372 1029 1448 spirantes.

244 1473 430 1523 Fabricius:
460 1473 486 1523 Si
503 1475 608 1525 fulmina
626 1481 684 1525 sunt
702 1477 855 1530 materialia,
879 1482 907 1525 nt
924 1476 1018 1541 physici
1037 1477 1134 1536 volunt,
1158 1491 1201 1528 cnr
1218 1479 1291 1530 homo
1309 1481 1338 1530 iis
1356 1496 1407 1530 non
1424 1480 1531 1532 laeditur

173 1541 206 1592 ad
224 1541 344 1593 sensnm?
380 1544 468 1593 Audiri
486 1544 526 1594 hic
545 1546 669 1610 quendam
688 1545 789 1597 fulmine
809 1546 978 1597 exanimatum
996 1549 1080 1606 inisse,
1099 1549 1125 1598 in
1144 1552 1214 1611 cnjus
1232 1551 1296 1615 pileo
1314 1552 1446 1602 rotundum
1464 1552 1529 1603 tora·

173 1629 230 1664 men
248 1616 358 1664 inustum
377 1615 467 1676 iuerat,
487 1621 615 1666 ettamen
634 1621 710 1680 capnt
726 1617 847 1668 theseum.

263 1701 466 1784 Keplerus:
499 1703 546 1766 De
570 1705 735 1767 fulminatis
759 1725 947 1786 nunquamne
975 1705 1106 1768 audisti?
1151 1707 1199 1768 An
1228 1725 1331 1770 omnes
1360 1708 1405 1771 ita
1428 1709 1529 1772 inimi·

173 1792 303 1853 nantur?
349 1790 455 1854 Nobili
467 1789 559 1874 Styra
586 1789 626 1856 12
651 1811 794 1874 annornm
816 1814 919 1876 puero,
939 1796 1002 1876 jam
1028 1793 1158 1857 exanimi
1182 1813 1268 1875 pene,
1294 1815 1396 1858 arsere
1415 1807 1528 1873 vestes,

173 1881 310 1942 foramen
334 1888 401 1942 erat
423 1880 453 1942 in
477 1881 572 1944 calcei
595 1881 681 1944 solea
703 1881 791 1963 inque
816 1903 954 1953 scamno,
978 1883 1008 1946 in
1033 1903 1090 1964 qno
1114 1883 1234 1958 stabat;
1266 1885 1331 1964 ipse
1356 1893 1456 1948 tamm
1480 1886 1528 1948 in·

173 1977 267 2048 teger.
315 1969 392 2030 Puto
417 1970 593 2050 oleaginosa
615 1971 679 2051 peti
703 1980 732 2032 et
757 1971 914 2052 insigniter
937 1971 1052 2051 ignita,
1076 1971 1144 2033 hinc
1167 1990 1225 2032 non
1250 1991 1356 2034 carnes
1379 1973 1529 2050 humidae,

172 2057 227 2118 sed
250 2076 304 2118 cor
328 2057 412 2119 etin
435 2076 471 2119 eo
495 2059 647 2122 flammula
669 2059 766 2133 vitae;
790 2059 859 2121 hinc
882 2079 984 2135 canes,
1007 2061 1128 2138 igneum
1151 2059 1270 2122 animal.

242 2163 427 2214 Fabricius:
460 2163 606 2224 Quaeritur.
633 2178 698 2228 qnae
722 2164 756 2214 sit
777 2177 856 2216 cauea
879 2165 1063 2216 anniversariae
1085 2164 1229 2214 mutationis
1252 2166 1315 2216 atris
1341 2166 1368 2216 ie
1385 2165 1446 2216 incia
1463 2165 1530 2216 ultra

173 2240 336 2297 aequatorem
355 2240 381 2283 et
399 2235 472 2291 circa,
493 2241 519 2284 et
537 2235 690 2284 simultatio
710 2235 840 2286 diuturnae
857 2237 999 2286 amenitatis
1017 2251 1062 2299 per
1078 2249 1156 2285 naum
1174 2242 1307 2293 senesce,
1326 2242 1352 2286 et
1370 2237 1530 2302 00100111-

172 2304 228 2354 viae
246 2319 292 2368 per
310 2303 432 2354 alterum?
469 2304 585 2368 Perpetui
603 2305 655 2356 iere
673 2307 740 2356 venti
758 2306 821 2357 liant
838 2306 927 2364 sereni,
947 2307 1040 2370 absque
1058 2307 1164 2356 matema
1181 2306 1290 2358 nubium·
1325 2305 1425 2370 Physioi
1442 2314 1530 2362 rente-

172 2389 228 2424 rnm
246 2376 378 2424 materiam
398 2375 430 2426 ad
449 2375 619 2426 exhalationes
637 2381 766 2425 terrestres
784 2375 906 2435 relernnt;
926 2383 954 2427 at
971 2377 1020 2427 illic
1039 2391 1135 2440 semper
1147 2391 1268 2426 serenum.
1299 2375 1372 2428 Unde
1384 2377 1460 2441 higm
1471 2375 1529 2428 hor·

173 2445 279 2494 rendum
298 2447 325 2494 in
343 2441 394 2494 ⁴1⁰
411 2445 461 2509 poli
481 2455 558 2497 auctr.
576 2448 601 2496 in
620 2447 708 2496 itinere
726 2441 822 2498 uranii
859 2447 908 2497 Cur
926 2448 950 2496 in
969 2446 1029 2498 locis
1049 2447 1232 2496 ausmahoribns
1249 2447 1330 2497 11101110
1347 2451 1428 2511 majus
1445 2447 1531 2513 rign.

170 2529 247 2580 qnam
265 2517 291 2565 in
310 2516 349 2564 hie
366 2516 514 2567 maritimis?
545 2517 638 2567 Contra
657 2525 754 2568 aestate
772 2517 823 2567 illic
841 2521 921 2580 major
938 2525 1024 2567 aestus
1042 2524 1088 2575 eet.
1108 2531 1182 2582 qnam
1200 2517 1248 2580 hic,
1267 2518 1327 2568 licet
1338 2518 1391 2568 dies
1409 2520 1460 2570 sint
1476 2519 1529 2570 lou·

173 2587 271 2651 pieres,
299 2593 325 2636 et
342 2595 441 2651 propter
458 2601 552 2638 moram
570 2589 706 2654 longiorem
725 2587 789 2639 Solia
812 2603 888 2652 snpra
904 2588 1057 2639 horizontem
1072 2591 1146 2652 juxte
1162 2593 1232 2638 tuam
1250 2589 1401 2638 sententiam
1418 2595 1446 2638 et
1464 2588 1531 2639 calor
1618 2645 1623 2654 ¹

170 2660 252 2720 rnaJor
270 2672 326 2708 aare
345 2657 454 2708 deberet.
494 2657 589 2709 Suntne
608 2659 726 2722 planetae
749 2665 870 2710 certorum
895 2667 1022 2709 ventorum
1040 2653 1167 2710 motoreei
1203 2659 1337 2709 Habentne
1355 2659 1445 2725 singuli
1462 2661 1530 2710 renti

172 2735 270 2777 certam
290 2742 307 2778 a
324 2734 416 2780 namra
433 2729 539 2779 inditam
557 2729 753 2794 proprietatem?
789 2729 837 2780 Vel
855 2732 936 2794 potius
955 2743 971 2779 a
988 2737 1080 2780 natura
1097 2729 1145 2779 ioci
1163 2737 1189 2778 et
1206 2728 1330 2794 regionis?

261 2817 468 2896 Keplerus:
506 2817 573 2880 Hoc
596 2837 663 2880 esse
678 2827 752 2900 puto
768 2819 1036 2897 transsequatoriis
1054 2826 1216 2896 perpetuas
1236 2815 1425 2892 serenitates,
1451 2817 1529 2897 quod

171 2905 261 2967 nobis
285 2913 445 2967 aestatem.
487 2907 528 2968 Et
550 2914 585 2968 nt
607 2905 694 2970 nobis
717 2907 768 2971 nix
791 2915 911 2968 aestate
935 2923 993 2967 non
1017 2905 1108 2978 cadit,
1133 2905 1293 2966 turbantur
1317 2913 1417 2965 tamen
1438 2905 1529 2966 calidi

173 2993 240 3056 dies
265 2993 400 3074 frigidis,
434 2995 480 3056 ita
502 2995 562 3057 illis
587 2995 642 3056 snb
670 3004 825 3074 aspectus,
850 2995 876 3055 si
900 3013 957 3055 non
980 2993 1115 3074 pluviae,
1140 3001 1222 3054 certe
1246 2992 1409 3053 nubeculae
1433 2999 1529 3054 erunt.

172 3081 269 3143 Venti
289 3083 464 3163 quidemst
479 3083 639 3158 montibus,
665 3084 718 3146 sed
733 3103 770 3146 ex
786 3083 847 3146 alia
861 3083 938 3146 forte
954 3082 1135 3156 continente,
1160 3089 1192 3142 et
1206 3079 1347 3156 continui,
1372 3081 1441 3159 qnia
1456 3099 1528 3142 con-

171 3169 259 3232 tinua
274 3172 420 3233 montium
434 3171 597 3247 exhalatio,
622 3171 672 3252 qni
686 3171 724 3233 iis
740 3171 814 3233 locis
829 3169 932 3233 Solem
946 3169 1139 3233 accedentem
1154 3169 1260 3232 fortius
1275 3168 1419 3244 sentiunt,
1442 3185 1529 3250 qnam

171 3279 237 3322 nos.
284 3259 368 3321 Pluit
391 3261 522 3324 sortasse
545 3259 625 3340 apud
648 3261 717 3322 illos
741 3268 871 3334 montes,
896 3269 930 3322 at
951 3259 1054 3340 pluvia
1077 3259 1138 3320 cito
1162 3257 1308 3320 considet.
1355 3255 1449 3318 Venti
1473 3276 1526 3317 va·

169 3357 255 3412 stum
278 3365 423 3410 oceanum
446 3357 578 3424 tranant,
597 3348 767 3428 pluviarum
791 3348 922 3410 soboles.
971 3347 1005 3410 Si
1029 3347 1094 3428 quis
1118 3346 1192 3408 mihi
1215 3345 1409 3425 consignaret
1431 3345 1531 3407 omnia

172 3435 388 3510 observabilis,
413 3447 573 3500 meren
592 3437 719 3518 plagas,
743 3437 836 3500 iacile
857 3437 1055 3516 mnfiugerem
1078 3435 1278 3517 hypotheses,
1299 3433 1406 3514 Joncta
1429 3443 1531 3495 astro-¹
1594 3513 1602 3526 .

171 3524 292 3587 nomiae
316 3527 555 3606 cosmographia
600 3525 684 3588 Nihil
708 3526 784 3588 adeo
808 3525 952 3588 insolens.
994 3525 1098 3586 Habet
1121 3533 1153 3586 et
1172 3522 1305 3586 Graecia
1327 3529 1426 3584 statas
1449 3531 1529 3583 tem·

170 3621 329 3694 pestates3
355 3611 518 3676 Germania
541 3614 579 3676 oh
602 3614 778 3676 vastitatem
803 3623 835 3678 et
858 3614 980 3676 crebros
995 3622 1113 3676 montes
1137 3611 1234 3674 minus
1258 3611 1305 3674 his
1329 3618 1453 3672 assueta
1472 3618 1529 3683 est,

171 3702 355 3784 praesertim
379 3702 492 3764 boreali
515 3702 612 3765 litore.

263 3791 300 3852 In
324 3790 554 3869 septentrionali
577 3790 721 3852 America
744 3796 881 3868 apparet,
907 3789 1132 3852 exhalationem
1156 3806 1231 3866 opus
1255 3804 1322 3848 esse
1342 3791 1458 3846 tantum
1478 3783 1532 3846 iri-

173 3899 250 3960 gns,
280 3887 316 3940 ut
339 3879 418 3958 apud
442 3897 496 3940 uos
520 3878 616 3942 simile
641 3879 710 3958 quid
735 3876 884 3940 interdum
909 3885 1038 3938 aestate.
1084 3878 1168 3937 Haec
1192 3874 1246 3936 illa
1267 3873 1364 3954 regio,
1394 3872 1472 3933 unde
1495 3873 1534 3933 ad
1562 3936 1570 3946 ,

172 3987 228 4030 nos
263 3967 402 4030 Nordost
438 3967 488 4030 ille
525 3967 663 4047 frigidus.
711 3963 792 4035 Quid
820 3966 847 4028 si
870 3966 911 4028 ibi
935 3965 1020 4026 culus
1048 3962 1174 4026 mundi?
1218 3962 1338 4026 Nature
1366 3957 1465 4024 ventis
1496 3958 1534 4021 ab

173 4056 300 4138 originis
325 4065 358 4117 et
376 4077 395 4116 a
409 4055 556 4118 transitus
572 4056 655 4117 locis.
693 4054 858 4134 impetuosi
878 4053 1016 4116 videntur
1039 4051 1239 4130 apropinqno
1254 4049 1364 4110 venire.
1400 4047 1534 4110 Austra-

176 4145 254 4206 libus
279 4153 313 4206 ut
344 4143 482 4206 omnibus
513 4145 587 4206 locis
617 4144 711 4222 irigns
736 4149 769 4204 et
793 4151 896 4204 aestus
926 4161 944 4202 a
970 4140 1118 4203 tenuitate
1147 4138 1226 4200 aeris
1254 4136 1413 4217 adjuvatur
1441 4145 1495 4198 aut
1517 4158 1537 4197 a

174 4233 286 4296 vectis.
331 4223 424 4294 'Hinc
456 4233 588 4313 Angliae
621 4233 694 4293 mite
725 4230 819 4310 frigus
850 4249 956 4293 crasso
985 4235 1065 4290 aere.
1119 4225 1276 4310 Limpidns
1304 4223 1398 4304 igitur
1424 4231 1478 4286 atr
1505 4224 1535 4285 in

174 4322 336 4399 Perusna,
367 4329 473 4383 aestus
495 4339 568 4383 vero
591 4321 706 4399 maj0r,
739 4317 808 4398 quia
832 4317 885 4380 Sol
910 4316 1020 4390 altior,
1059 4325 1091 4378 et
1112 4315 1181 4394 plns
1204 4315 1298 4376 vincit
1320 4313 1449 4374 altitudo
1472 4312 1535 4386 illa,

174 4431 264 4493 qnam
288 4419 398 4474 nostra
421 4409 482 4471 diei
506 4409 673 4489 longitudo.
718 4407 790 4469 Mea
814 4405 959 4486 principia
987 4424 1045 4467 non
1070 4413 1246 4484 comparant
1273 4403 1410 4464 diversas
1434 4400 1535 4479 regio-

174 4520 238 4576 nes,
261 4501 318 4564 sed
344 4498 503 4562 cumulant
525 4498 690 4578 qualitates
714 4495 744 4558 in
768 4513 826 4558 uno
850 4495 951 4574 aliquo
967 4500 1048 4555 aiere.
1094 4491 1213 4564 Pluvia,
1237 4499 1354 4564 ventus,
1380 4509 1417 4551 an
1438 4487 1535 4548 fumus

175 4589 215 4652 sit
238 4590 370 4662 loturus,
399 4585 481 4667 quod
505 4586 645 4659 exhalat,
670 4583 700 4646 in
724 4585 838 4646 Terrae
862 4580 1022 4644 habilitate
1046 4581 1138 4644 sitnm
1163 4581 1307 4656 arbitror,
1330 4595 1388 4638 non
1412 4576 1441 4636 in
1463 4575 1534 4676 pla-

173 4687 306 4742 netarum
331 4674 472 4740 arbitrio.
517 4673 560 4737 Et
588 4681 690 4736 tamen
724 4673 823 4752 aptior
852 4670 929 4736 alius
962 4670 1000 4730 ad
1032 4669 1123 4731 aliam
1154 4669 1356 4730 conditionem
1378 4671 1534 4735 materiae,

172 4787 232 4832 cum
255 4771 320 4833 sint
346 4762 488 4830 distincti
511 4763 670 4826 coloribus.
1258 4856 1273 4906 ²

1276 4857 1291 4906 2
1302 4857 1318 4889 Ι
