3674 5528
327 279 392 346 342
752 281 853 332 Literna
870 279 972 346 Kepleri
992 281 1142 344 diornmqne
1158 286 1261 331 neumae

327 453 384 490 cnm
398 437 428 490 'st
445 435 594 490 Mercuriale
611 439 709 498 tribuit,
734 439 828 490 atrium
845 439 906 489 illud
924 443 951 488 et
968 437 1160 488 subtilissimum.
1198 438 1252 504 lige
1271 438 1317 489 sub
1336 439 1405 490 coelo
1424 450 1509 490 crasso
1528 438 1577 489 bne
1596 433 1690 488 Prisieo

326 515 468 573 conseptus,
488 515 515 558 et
531 515 606 558 natus
623 510 817 574 phlegmaticus,
842 511 940 560 nonnisi
959 523 1045 559 crassa
1062 509 1159 560 oliscio.
1198 507 1295 570 Quare.
1324 525 1356 561 us
1374 516 1400 560 te
1423 517 1544 560 moveant
1562 510 1687 576 maeatis

326 595 372 631 uss
388 593 461 631 mese
478 579 601 629 interdum
619 582 757 638 institutae,
779 581 911 630 adruenme
929 580 1003 629 volui.

397 650 439 700 Ad
455 651 519 702 baec
537 652 621 701 omnia
638 651 711 702 simul
729 652 856 715 respondit
872 650 1030 715 Keplerus
1049 650 1072 700 d.
1093 646 1118 698 7.
1137 649 1197 702 res.
1219 645 1297 700 1004.
1317 651 1383 700 buno
1403 651 1428 702 iu
1447 651 1562 702 modum:

413 807 558 869 Delector
580 807 749 886 plurimum,
773 809 956 872 amicissime
970 809 1100 883 Fabrici,
1125 809 1293 871 festivitate
1314 818 1381 880 tua,
1404 809 1455 888 qui
1479 809 1611 888 primum
1629 807 1688 871 im·

327 903 483 977 portunus,
508 913 575 956 cum
598 896 672 956 nihil
696 897 850 960 literarum
874 898 1036 976 impetrare
1059 896 1220 972 videreris,
1250 897 1369 958 demum
1393 898 1431 958 ad
1456 896 1689 976 deprecationes

328 983 553 1048 oblocutionum
586 991 720 1060 tuarum,
754 993 784 1048 et
807 987 931 1048 tandem
965 987 1002 1047 ad
1026 986 1196 1047 contrarias
1227 984 1458 1048 refutationibus
1482 984 1688 1060 laudationes,

328 1079 369 1149 91,
395 1073 421 1134 91
445 1071 525 1144 11991,
549 1073 779 1136 adsentationes
803 1093 966 1137 conversus
991 1095 1035 1136 es.
1080 1073 1147 1152 Ego
1172 1093 1252 1147 vero,
1278 1093 1337 1135 non
1352 1073 1539 1153 exspectatis
1560 1075 1609 1136 his
1629 1074 1690 1136 tuis

329 1161 445 1224 artibus
469 1162 523 1234 (ne
545 1179 594 1222 ma
622 1161 779 1224 blanditiis
802 1163 864 1225 tuis
892 1170 1073 1224 commotum
1095 1163 1284 1236 existimas),
1317 1181 1421 1224 rueuse
1444 1163 1589 1242 Augusto
1621 1163 1688 1242 epi-

328 1250 454 1323 stolam,
486 1248 589 1310 verius
613 1249 735 1321 librum,
769 1252 809 1312 ad
831 1258 862 1313 te
886 1251 969 1325 misi,
1000 1251 1104 1312 decem
1128 1252 1166 1312 ad
1191 1251 1342 1312 minimum
1365 1249 1554 1330 paginarum.
1604 1249 1689 1320 Quas

329 1337 372 1399 tui
395 1337 445 1398 hic
468 1335 622 1410 addidere,
648 1355 752 1400 omnes
775 1339 911 1400 redditas
935 1338 1087 1417 intellig03
1110 1338 1269 1418 plurimum
1292 1337 1395 1417 itaque
1411 1338 1510 1412 miror,
1538 1337 1595 1400 tibi
1610 1358 1686 1400 uou-

329 1426 399 1490 dum
421 1425 542 1488 lectam.
590 1425 695 1487 Potuit
727 1425 782 1490 hoo
811 1427 868 1489 tibi
890 1427 1056 1489 communis
1086 1435 1191 1490 noster
1210 1427 1435 1506 'Apudodaspos
1457 1427 1606 1489 Francius
1641 1425 1690 1488 in-

331 1513 444 1575 dicare.
490 1508 539 1574 Ex
566 1531 601 1574 eo
629 1521 763 1592 tempore
792 1515 919 1596 quinque
948 1515 1028 1580 aliae
1051 1516 1107 1576 abs
1138 1523 1167 1576 te
1197 1514 1268 1577 mihi
1297 1516 1403 1576 literae
1436 1524 1507 1578 sunt
1534 1514 1685 1588 redditae,

327 1621 402 1682 quas
425 1599 575 1680 scripsisti
602 1599 671 1676 18.‚
697 1599 749 1666 24.
773 1601 857 1678 Jun,
886 1601 936 1666 ll.
960 1603 1057 1681 Aug„
1082 1600 1151 1678 22,
1176 1599 1230 1665 26.
1249 1604 1321 1665 Dec.
1363 1607 1397 1672 (v.
1417 1607 1461 1671 91)

398 1687 471 1740 Haec
491 1688 622 1752 Keplerus.
660 1689 725 1741 Hinc
743 1693 835 1740 transit
853 1691 885 1742 ad
898 1689 1036 1741 comment.
1051 1689 1141 1741 Martis
1160 1691 1391 1756 dubitationssque,
1411 1705 1472 1755 quas
1491 1692 1622 1755 proposuit
1640 1691 1687 1740 Fa·

326 1759 416 1812 bricius
434 1760 461 1808 iu
478 1758 555 1809 literis
572 1761 700 1822 prioribus,
719 1777 790 1827 quas,
809 1767 924 1824 utsupra
936 1761 1048 1818 diximus,
1068 1761 1241 1828 adjungendas
1255 1763 1394 1812 censuimus
1412 1762 1479 1812 dicto
1491 1759 1598 1824 Kepleri
1609 1761 1687 1825 operi,

328 1836 362 1886 st,
382 1829 415 1881 sd
433 1828 517 1891 literas
536 1829 559 1879 d.
580 1829 622 1878 22.
642 1831 704 1882 Dee.
724 1833 808 1882 ordine
826 1845 948 1897 pergens,
967 1832 1053 1882 addit:

415 1901 473 1962 llic
490 1901 653 1964 meministi
668 1903 763 1981 primo
787 1904 953 1976 literarum,
978 1921 1053 1982 quas
1078 1912 1148 1965 aute
1165 1921 1274 1964 anunm
1294 1903 1411 1981 scripsi,
1436 1912 1469 1964 et
1489 1903 1598 1964 statim
1612 1903 1688 1964 sub-

322 1988 442 2070 jungis:
460 1987 509 2062 ,in
524 1989 638 2050 ultimis
654 1991 781 2052 literis.“
820 1989 903 2069 Ergo
918 1991 1072 2070 accepisti,
1088 1987 1164 2070 quas
1179 1989 1211 2054 4.
1227 1991 1289 2052 Jul.
1307 1991 1438 2071 scriptas
1448 1991 1591 2072 Augusto
1609 1990 1686 2052 misi.

397 2075 517 2140 liabens,
543 2090 609 2141 quse
625 2080 651 2128 iu
669 2079 708 2129 bis
725 2079 803 2130 literis
822 2079 945 2142 Keplerus
963 2081 1016 2144 egit
1034 2094 1090 2128 cum
1108 2080 1221 2130 Fabricio
1241 2079 1391 2144 analogica
1414 2079 1570 2143 similisque.
1600 2079 1690 2130 eadem

330 2159 380 2212 qua
403 2148 469 2210 prius
487 2148 583 2198 atione
609 2151 768 2212 proponenda
794 2163 934 2207 teusanus,
963 2150 1152 2214 praemittentes
1176 2151 1282 2202 Fabricii
1301 2151 1461 2215 quaestiones
1483 2150 1626 2214 additisque
1651 2163 1687 2199 rs·

327 2217 498 2281 sponsionibus
516 2217 628 2281 Kepleri.

397 2286 565 2336 Fabricius
585 2285 622 2350 (4.
641 2288 690 2338 Jul.
712 2285 809 2351 1003)ι
834 2288 898 2340 Mire
927 2305 966 2339 me
994 2292 1066 2356 angit
1090 2291 1188 2340 instans
1216 2291 1318 2340 directio
1340 2289 1404 2341 Solia
1432 2292 1465 2342 ad
1485 2289 1576 2340 Martis
1603 2304 1689 2354 eorpus

328 2359 353 2407 in
378 2370 436 2406 mea
459 2358 545 2422 ganesi
573 2356 650 2407 1604.
676 2356 701 2407 0.
725 2357 801 2410 Mart
830 2361 854 2410 is
882 2359 905 2408 5.
933 2367 1022 2411 matut
1050 2362 1194 2412 decendens
1218 2359 1272 2410 2¹⁰
1291 2367 1351 2412 222·
1390 2360 1476 2412 Sentio
1499 2361 1632 2425 praeludia
1664 2361 1689 2409 in

327 2429 382 2490 ipsa
400 2427 500 2477 fortuna
525 2433 552 2477 et
577 2431 765 2480 conversations
791 2430 924 2482 bominum.
970 2431 1070 2493 Quaeso
1095 2433 1154 2482 mihi
1177 2439 1248 2482 tuum
1271 2433 1393 2495 jndisiuna
1419 2433 1514 2482 ducere
1541 2423 1688 2496 perscribas

329 2496 439 2557 Quisque
465 2497 491 2546 iu
516 2512 563 2549 sna
586 2515 664 2550 causa
687 2515 775 2551 coecus
799 2510 838 2552 sst
860 2509 959 2566 propter
977 2501 1091 2554 9699191.
1127 2497 1164 2562 Δ
1182 2502 1205 2564 li
1225 2499 1257 2563 Q
1277 2503 1293 2566 11
1312 2517 1345 2554 sn
1367 2518 1410 2567 pro
1428 2497 1465 2569 [l
1488 2505 1522 2552 sit
1539 2501 1688 2555 habendus?

328 2567 369 2618 Sic
387 2561 424 2634 U
442 2565 467 2628 d
487 2569 526 2618 rix
545 2568 573 2630 >lt
592 2578 697 2636 ugnas,
726 2578 752 2622 et
769 2578 854 2622 tamen
873 2573 931 2621 mihi
950 2579 1054 2623 mortem
1073 2574 1123 2624 lere
1143 2574 1271 2623 constimit
1293 2587 1359 2623 auno
1379 2571 1403 2624 a.
1417 2575 1518 2624 utatis.
1557 2571 1596 2624 Ex
1609 2569 1641 2634 Q
1656 2573 1689 2623 sd

325 2631 394 2702 Uli
413 2637 472 2688 nibil
491 2641 565 2696 sensi,
584 2641 628 2690 sed
646 2649 775 2705 apostema
792 2648 890 2693 tantum
909 2645 934 2692 in
953 2644 1068 2701 natibus,
1099 2651 1125 2694 et
1145 2658 1230 2693 casum
1249 2644 1279 2694 ab
1302 2645 1368 2696 alto.
1388 2647 1441 2696 sius
1460 2646 1572 2696 laesione
1591 2650 1685 2694 tamen.

327 2709 457 2760 Amicitias
482 2723 628 2776 magnorum
653 2712 742 2769 habui,
769 2713 813 2764 sed
832 2713 924 2778 absque
951 2729 976 2763 m
1028 2728 1045 2764 a
1068 2715 1191 2773 utilitate,
1216 2715 1305 2764 levium
1332 2729 1390 2766 vero
1413 2716 1539 2766 bominum
1567 2715 1686 2764 invidiam

328 2787 354 2828 et
372 2780 577 2840 obtrectat'ones,
605 2783 672 2832 nullo
691 2798 745 2833 mec
764 2785 860 2842 merito,
879 2791 978 2850 propter
1042 2787 1067 2835 in
1086 2785 1142 2836 xli.
1179 2786 1219 2835 Ad
1237 2786 1321 2838 studia
1336 2786 1391 2850 plus
1409 2801 1483 2852 quam
1501 2785 1621 2837 valetudo
1639 2786 1689 2835 lert

327 2863 470 2915 propensus.
1252 2873 1254 2878 ·

416 2922 617 3001 Keplerus:
641 2923 687 2984 De
712 2923 877 2986 directione
903 2923 942 3002 Q
968 2927 1010 2987 ad
1031 2935 1180 3006 corpus&
1203 2947 1269 2988 meo
1288 2927 1403 3007 judicio
1427 2947 1485 2989 non
1510 2917 1687 2988 debes'esse

330 3009 479 3074 sollicitus
503 3011 559 3074 hoe
583 3021 734 3091 tempore;
757 3031 827 3074 nam
851 3012 903 3075 vix
926 3034 1036 3076 aunum
1061 3013 1111 3078 74.
1136 3015 1270 3095 attingit
1315 3015 1396 3078 Ecce
1420 3035 1518 3080 meum
1537 3015 1686 3096 dirigendi

328 3099 468 3160 modum:

416 3193 441 3254 d
464 3187 564 3247 estin
591 3180 697 3268 ¹2¹le⁰
718 3193 764 3262 Π.
813 3185 853 3264 Q
871 3184 931 3252 ’24
956 3191 1033 3267 Maji
1057 3210 1134 3252 auno
1158 3187 1210 3253 64.
1235 3192 1318 3253 venit
1342 3190 1371 3251 iu
1400 3184 1578 3274 121111,
1613 3209 1685 3270 ergo

329 3269 461 3336 (119976
489 3275 661 3352 significant
688 3277 816 3339 totidem
840 3295 945 3339 annea.
993 3278 1051 3342 Est
1076 3275 1115 3357 Q
1141 3274 1219 3341 auno
1250 3275 1340 3342 1604.
1366 3278 1395 3340 19
1420 3275 1531 3356 8111,
1556 3280 1607 3340 961
1628 3280 1684 3340 luit

332 3359 380 3424 18.
405 3355 479 3439 Apr.
503 3370 574 3442 post
597 3363 661 3425 dies
675 3360 729 3428 40.
775 3366 955 3430 Ascendens
975 3376 1076 3429 tamen
1097 3368 1286 3448 (quodcirca
1309 3364 1372 3446 *ll
1396 3371 1540 3440 versans)
1564 3368 1684 3430 melan-

328 3448 467 3523 choliam,
492 3450 632 3524 studium,
657 3471 768 3527 curam,
794 3454 981 3534 diligentiam
1005 3465 1106 3535 auget.
1155 3457 1199 3518 Tu
1219 3477 1290 3519 vero
1313 3457 1389 3519 bene
1413 3476 1504 3536 spera
1526 3458 1564 3518 de
1589 3453 1686 3534 *Q,

327 3535 400 3611 *li
423 3537 452 3597 in
477 3533 544 3598 28⁰
567 3538 609 3613 ὅς
632 3539 712 3601 intra
735 3541 887 3603 biennium
911 3543 1034 3607 divitem
1059 3545 1198 3618 efficient,
1224 3547 1384 3608 dummodo
1397 3547 1481 3626 prius
1500 3563 1581 3606 auno
1601 3541 1685 3608 1606
1783 3541 1798 3550 “

330 3624 488 3688 transierit
512 3619 581 3704 Ut
605 3645 659 3706 per·
684 3625 723 3706 Q
744 3629 851 3692 locum.
898 3631 1004 3694 Trinos
1028 3634 1057 3695 in
1074 3631 1113 3710 Q
1139 3635 1210 3706 91)
1236 3653 1295 3696 non
1318 3653 1372 3715 pro
1396 3633 1553 3712 quadratis
1577 3633 1685 3704 babeo,

330 3713 400 3792 quia
423 3732 478 3776 nec
502 3714 598 3793 dirigo
623 3715 691 3777 illos
714 3737 767 3796 per
789 3727 993 3799 aequatorem
1040 3721 1202 3785 Amicitias
1216 3741 1391 3802 magnorum
1412 3722 1469 3785 tibi
1488 3723 1608 3784 sincero
1628 3722 1684 3783 ho-

327 3801 401 3862 miui
427 3801 491 3862 sius
516 3801 648 3865 utilitate
676 3805 856 3885 contigisse,
891 3807 964 3870 nihil
988 3819 1036 3872 est
1059 3811 1165 3873 mirum
1197 3819 1250 3872 aut
1273 3811 1422 3885 insoleus3
1456 3820 1609 3891 quaeruut
1631 3829 1685 3872 sua

327 3887 447 3967 gaudia,
472 3908 529 3950 non
554 3897 607 3952 tua
631 3895 797 3955 commode.
845 3897 1034 3975 Impossibile
1059 3909 1115 3973 est,
1141 3908 1174 3961 ut
1197 3901 1299 3978 magni
1324 3900 1385 3962 sint
1417 3907 1450 3960 91
1472 3917 1584 3978 parvos
1610 3898 1686 3961 sub-

329 3975 430 4038 levent
453 3994 571 4051 omnes3
595 3982 698 4059 magni
722 3982 850 4044 hominis
865 4004 991 4066 magnus
1011 3987 1112 4049 hiatus
1128 3989 1198 4051 oris.
1246 3987 1496 4051 Obtrectationes
1512 4005 1571 4048 non
1592 3988 1686 4051 debes

327 4064 473 4146 refugere,
499 4065 525 4126 si
549 4065 664 4129 deliciis
688 4069 798 4133 artium
821 4071 941 4136 minime
955 4077 1142 4156 popularium
1158 4076 1286 4138 frueris:
1313 4097 1398 4138 nemo
1418 4077 1595 4156 praeclarus
1609 4077 1685 4138 haee

326 4169 385 4212 non
409 4152 534 4231 patitur.
581 4156 665 4218 Haec
696 4177 753 4218 nou
783 4169 854 4222 sunt
881 4163 1026 4242 insignia,
1059 4185 1114 4226 nec
1141 4165 1278 4244 indigent
1308 4165 1528 4245 significatione
1552 4165 1684 4240 geneth·

327 4239 423 4314 liaca;
454 4241 568 4319 passim
596 4245 645 4306 vel
669 4245 734 4307 siue
753 4248 838 4310 coelo
862 4252 1050 4330 proveniunt.
1098 4251 1236 4315 Studium
1266 4261 1298 4314 91
1322 4256 1507 4316 anxietatem
1532 4253 1620 4315 addit
1645 4249 1683 4330 Q

327 4329 356 4389 in
379 4325 451 4407 Ali
485 4335 517 4390 et
540 4333 570 4406 ό
592 4333 747 4414 utriusque
776 4337 970 4416 superiorum.
1019 4341 1174 4421 ingenium
1208 4343 1296 4404 facile
1331 4361 1368 4404 ex
1397 4344 1418 4422 b
1451 4359 1516 4403 cum
1551 4341 1577 4414 ῼ
1611 4361 1685 4404 con-

321 4418 497 4496 junctroue;
523 4425 555 4480 91
578 4437 636 4481 999
660 4421 705 4483 119
728 4442 820 4487 acre,
854 4427 952 4490 Bilem
974 4437 1077 4498 tamen
1100 4430 1311 4502 nonnullam)
1338 4431 1366 4494 in
1391 4435 1427 4500 A
1446 4437 1482 4500 (1.
1530 4429 1684 4492 Dixissem

328 4514 359 4568 te
383 4506 606 4585 voluptuarium
631 4529 669 4570 ex
693 4511 763 4586 όῼ
788 4519 820 4574 91
843 4517 881 4592 §3
904 4517 987 4580 disco
1012 4517 1103 4599 igitur
1135 4519 1215 4596 apud
1244 4525 1274 4580 te
1298 4520 1444 4599 derogare
1469 4517 1538 4580 huic
1563 4521 1685 4582 decreto

287 4619 289 4626 >
325 4591 396 4672 Ali
422 4603 454 4656 et
477 4591 533 4674 Q,
563 4606 594 4658 et
617 4598 801 4663 laboriosum
825 4602 1015 4668 nihilominus
1048 4607 1178 4668 efficere.
1227 4605 1446 4670 credulitatem
1470 4607 1563 4685 ΔΘ
1589 4607 1682 4681 9111,

320 4682 465 4760 judicium
480 4691 580 4746 tamen
604 4690 640 4756 A
657 4683 697 4764 Θ
723 4697 755 4750 91
776 4685 812 4765 b,
837 4699 867 4751 et
887 4693 983 4768 juncti
999 4705 1124 4776 uterque
1140 4695 1395 4776 superstitiosum.
1433 4697 1468 4758 Iu
1483 4695 1531 4757 his
1547 4697 1682 4776 aspecti-

326 4770 382 4832 bus
406 4779 437 4834 et
459 4773 569 4848 situ)
596 4775 666 4839 mihi
692 4777 780 4838 valde
805 4778 977 4846 similises.
1025 4784 1193 4867 Utrique)
1220 4784 1250 4846 in
1270 4783 1341 4846 Xll.
1366 4785 1395 4847 in
1419 4787 1455 4854 A
1473 4792 1513 4863 d,
1544 4788 1618 4850 mihi
1643 4783 1681 4864 Q
