3542 5528
696 313 855 370 noeentum.
1044 345 1048 354 -
1119 324 1121 328 ·
1412 313 1451 387 ιι

19 497 20 500 “
111 473 142 536 ds
163 473 348 538 latitudinum
371 477 527 540 ιιιιειιιιιι
549 479 720 559 cogitandi.
750 480 829 542 sicut
850 481 984 544 videmus
1008 479 1170 544 ootetdron
1193 481 1342 578 Mercurio
1365 483 1452 547 unius

110 562 328 626 recontricitatis
352 567 477 628 modum
499 568 740 649 praescripsisse.

184 651 272 714 Porro
296 655 337 716 de
361 655 467 717 Luna
488 656 604 737 pridem
626 666 743 737 tempus
767 665 823 734 est,
848 665 883 719 ιιι
906 655 1020 738 aliquid
1042 658 1149 720 dicam.
1190 657 1284 720 Nam
1293 662 1453 725 concordia

109 739 222 803 Veneris
243 760 311 805 cum
337 746 387 807 sui
410 745 545 825 corporis
568 746 750 818 dimensione
774 747 886 828 arguit,
920 747 996 808 hanc
1024 745 1238 812 dimensionem
1262 749 1300 811 ad
1323 750 1451 826 Lunam,

108 847 170 910 quac
191 829 314 894 Terram
340 833 448 910 ambit,
473 835 514 897 nil
536 834 702 914 pertinere·
727 837 785 898 nisi
807 836 933 900 volimus
952 854 1009 897 non
1025 837 1155 900 Martem
1169 837 1290 915 Terrae,
1315 839 1370 902 sed
1386 859 1451 902 me-

105 919 174 980 diam
195 918 306 984 Terrae
331 923 513 986 distantiam
534 923 631 1004 Marti
659 926 781 1006 propius
814 920 992 1000 admovere,
1026 932 1060 988 ιιι
1092 925 1197 989 Lunae
1226 927 1306 990 circa
1328 928 1451 992 Terram

105 1009 227 1102 utrinque
250 1012 396 1092 aequalis
419 1021 540 1092 pateret
562 1014 641 1078 inter
663 1015 870 1096 proportiones
893 1014 1048 1077 transitus
1085 1015 1200 1077 Verum
1218 1035 1257 1078 ex
1270 1016 1326 1078 hoo
1341 1037 1450 1098 seque-

103 1097 175 1158 retur
195 1097 306 1161 Martis
332 1109 368 1163 et
388 1101 475 1164 Jovis
499 1103 588 1184 longo
610 1105 705 1184 major
726 1104 909 1185 parallaxis,
941 1122 1016 1185 quae
1039 1103 1104 1184 jam
1128 1111 1218 1166 antea
1241 1105 1451 1186 grandiuscula

104 1195 151 1247 est
193 1187 349 1253 Mercurio
373 1206 456 1268 vero,
481 1191 531 1272 qui
553 1193 649 1256 minos
672 1194 751 1274 justo
776 1201 808 1256 et
821 1193 935 1256 Veneri
958 1211 1034 1274 quae
1058 1193 1135 1255 satis
1157 1193 1300 1266 hahebat,
1324 1196 1450 1277 amplius

105 1275 242 1356 quidhoc
264 1280 359 1342 modo
384 1280 732 1348 demeretur..

181 1365 242 1428 Sed
266 1369 343 1448 quid
367 1369 480 1434 attinet
501 1367 605 1434 Lunae
629 1371 776 1432 rationem
798 1371 919 1446 habere,
944 1388 1009 1432 com
1033 1369 1087 1433 illa
1110 1389 1167 1433 noo
1191 1371 1231 1434 ad
1254 1371 1356 1436 orbem
1372 1373 1450 1436 Ter-

103 1473 161 1529 rae,
184 1462 218 1516 ut
239 1467 414 1520 ceterorum
436 1460 625 1539 planetarum
648 1459 801 1541 epicyolie,
826 1460 944 1540 proprie
966 1459 1126 1539 pertineat.

180 1545 307 1610 Terram
334 1547 413 1609 enim
436 1550 647 1629 φιλαιθρωπος
662 1557 799 1616 4ιιιιιιιιιι
811 1549 882 1628 orbe
896 1548 1008 1611 Lunari
1028 1548 1131 1610 ultimo
1146 1547 1306 1610 vestivisse
1321 1548 1449 1626 videtur,

104 1633 163 1714 quia
191 1653 258 1696 eam
287 1636 417 1700 volebat
439 1638 535 1700 instar
557 1637 639 1702 Solis
661 1657 743 1712 esse,
775 1645 807 1700 ιιι
830 1645 862 1701 et
883 1637 952 1717 ipse,
974 1636 1147 1699 ambiretur.
1193 1640 1380 1718 Argumento
1403 1648 1453 1702 est

102 1724 244 1803 proportio
268 1725 393 1788 mediae
417 1726 583 1789 distantiae
596 1728 700 1790 Lunae
724 1748 744 1788 a
766 1736 868 1792 centro
883 1727 994 1788 Terrae
1013 1727 1052 1787 ad
1071 1726 1327 1790 semidiametrnm
1339 1728 1451 1790 Terrae

102 1812 197 1874 eadem
220 1814 307 1889 lere,
334 1834 412 1896 quae
434 1816 551 1878 mediae
575 1815 737 1880 distantiae
760 1815 902 1879 Mercurii
924 1836 943 1878 a
965 1820 1068 1878 centro'
1092 1813 1173 1878 Solis
1196 1817 1233 1877 ad
1259 1816 1451 1882 semidiame-

102 1909 172 1964 uun
194 1900 288 1964 Solis.
338 1903 420 1966 Nam
442 1906 469 1966 si
490 1905 656 1968 Mercurius
680 1905 719 1967 ad
743 1904 846 1968 Solem
878 1913 962 1967 esset
993 1912 1027 1966 ut
1054 1905 1143 1968 Luna
1171 1913 1221 1968 est
1247 1906 1287 1967 ad
1316 1905 1449 1981 Terram,

101 1989 221 2054 distaret
253 1988 324 2058 435
359 1993 589 2056 semidiametris
617 1995 738 2058 Terras.
786 1993 969 2076 Copernicos
1002 1993 1091 2074 paulo
1124 1996 1192 2074 plus
1219 2002 1374 2072 numerat,
1408 2014 1451 2059 sc.

103 2074 216 2163 451Ἰ,,
242 2083 405 2162 quiescit,
431 2083 636 2163 quamvere?
658 2084 787 2146 Inferius
810 2093 943 2146 correcto
967 2083 1055 2145 modo
1080 2092 1166 2146 erunt
1187 2080 1261 2148 441.

181 2171 291 2252 Neque
317 2189 390 2234 vero
414 2173 604 2234 metuendum
626 2180 682 2248 est,
707 2193 745 2234 ne
768 2173 904 2235 Lunares
929 2173 1016 2242 orbes
1040 2194 1060 2234 a
1076 2172 1182 2235 vicinis
1207 2190 1362 2253 corporum
1381 2190 1453 2253 pro-

101 2259 285 2338 portionibus
311 2261 476 2341 compressi
499 2261 658 2325 elidantur.
704 2261 785 2346 Nam
809 2261 969 2324 absurdum
985 2268 1016 2322 et
1030 2271 1230 2324 monstrosum
1246 2270 1303 2337 est,
1327 2281 1454 2342 corporo

101 2347 168 2409 haec
190 2348 329 2412 numeria
352 2350 482 2431 quadam
504 2351 636 2420 vestita,
666 2369 746 2432 qnae
769 2350 866 2414 alieno
890 2350 1005 2430 corpori
1029 2351 1190 2414 transitum
1214 2370 1272 2413 uon
1294 2350 1450 2432 praebeat,

102 2436 127 2496 in
148 2439 265 2500 coelum
289 2440 452 2502 collocare.
491 2439 555 2503 Sed
577 2458 672 2520 neque
696 2441 733 2502 de
753 2439 892 2502 crassitie
907 2439 988 2501 orbis
1003 2439 1126 2502 Terreni
1140 2440 1341 2521 cogitandum,
1367 2440 1453 2521 quasi

102 2533 182 2588 tanta
204 2547 276 2590 esse
302 2528 422 2604 debeat,
446 2537 480 2590 ut
501 2529 651 2609 integram
669 2530 773 2591 Lunae
797 2529 957 2609 sphaeram
980 2527 1123 2605 includat,
1149 2549 1184 2592 ao
1207 2529 1331 2610 proinde
1346 2529 1451 2591 Lunae

102 2633 210 2694 quoque
236 2637 257 2678 a
281 2617 379 2680 Terre
407 2619 554 2681 distantia
574 2619 604 2701 in
628 2618 851 2699 proportionem
881 2619 959 2680 hano
988 2618 1095 2680 cadere
1124 2618 1243 2681 debeat.
1289 2619 1370 2681 Nam
1393 2618 1452 2681 etsi

104 2703 248 2768 orbiculus
273 2705 380 2768 Lunae
404 2725 496 2787 supra
518 2707 645 2770 Telluris
668 2707 769 2772 orbem
793 2708 938 2782 emineat,
965 2706 1036 2788 quid
1057 2707 1141 2770 illum
1162 2707 1346 2786 prohibebit,
1376 2725 1452 2789 quor

102 2792 191 2854 ninus
215 2795 402 2859 moveatur?
434 2794 511 2867 Quis
534 2815 605 2862 vero
629 2795 744 2873 didicit,
768 2817 807 2859 an
830 2796 949 2860 omnino
973 2795 1015 2858 ihi
1033 2796 1100 2858 siut
1122 2797 1234 2860 orbes?
1256 2795 1300 2858 Et
1321 2796 1352 2860 in
1366 2797 1450 2859 Mer-

101 2882 176 2944 curio
195 2885 263 2963 jam
288 2891 380 2950 antea
402 2884 546 2960 vidimus,
575 2904 632 2966 qno
660 2894 749 2964 pacto
773 2887 838 2966 ejus
862 2885 942 2949 orbis
966 2884 1083 2966 quidem
1107 2893 1207 2947 servet
1229 2885 1452 2966 proportionem

102 2973 243 3042 octaedri,
269 2973 335 3054 ipse
359 2992 430 3036 vero
454 2993 547 3055 usqne
571 2975 609 3037 ad
633 2975 771 3056 quadrati
786 2976 976 3039 altitudinem
994 2993 1087 3055 snpra
1109 2993 1195 3036 suum
1217 2975 1319 3054 orbem
1342 2990 1453 3084 ascen·

102 3059 158 3122 dat.
205 3060 301 3144 (Gap.
325 3061 431 3137 XVI.)

186 3149 253 3212 Sed
275 3159 311 3214 nt
333 3151 461 3234 deniqne
485 3171 630 3214 summam
654 3153 722 3215 huic
745 3151 865 3232 negotio
888 3171 1007 3214 manum
1030 3152 1197 3232 imponam,
1231 3157 1321 3231 utque
1349 3168 1452 3214 omnes

104 3237 232 3316 rideant,
258 3240 332 3304 nihil
356 3249 409 3304 aut
431 3254 535 3322 parum
557 3241 587 3304 in
611 3240 816 3323 parallsxibus
840 3241 959 3316 mutari,
983 3249 1098 3303 struem
1122 3260 1229 3304 novum
1248 3237 1399 3312 mundum,
1423 3245 1455 3302 et

102 3326 246 3408 incipiens
270 3351 290 3392 a
313 3349 429 3393 summa
452 3331 597 3394 distentia
615 3349 742 3406 sursum,
768 3330 806 3392 eb
825 3330 885 3392 irus
904 3331 1043 3394 deorsum
1060 3330 1244 3411 progrediar.
1290 3329 1454 3392 Assumam

104 3425 201 3479 autem
224 3419 305 3483 hanc
328 3419 518 3502 hypothesin,
544 3419 628 3500 qnasi
651 3419 806 3500 proportio
830 3419 1089 3482 eocentricitetnm
1111 3419 1151 3482 ad
1174 3419 1262 3482 orbes
1286 3426 1371 3482 certa
1393 3418 1453 3500 sit:

104 3515 133 3565 et
153 3506 274 3590 siquid
297 3509 329 3570 in
348 3527 462 3572 summa
480 3510 528 3571 vel
549 3509 611 3572 ima
631 3509 780 3572 distantia
803 3508 929 3589 alicujus
953 3508 1033 3572 orbis
1057 3509 1115 3570 erit
1136 3509 1333 3584 immutatum,
1358 3507 1455 3571 corri-

104 3596 289 3672 pometiam
312 3599 570 3661 eocentricitatem
592 3597 871 3678 proportionaliter:
896 3599 975 3679 quod
999 3617 1037 3660 au
1061 3605 1142 3660 recte
1167 3597 1288 3673 faciam,
1312 3595 1454 3659 conside-

107 3693 172 3744 rent
194 3685 341 3748 artifices.
385 3683 451 3749 Hoc
473 3688 561 3750 modo
585 3687 767 3750 constitutas
791 3687 954 3750 distantias
978 3687 1019 3749 ad
1040 3687 1169 3748 mediam
1183 3685 1311 3748 Telluris
1336 3685 1455 3748 distan-

104 3769 175 3834 tiam
197 3793 219 3837 a
240 3783 347 3837 centro
369 3776 506 3850 referam,
529 3776 618 3857 idque
648 3776 731 3852 ideo,
764 3775 834 3856 quia
865 3774 1049 3857 Gopernioos
1082 3794 1184 3838 omnes
1216 3775 1389 3856 parallexes
1418 3775 1457 3837 ad

105 3857 199 3924 locum
222 3861 306 3926 Solis
329 3864 456 3926 medinm
479 3865 726 3927 accommodavit.
774 3862 867 3945 (Cap.
887 3865 977 3940 XV.)

106 4044 154 4100 m
176 3950 242 4101 dSic
265 3951 360 4102 igitndr
383 3971 416 4014 se
439 3954 553 4016 hahent
575 3952 737 4016 distantiae
762 3961 794 4015 et
815 3954 1060 4018 eccentricitetes
1077 3951 1250 4034 Corpsrnici
1273 3951 1313 4014 ad
1334 3971 1457 4016 comec—
1527 4015 1534 4036 ,

198 4041 259 4103 icto
284 4059 384 4103 moe.

174 4143 334 4211 (Sequuntur
349 4147 452 4206 ιιιιιιιοιι,
469 4161 529 4213 quoe
547 4147 644 4198 exhibet
661 4139 763 4198 tabulae
781 4148 827 4198 snb
843 4147 918 4199 finem
931 4146 992 4212 Gap.
1006 4145 1054 4197 XV
1070 4147 1129 4198 ordo
1140 4147 1240 4232 ponnus,
1260 4147 1351 4199 addltls
1369 4159 1457 4198 eccen-

105 4214 318 4280 utcttatrhurw
337 4214 449 4278 tw,
468 4217 511 4268 22¹
529 4215 596 4275 40¹¹,
618 4217 657 4268 ll
677 4215 743 4282 ³0¹¹,
763 4215 802 4279 ι’,
822 4218 864 4270 11¹
884 4215 964 4282 22¹¹),
989 4217 1458 4294 pariternnrneriordiuistsrtilali·

105 4293 222 4350 cmm
240 4285 435 4354 rumperes.)

174 4427 241 4481 Delu
259 4431 348 4496 purgit
363 4429 497 4495 Keplsrur:

190 4534 258 4597 Hae
285 4533 448 4598 distantiae
471 4540 659 4626 convenienti
682 4540 800 4602 ιιιοιιοΙ
792 4559 822 4602 ιιι
846 4539 928 4602 sinus
960 4557 1124 4601 conversae
1152 4537 1286 4600 efficiunt
1311 4529 1458 4596 maximas

105 4622 325 4698 parallaxes‘
316 4642 352 4684 cn
383 4627 574 4705 superioribus
608 4613 777 4708 apogaeas,
812 4629 843 4690 in
876 4627 1065 4690 inferioribus
1099 4627 1305 4704 elongationes
1326 4618 1459 4681 omnium

106 4728 253 4860 3¹an
293 4729 403 4792 parum
431 4713 582 4780 “dmum
614 4717 849 4797 d¹⁸01‘epontes,
892 4737 946 4780 nec
974 4716 1033 4779 nisi
1065 4716 1094 4778 in
1127 4715 1226 4780 Marte
1264 4704 1459 4810 notabiliter,

161 4800 239 4861 icet·
310 4811 312 4816 ·

155 4900 374 4952 mml-
1232 4903 1248 4954 ²
