3542 5528
699 299 860 352 rumentum.
1411 299 1453 367 53

116 459 167 523 erit
186 479 247 523 cum
268 461 425 538 utilitate,
445 461 541 526 'rebus
558 461 622 542 jam
642 461 817 542 prostratis,
850 461 932 524 nulla
954 459 1027 524 mihi
1053 461 1111 524 uisi
1138 461 1226 525 valde
1250 461 1399 525 laboriosa
1421 472 1454 526 et

115 550 229 612 molesta
249 549 412 632 provincia
435 551 607 614 demandari
628 551 749 630 poterit,
774 551 891 632 qualem
915 551 1016 613 forsan
1041 557 1072 613 et
1090 552 1260 630 provisores
1279 551 1372 614 vestri
1396 551 1452 615 de-

115 647 251 702 trectant:
275 639 324 702 oui
350 660 473 721 operae,
498 640 524 702 si
546 640 640 704 miuus
664 659 720 720 ego
742 649 864 722 propter
887 640 1069 721 superbiam,
1094 649 1175 703 certe
1198 647 1319 722 propter
1341 641 1453 722 ingenii

114 729 320 792 volubilitatem
345 737 381 792 et
398 730 534 793 laborum
553 729 768 811 impatientiam
788 729 905 810 ineptus
924 749 1000 803 aum,
1024 729 1075 792 alii
1093 730 1204 792 rectius
1223 730 1450 794 adhibebuntur.

114 819 170 879 ll'ou
191 817 266 880 latet
287 819 481 899 inspectores
505 837 586 880 meos
611 837 659 881 res
682 819 762 881 ista:
787 839 879 902 eoque
899 820 941 893 lit,
966 827 1058 882 utne
1080 820 1198 902 quidem
1220 819 1452 902 cogitationibus

113 907 165 970 suis
185 925 230 970 me
253 906 412 972 destinent
435 907 586 972 laboribus
610 907 808 970 scholasticis.
847 907 978 988 Cupiunt
1000 927 1046 970 me
1070 909 1114 971 uti
1138 909 1193 971 hoc
1213 908 1274 971 otio
1293 927 1358 970 meo
1381 909 1451 990 phi-

18 1013 19 1016 ’
113 997 250 1076 losophioo
265 997 306 1058 ad
325 996 524 1060 illustrandas
539 997 712 1078 disciplinas
727 987 972 1060 mathematicas!
997 1004 1028 1059 et
1051 998 1076 1061 ai
1100 1011 1191 1078 penes
1215 999 1298 1078 ipsos
1318 999 1449 1074 steterit,

111 1103 246 1166 uunquam
269 1085 347 1148 mihi
376 1085 520 1149 salarium
547 1104 642 1148 meum
671 1086 873 1167 abrogabitnr.
921 1084 983 1148 Sed
1010 1085 1045 1148 fit
1070 1087 1179 1168 injuria
1205 1096 1384 1168 temporum,
1417 1096 1452 1150 ut

111 1175 159 1236 frui
179 1175 234 1236 bac
257 1175 396 1256 ipsorum
419 1175 532 1256 optima
554 1175 706 1238 voluntate
730 1175 779 1238 diu
802 1195 860 1238 nou
883 1176 1005 1255 poesim.
1039 1175 1152 1256 Siqua
1174 1178 1219 1239 vis
1243 1196 1281 1238 ex
1299 1177 1369 1238 aula
1391 1177 1450 1239 mi-

110 1264 200 1326 nistris
222 1281 384 1343 procerum
407 1264 531 1343 ingruit,
561 1264 588 1327 ei
614 1265 673 1345 ipsi
697 1283 811 1346 qnoque
834 1273 903 1328 snut
926 1264 1061 1340 obnoxii,
1088 1271 1206 1329 tantum
1233 1265 1321 1328 abest
1347 1273 1381 1328 ut
1403 1284 1450 1327 me

109 1354 270 1415 defendant.
319 1353 371 1414 Ex
394 1357 491 1417 altera
512 1361 598 1434 parte
627 1363 696 1416 aunt
719 1353 796 1416 inter
817 1372 974 1434 proceres,
1009 1354 1058 1435 qui
1090 1355 1167 1436 quod
1195 1354 1364 1418 academias
1392 1349 1455 1417 ad-¹

109 1443 205 1504 iverim
228 1441 404 1524 opinionem
426 1443 539 1504 habent
561 1443 744 1517 eruditionis,
770 1443 875 1523 quibus
893 1443 950 1505 hoc
968 1451 1106 1522 praestat
1130 1443 1295 1519 literatura,
1319 1451 1354 1506 ut
1376 1461 1450 1506 con·

108 1531 219 1594 identia
238 1532 373 1614 quadam
389 1539 512 1594 utantur
532 1531 564 1594 iu
587 1533 810 1594 contemnendis
833 1533 915 1594 hisce
938 1532 1159 1595 mathematicis
1183 1533 1447 1614 speculationibus.

108 1621 193 1682 Penes
215 1640 293 1702 quos
319 1641 388 1684 curn
412 1621 454 1683 sit
474 1621 518 1683 rei
541 1639 665 1698 summa,
690 1621 800 1696 nescio,
824 1640 912 1702 quam
936 1621 986 1683 diu
1005 1641 1052 1684 me
1071 1629 1207 1685 tutatura
1230 1623 1271 1686 ait
1293 1623 1448 1702 inspecto-

107 1729 160 1772 mm
183 1709 336 1773 autoritas
360 1718 466 1773 contra
488 1709 605 1772 illomm
627 1709 777 1786 invidiam,
802 1711 860 1792 qui,
884 1717 917 1772 ut
940 1709 1009 1773 olim
1027 1711 1191 1774 Florentiui
1214 1711 1448 1774 contraPhilel-

106 1800 195 1878 phum,
220 1801 265 1862 sio
290 1799 384 1862 hodie
407 1807 512 1862 contra
534 1819 581 1861 me
605 1800 768 1874 clamitant,
794 1802 841 1864 rel
865 1807 946 1862 certe
969 1801 1144 1876 mussitant,
1168 1819 1226 1864 non
1245 1803 1310 1882 jam
1332 1807 1449 1881 tempus

107 1907 164 1951 esse
190 1887 348 1964 discendi,
378 1889 433 1950 sed
460 1887 657 1968 belligerandi
665 1909 675 1964 ;
702 1889 777 1952 irem
803 1890 902 1968 potius
931 1889 962 1951 iu
986 1887 1193 1966 Germaniam,
1224 1909 1299 1972 quae
1322 1909 1381 1952 nou
1404 1889 1449 1952 ita

105 1987 247 2058 prematur
271 1977 492 2041 incursionibus
515 1977 659 2040 Turoiois.
706 1977 820 2050 Quibus
845 1979 979 2041 omnibus
1003 1978 1127 2059 aliisque
1151 1980 1188 2042 da
1212 1979 1310 2043 causis
1333 1979 1447 2060 opinor,

105 2077 270 2130 excusatam
295 2087 366 2130 esee
391 2068 469 2149 apud
493 2075 523 2129 te
545 2067 622 2130 bauo
645 2067 877 2148 inquietudinem
901 2075 931 2130 et
953 2067 1174 2149 impatientiam
1193 2089 1297 2132 meam.
1336 2067 1446 2144 Quare,

105 2166 133 2218 nt
152 2157 346 2230 concludam,
375 2176 511 2220 reversus
540 2157 578 2218 ad
604 2155 791 2238 principium,
821 2176 886 2219 cum
914 2175 973 2218 non
1000 2157 1099 2238 possit
1122 2177 1189 2220 esee
1213 2159 1351 2221 diuturna
1374 2159 1448 2220 baec

104 2263 164 2307 urea
184 2247 331 2320 conditio,
357 2245 491 2308 omnibus
515 2244 610 2307 modis
634 2268 653 2308 a
675 2253 705 2308 te
728 2253 814 2326 peto,
840 2253 874 2308 ut
896 2265 985 2326 super
1007 2247 1064 2308 hac
1086 2266 1152 2309 mea
1174 2265 1318 2330 perquam
1339 2265 1447 2310 neces-

104 2336 176 2396 saria
198 2335 423 2398 consultatione
448 2334 519 2397 mihi
543 2335 632 2397 animi
654 2334 698 2396 tui
721 2354 811 2397 sensa
835 2336 970 2415 aperias:
995 2343 1083 2419 teque
1102 2335 1198 2417 ipsum
1220 2337 1356 2417 fingendo
1380 2354 1446 2399 meo

104 2424 128 2486 iu
141 2423 203 2486 loco
218 2425 402 2499 constituas,
427 2417 467 2500 el,
493 2423 563 2506 quid
578 2430 610 2486 tu
626 2425 759 2486 iactnms
775 2424 1004 2505 demigratione
1021 2445 1115 2500 esses,
1139 2427 1262 2488 indices.
1301 2427 1446 2489 Tutumue

104 2513 139 2574 sit
160 2520 190 2575 et
212 2514 390 2595 expeditum
413 2521 445 2576 et
467 2533 533 2576 cnm
555 2532 609 2593 spe
631 2512 825 2593 promotionis
849 2514 996 2589 futurum,
1032 2515 1059 2576 si
1092 2514 1258 2596 Tubingam
1289 2535 1335 2578 me
1372 2534 1446 2578 con-

105 2601 207 2675 teram:
239 2624 279 2665 an
314 2609 454 2684 praestet
482 2603 512 2664 iu
545 2602 636 2665 aliam
667 2601 794 2672 transire
827 2602 1035 2665 academiam?
1080 2602 1114 2666 Si
1142 2605 1238 2667 miuus
1267 2613 1367 2666 cetera
1390 2605 1446 2666 huc

105 2691 239 2754 facientia
262 2691 304 2754 ad
329 2711 378 2754 me
399 2691 445 2754 vie
467 2691 660 2772 perscribere,
683 2709 810 2771 parcens
826 2693 954 2754 fortasse
974 2691 1101 2771 privatis
1125 2693 1273 2774 aliquibus
1297 2701 1349 2755 aut
1372 2713 1445 2756 aca-

104 2779 209 2842 demiae
233 2781 315 2857 toti,
340 2787 394 2842 aut
417 2781 574 2843 consulens
599 2798 774 2842 arcanorum
797 2781 1015 2844 conscientiae:
1048 2788 1080 2843 at
1103 2781 1155 2844 illa
1178 2781 1315 2863 vulgaria
1337 2781 1444 2856 scribe,

104 2869 173 2948 quod
193 2871 330 2952 pretinm
351 2869 422 2944 vini,
448 2869 600 2943 frumeuti,
625 2870 675 2950 qui
697 2877 880 2932 commeatus
904 2869 1090 2950 cupediarius
1115 2872 1187 2944 (nou
1211 2871 1289 2933 euim
1311 2869 1447 2932 assuevit

102 2975 168 3020 uxor
188 2979 258 3022 mea
282 2959 363 3020 labis
386 2959 539 3032 victitare)
563 2958 612 3039 qui
634 2958 738 3021 modus
767 2960 1021 3022 conducendarnm
1048 2959 1179 3034 aedium,
1208 2965 1240 3021 et
1266 2958 1296 3021 in
1324 2977 1443 3039 genere,

103 3056 203 3128 quanto
226 3056 333 3110 sumtu
355 3047 419 3110 vita
442 3055 568 3130 quatuor
589 3048 638 3110 vel
664 3047 790 3130 quinque
818 3049 967 3112 homiuum
994 3048 1158 3130 vulgariter
1180 3047 1209 3110 in
1233 3066 1341 3110 aunum
1363 3049 1443 3110 tolc-

103 3137 197 3199 retur?
234 3137 298 3199 Hic
321 3146 388 3199 osto
411 3137 597 3200 necessarius
621 3137 823 3218 responsionis
846 3148 916 3201 tuae
940 3157 1059 3218 scopus.
1105 3137 1156 3200 Ad
1179 3144 1280 3200 cetera
1304 3135 1445 3199 nonnisi

103 3225 281 3313 parotium.
313 3225 441 3308 Jamque
464 3227 586 3289 taudem
603 3228 681 3301 vale,
705 3234 736 3289 et
757 3225 803 3290 Ol.
824 3227 866 3290 V.
881 3228 919 3290 D.
938 3225 1066 3291 Gellium
1089 3227 1208 3288 affinem
1230 3247 1327 3290 meum
1349 3228 1445 3289 hono-

103 3313 175 3377 rifice
198 3315 314 3377 saluta.
357 3316 391 3378 In
415 3334 523 3395 genere
546 3333 617 3377 vero
641 3334 688 3377 me
712 3316 846 3378 omnibus
871 3317 995 3397 collegis
1020 3317 1203 3378 commenda.

187 3401 237 3470 19.
265 3399 320 3468 29.
343 3406 422 3486 Aug.
447 3399 499 3468 99.
713 3405 750 3467 Η.
775 3391 811 3466 Τ.
859 3405 944 3468 Grat.
969 3405 1131 3486 discipulus

163 3582 299 3646 Nuuciua
321 3582 352 3644 in
375 3581 524 3645 mandatis
548 3589 579 3645 et
601 3587 671 3644 ante
689 3581 793 3645 babuit
812 3583 853 3657 (si
865 3583 1035 3664 postulatus
1054 3492 1193 3658 ruissoli,
1211 3492 1250 3646 ab
1259 3491 1444 3664 ᾱῇφξέῒοι,

106 3671 138 3732 de
159 3680 231 3755 typo
255 3671 475 3748 satisfaciendi,
499 3691 566 3734 cum
588 3671 751 3753 gratiarum
774 3673 902 3735 actione.
939 3673 976 3736 Id
998 3673 1149 3754 negotium
1171 3671 1260 3735 unica
1282 3672 1444 3736 monition-

107 3761 167 3822 cula
188 3779 367 3842 promovere
389 3767 484 3842 potes.

171 3921 210 3972 sd
228 3921 293 3972 haec
313 3919 503 3972 ldsestliuus
520 3919 646 3984 respondit
663 3920 761 3970 densum
779 3919 802 3969 d.
825 3916 926 3979 ibib.
944 3920 1002 3972 Jan.
1021 3917 1105 3970 stou:
1133 3919 1254 3988 Magnum
1271 3921 1386 3986 mihique,
1406 3922 1448 3987 qul

107 3991 212 4052 politiam
230 3993 299 4044 nullo
317 3992 390 4043 modo
408 4007 470 4050 suus,
488 3991 634 4056 impossibile
651 3990 815 4056 respondendi
833 3991 983 4054 postulatum
999 3993 1141 4056 imposuisti.
1173 3993 1205 4042 D.
1225 3992 1257 4042 D.
1278 3987 1401 4043 Gerlachii
1419 3998 1446 4043 et

107 4060 265 4114 flsieurefferi
284 4063 412 4114 consilium
430 4069 475 4121 est,
495 4069 523 4113 ut
540 4077 583 4127 por
599 4062 705 4112 libellum
724 4062 856 4128 supplicem
870 4063 1059 4114 illustrissimum
1072 4071 1181 4114 nostrum
1199 4064 1230 4114 de
1248 4079 1361 4130 regressu
1379 4064 1445 4115 eolli-

107 4135 199 4192 eiures,
217 4136 301 4185 lorsau
315 4137 336 4186 is
350 4135 446 4186 deloco
464 4135 598 4184 clementer
614 4135 751 4198 prospiciet.
780 4133 917 4184 Ceuseutii
935 4137 1091 4185 instrumenti
1108 4149 1152 4184 seu
1171 4135 1249 4198 operis
1267 4135 1445 4192 mathematici,

106 4219 146 4266 per
161 4207 225 4270 quod
242 4207 304 4270 Ejus
323 4206 407 4258 Celsit
425 4207 552 4256 innotuisti
569 4202 637 4268 (ride
654 4203 730 4266 iutra)
754 4206 807 4256 lieri
824 4219 895 4269 possa
912 4209 1069 4256 mentionem.
1107 4205 1210 4256 Utinam
1232 4208 1401 4271 prudentiores
1420 4211 1446 4257 et

106 4276 129 4325 in
143 4277 214 4328 rebus
226 4279 333 4344 politicis
345 4279 546 4344 intelligentiores
565 4291 638 4342 quam
654 4293 694 4327 me
711 4277 882 4334 consuluisses,
901 4279 960 4342 quia
971 4293 1027 4329 vere
1039 4278 1170 4328 infantiam
1182 4277 1223 4328 hic
1234 4292 1316 4328 meam
1329 4292 1445 4344 agnosco.

171 4349 297 4401 immenti
321 4353 426 4416 pretium
449 4349 514 4414 apud
537 4363 582 4398 nos
605 4355 656 4398 est:
683 4348 820 4400 medimnus
846 4350 900 4414 plus
924 4351 1051 4414 minusque
1077 4350 1092 4398 5
1115 4349 1139 4398 ll.
1166 4355 1279 4408 coustats
1307 4364 1370 4400 urna
1395 4347 1445 4396 riui

110 4415 205 4469 l2-li
224 4423 322 4472 circiter
338 4422 444 4472 florenis.
472 4420 511 4470 De
530 4422 617 4471 ceteris
635 4420 699 4469 malo
712 4420 792 4478 silere,
811 4435 885 4486 quam
902 4421 984 4484 inepte
1002 4421 1158 4485 respondere,
1175 4421 1233 4485 quia
1251 4420 1281 4470 de
1299 4418 1444 4470 victualibus

108 4489 236 4542 rudioribus
249 4499 276 4543 et
286 4493 463 4560 vulgariorlbus
474 4492 515 4541 rlx
526 4493 657 4557 quidquam
669 4492 734 4549 nori,
752 4491 843 4541 nedum
855 4492 885 4541 de
897 4492 1054 4550 lautioribust
1073 4495 1108 4542 sic
1121 4491 1335 4542 conducendorum
1347 4489 1444 4539 aedium

109 4563 221 4614 salinum
239 4565 314 4628 plane
332 4567 426 4630 ignoro.
466 4563 521 4614 Hoc
539 4565 608 4621 scio,
627 4563 805 4626 quodpropter
823 4559 839 4610 5
857 4563 978 4627 principes
996 4563 1124 4629 pluresque
1142 4564 1246 4614 barones
1265 4569 1290 4612 et
1308 4561 1381 4615 alios,
1401 4556 1442 4619 qui

110 4631 144 4682 lie
162 4634 261 4700 degum,
279 4649 375 4702 magna
391 4637 423 4686 sit
440 4635 606 4700 plerorumque
618 4634 760 4686 ricmalinm
777 4636 887 4699 penuda.
917 4633 999 4695 Quare
1017 4649 1067 4684 uon
1081 4640 1131 4692 est,
1149 4640 1178 4684 ut
1194 4632 1316 4682 nonnullis
1334 4627 1442 4693 privatis·
1514 4641 1516 4646 ·

111 4711 151 4752 sut
167 4707 210 4756 toti
221 4707 333 4766 scholae,
352 4709 402 4757 sive
415 4720 559 4758 manorum
571 4707 746 4763 conscientiae,
765 4713 792 4756 ut
810 4707 901 4766 scribis,
921 4705 1055 4762 consulam,
1074 4705 1118 4755 aed
1135 4719 1192 4754 mea
1208 4702 1315 4752 tutantia
1331 4699 1358 4748 iu
1375 4697 1442 4746 hisce

111 4775 207 4828 arans
224 4795 275 4830 acu
292 4779 361 4835 sinit,
380 4792 443 4843 quae
460 4777 577 4842 postulas.
615 4776 721 4827 Obsecro
740 4792 806 4842 ergo,
824 4785 852 4828 ut
870 4792 902 4828 ea
917 4791 967 4828 nou
985 4775 1123 4836 offendaris,
1142 4774 1186 4826 sed
1204 4775 1253 4822 ists
1270 4771 1301 4820 sb
1320 4768 1383 4824 ollis,
1401 4767 1442 4832 qui

112 4846 197 4908 pollh'tl
211 4853 294 4916 magis
312 4853 384 4907 snut,
404 4855 503 4914 expetas
521 4849 582 4900 scire
600 4845 645 4899 &a
