3628 5518
280 177 346 251 264
657 193 662 202 ’
830 181 954 250 spamae
970 180 1093 246 naemu

280 339 399 421 oipnam
433 339 525 403 etiam
554 339 690 404 fraudem
721 340 908 405 committat:
942 340 1041 404 visum
1068 349 1118 405 est
1148 341 1300 422 peculiare
1328 349 1422 424 eaput
1452 341 1483 404 in
1507 361 1548 404 ea
1570 360 1643 406 con-

281 448 418 493 sumere:
451 429 481 491 in
505 429 592 508 cujus
615 429 701 492 initio
734 449 810 510 qnae
837 430 874 492 de
897 430 1061 511 Apollonio
1096 429 1183 494 nobis
1212 438 1356 516 censmnt
1384 451 1423 494 ex
1450 431 1509 494 lide
1543 429 1644 510 dignis

282 516 454 582 auctoribus
473 517 688 598 judicabimos3
712 527 821 599 postea
844 537 941 600 nugas
956 519 1028 584 Ursi
1052 539 1120 583 cnm
1143 519 1204 582 illis
1228 522 1427 584 censeremus.

870 760 1055 771 uu—-u—-a—nn

853 960 974 1060 Caput
998 960 1066 1036 ΠΙ.
1127 941 1130 947 ’
1202 931 1203 936 ¹

414 1133 536 1200 Nullos
558 1145 684 1202 cosdore
705 1135 872 1222 Apollonii
894 1139 1036 1222 Pergeci
1057 1139 1243 1224 opponeres
1264 1138 1503 1202 aemesam.

370 1294 461 1367 Quod
482 1295 513 1359 in
536 1297 740 1360 architectura
762 1317 818 1362 usu
841 1298 933 1375 venit,
958 1305 991 1362 nt
1015 1319 1072 1363 nen
1096 1318 1135 1361 ex
1149 1317 1208 1361 nna
1222 1299 1342 1361 officina
1363 1304 1506 1377 petantur
1530 1297 1645 1370 omnia,

281 1384 360 1458 calx,
383 1394 585 1462 caementum,
610 1386 702 1461 clavi,
727 1407 833 1462 serae,
863 1387 1031 1462 fenestrae,
1063 1408 1118 1450 nec
1142 1388 1221 1450 idem
1245 1387 1430 1449 architectus
1454 1393 1486 1448 et
1509 1383 1646 1466 lapicida

280 1473 321 1537 sit
352 1481 384 1536 et
406 1473 552 1554 lignarius
580 1482 612 1538 et
635 1475 776 1538 lerrarins
804 1483 836 1538 et
859 1478 1040 1540 amularius:
1055 1549 1057 1552 ¹
1073 1477 1153 1539 idem
1172 1485 1204 1538 et
1233 1477 1263 1539 in
1292 1474 1494 1539 astronomiae
1518 1473 1644 1554 negetie

279 1562 452 1626 usuvenit.
498 1563 619 1628 Etenim
643 1565 694 1646 qui
716 1562 797 1627 emni
819 1565 911 1628 animi
934 1567 1118 1648 cogitatione
1142 1566 1172 1628 in
1187 1565 1217 1628 id
1240 1565 1374 1628 letemus
1393 1573 1450 1639 est,
1474 1571 1510 1625 ut
1533 1582 1572 1624 ex
1595 1563 1642 1638 iis,

280 1672 356 1734 qnae
380 1652 410 1714 in
435 1655 519 1716 coele
543 1654 670 1717 diversis
695 1653 881 1734 temporibus
905 1656 1056 1732 eveniunt,
1082 1655 1341 1736 argumentatione
1365 1652 1519 1725 derivata,
1544 1651 1644 1734 hype-

280 1741 384 1804 theses
408 1741 527 1824 aliqnas
554 1743 656 1806 mundi
690 1743 818 1806 formam
842 1744 1045 1825 exprimentes
1070 1743 1254 1819 constituat,
1287 1744 1367 1805 hunc
1390 1741 1552 1803 architecti
1576 1742 1643 1804 lece

280 1832 392 1895 habeo:
427 1832 510 1912 cnjus
535 1833 655 1914 quidem
678 1839 766 1894 tauta
791 1839 839 1896 est
861 1834 1034 1914 occupatio,
1068 1841 1102 1896 ut
1120 1832 1306 1913 impossibile
1330 1831 1386 1908 sit,
1417 1829 1517 1910 ipsum
1542 1831 1644 1892 emnia

280 1941 300 1982 a
322 1941 355 1984 se
379 1919 446 2000 ipse
468 1929 584 2003 petere.
630 1919 754 2000 Accipit
777 1920 869 2002 igitur
883 1920 1112 1986 observationes
1135 1919 1230 2002 ipsas,
1254 1921 1302 1982 vel
1322 1939 1425 1982 omnes
1449 1919 1498 1983 vel
1521 1919 1643 2000 aliquas

281 2011 320 2072 ab
344 2009 432 2084 aliis;
457 2017 536 2086 sent,
562 2010 612 2091 qui
635 2010 756 2072 tabulas
780 2010 824 2072 illi
844 2018 1023 2074 construant
1044 2011 1111 2074 ueni
1125 2011 1298 2093 quotidiano
1313 2007 1513 2072 necessarias.
1552 2007 1643 2071 Alius

283 2097 491 2165 arithmeticen
515 2099 688 2180 praeceptis
717 2100 818 2162 clarus
851 2099 985 2163 nonnihil
1018 2100 1112 2163 habet
1141 2100 1172 2162 in
1196 2119 1253 2162 sua
1275 2097 1472 2178 supellectili,
1507 2098 1587 2178 qnod
1613 2097 1642 2158 in

281 2207 367 2250 sunm
401 2207 487 2250 usum
520 2186 633 2268 seligat
655 2187 777 2251 artilex.
823 2188 913 2252 Alius
936 2190 1080 2270 operandi
1107 2209 1163 2269 per
1185 2206 1324 2252 numeros
1355 2185 1533 2266 compendia
1556 2203 1642 2248 eom-

281 2275 463 2350 miniscitur‚
498 2275 575 2338 alins
606 2276 775 2340 doctrinam
798 2275 915 2340 sinuum
939 2279 1102 2342 artificiose
1126 2278 1234 2353 tradit,
1270 2276 1347 2338 alius
1375 2275 1530 2354 triangula
1553 2274 1643 2337 docet

281 2365 443 2427 aestimare
470 2364 598 2431 facilins.
644 2365 781 2446 Denique
805 2373 890 2442 sunt,
916 2367 965 2447 qui
989 2367 1180 2448 georeetricis
1203 2365 1399 2448 problematis
1423 2365 1640 2426 demonstran-

282 2455 329 2517 dis
353 2453 487 2516 laberem
514 2453 690 2536 principalis
714 2454 839 2518 artificis
869 2475 927 2518 nen
951 2456 1141 2520 mediocriter
1171 2454 1339 2519 sublevant.
1387 2453 1430 2515 Et
1458 2460 1577 2527 tamem
1610 2459 1643 2515 ut

281 2542 332 2624 qui
355 2542 459 2606 claves
483 2543 580 2619 ondit,
606 2543 754 2608 fenestras
777 2545 940 2622 construit,
969 2545 1085 2630 lapides
1108 2546 1288 2625 imperatum
1311 2543 1341 2606 in
1366 2544 1493 2606 formam
1517 2541 1641 2610 excidit.

280 2650 339 2694 nen
372 2631 441 2694 ideo
473 2640 522 2695 est
544 2633 700 2696 habendus
727 2651 781 2713 pre
804 2633 987 2710 architecte,
1022 2634 1081 2696 etsi
1109 2635 1174 2714 ejus
1198 2651 1290 2714 opera
1321 2633 1416 2696 utitur
1445 2631 1641 2704 architectus,

281 2721 445 2801 demusque
469 2728 622 2785 stmetura
637 2741 694 2784 non
709 2721 787 2798 huic,
813 2721 867 2784 sed
884 2722 1050 2786 architecte
1067 2723 1265 2786 adscribitur:
1289 2721 1336 2784 ita
1350 2729 1381 2784 et
1395 2721 1426 2782 in
1445 2719 1643 2794 astronomia,

280 2828 339 2872 nen
364 2810 435 2890 quia
457 2818 648 2874 astronomus
671 2811 735 2873 sine
750 2812 916 2892 geometria
939 2819 972 2874 et
985 2811 1185 2886 arithmetica,
1208 2811 1337 2891 geminis
1358 2809 1426 2886 alis,
1450 2817 1644 2872 astronomus

281 2917 349 2961 esse
382 2915 441 2960 nen
472 2907 594 2980 petest,
627 2907 792 2980 prepterea
824 2899 929 2962 statim
957 2909 1149 2964 astronomus
1179 2910 1246 2975 est,
1284 2899 1334 2980 qui
1359 2899 1455 2961 benus
1485 2903 1646 2978 geometra

282 2988 435 3068 bonusque
460 2997 508 3050 est
531 2988 753 3050 arithmeticus:
788 3008 843 3051 nec
867 2989 893 3051 si
918 2990 984 3069 quis
1008 2989 1147 3053 doctrina
1179 2989 1395 3070 triangulorum
1425 2986 1541 3051 tradita
1566 2986 1644 3048 arti-

281 3077 367 3140 ficem
390 3077 420 3138 in
444 3077 608 3140 condendis
632 3077 744 3139 tabulis
768 3078 887 3158 egregie
907 3078 1001 3158 juvit,
1033 3087 1195 3159 propterea
1226 3077 1396 3140 tabulamm
1418 3077 1467 3158 vel
1489 3075 1643 3158 hypothe-

285 3167 361 3228 sium
377 3174 555 3228 auctorest.
601 3165 688 3228 Haec
703 3185 771 3228 cum
794 3167 839 3228 ita
862 3185 895 3228 se
919 3166 1062 3242 habeant,
1086 3167 1282 3229 vehementer
1300 3165 1386 3228 initio
1401 3165 1500 3239 mirer,
1527 3163 1643 3244 Apel-

187 3309 189 3318 ,
282 3254 383 3316 lenio
400 3253 527 3318 abUrse
539 3254 629 3317 tribui
639 3255 823 3336 hypotheses
839 3257 1057 3319 astronomicas
1066 3255 1243 3335 peculiares,
1269 3254 1328 3336 qui,
1345 3255 1423 3336 qued
1438 3254 1645 3316 astronomica

281 3341 401 3417 attinet,
427 3343 642 3405 nihilomnino
667 3343 811 3424 seriptum
844 3339 964 3425 reliquit
990 3353 1113 3426 praeter
1135 3344 1351 3426 geometricum
1374 3342 1530 3424 problema
1554 3345 1642 3422 (pre-

282 3430 415 3494 fessiene
438 3451 567 3514 namque
590 3441 746 3512 geometra
770 3433 858 3508 init),
889 3451 946 3514 que
971 3433 1164 3496 Ptolemaeus
1192 3435 1224 3496 in
1247 3433 1430 3496 stationibus
1448 3431 1643 3511 planetarum

282 3520 534 3595 demonstrandis,
560 3522 589 3584 in
614 3531 701 3601 parte
724 3541 830 3602 nempe
856 3521 961 3585 domus
981 3517 1163 3600 exemanda,
1187 3542 1259 3584 uses
1278 3531 1337 3584 est.
1383 3521 1427 3585 Ut
1450 3528 1553 3583 antem
1576 3519 1643 3582 ela-

283 3609 402 3671 tissime
425 3617 540 3689 pateat,
566 3610 636 3691 quid
651 3611 833 3690 Apollonius
856 3611 1119 3686 demonstraverit,
1144 3611 1215 3691 qnid
1238 3629 1310 3673 vere
1329 3611 1427 3674 Ursus
1450 3608 1644 3672 seeumssime

283 3697 447 3773 fabuletur,
480 3717 537 3776 age
565 3705 662 3760 tetam
685 3698 750 3779 ejus
773 3699 969 3762 intentionem
1002 3700 1125 3762 electe
1149 3719 1219 3777 suo,
1253 3719 1295 3762 se.
1329 3699 1544 3762 ePtelemaee
1570 3699 1644 3778 (qne

283 3785 394 3859 misse,
429 3786 508 3864 qnod
532 3786 725 3849 vehementer
746 3787 852 3860 mirer,
885 3789 981 3852 Ursus
1010 3790 1048 3850 ad
1072 3789 1200 3852 rivulum
1232 3787 1301 3850 inde
1324 3789 1499 3862 deductum,
1534 3806 1580 3849 ac.
1604 3786 1644 3848 ad

282 3869 481 3953 Gepemieum
504 3877 665 3955 provocat)
689 3874 719 3936 in
744 3875 797 3938 has
822 3878 958 3958 pagellas
982 3872 1185 3940 deridebimus
1209 3884 1242 3940 et
1263 3885 1505 3957 transponamus.
1543 3875 1642 3955 Equi-

281 3961 351 4022 dem
382 3963 459 4041 qued
482 3962 594 4040 Ursus,
629 3964 712 4028 nulla
733 3965 900 4028 Ptolemaei
932 3967 1082 4029 mentione
1115 3968 1212 4040 lacta,
1247 3965 1295 4047 qni
1320 3965 1487 4029 clarissime
1511 3973 1643 4028 mentem

280 4049 436 4129 Apollonii
459 4053 608 4132 exposuit,
632 4053 662 4116 in
678 4051 856 4134 Cepernice,
881 4055 931 4135 qui
950 4053 1104 4118 obscurius
1118 4074 1181 4118 rem
1196 4055 1348 4134 exprimit,
1372 4072 1512 4136 magnum
1532 4073 1644 4116 causae

228 4135 233 4145 '
281 4138 464 4218 praesidium
488 4141 581 4220 penit,
607 4139 637 4202 id
661 4141 807 4221 ejusmodi
832 4151 893 4219 est,
927 4151 961 4207 ut
988 4162 1128 4224 magnam
1152 4144 1353 4224 suspicionem
1383 4143 1529 4218 concitet,
1563 4162 1643 4205 nnn-

281 4245 371 4307 quam
393 4227 593 4314 visumlUrse
619 4229 839 4302 Ptolemaeum,
869 4232 923 4294 sed
952 4232 1091 4295 extitisse
1113 4234 1290 4296 monitorem
1314 4232 1460 4314 aliquem,
1490 4231 1540 4312 qni
1564 4231 1643 4294 Urso

280 4314 457 4395 subjiceret,
482 4319 544 4379 tale
569 4319 638 4402 qnid
661 4318 814 4398 Apollonii
838 4321 995 4400 problema
1017 4340 1132 4402 sapere,
1154 4322 1257 4402 qualia
1280 4321 1431 4404 Tychenis
1453 4322 1485 4383 in
1508 4340 1542 4383 se
1567 4339 1642 4382 ceu-

279 4404 379 4466 tinent
401 4403 595 4486 hypotheses,
620 4413 652 4468 et
675 4407 749 4470 illud
773 4409 892 4488 quidem
906 4409 1063 4489 problema
1077 4410 1254 4489 bipartitum
1268 4429 1347 4472 esse.
1395 4411 1527 4472 Tantum
1551 4407 1641 4484 enim,
1716 4411 1722 4418 ”

279 4511 335 4554 nee
358 4493 446 4572 plura
459 4513 524 4557 mco
547 4493 739 4558 distinctiora
751 4497 848 4561 Ursus
872 4498 909 4558 de
929 4498 1103 4578 Apollonio,
1128 4518 1195 4562 eum
1217 4499 1293 4561 haee
1317 4498 1474 4572 scriberet,
1498 4498 1641 4574 sciverat

281 4577 344 4642 Sed
367 4581 407 4643 ad
429 4581 647 4648 Ptolemaeum.
695 4583 771 4647 (lum
800 4604 837 4646 ex
861 4591 963 4647 aetate
993 4585 1024 4649 in
1047 4606 1156 4666 magno
1184 4587 1283 4667 pretio
1306 4596 1411 4649 essent
1437 4587 1641 4667 geometricae

280 4666 561 4747 demonstrationes,
588 4682 619 4734 et
642 4672 727 4734 flocci
749 4673 951 4754 penderentur
972 4674 1021 4736 vel
1045 4676 1237 4738 mechanicae
1252 4675 1470 4757 descriptiones
1494 4675 1545 4738 rel
1566 4695 1639 4760 pre·
