3718 5520
278 273 345 342 430
486 297 497 312 ·
836 277 1076 334 Demoanassa
1160 233 1162 238 Ι

278 435 440 498 similium:
465 453 500 497 eo
525 433 587 500 iere
612 432 719 513 modo,
754 453 813 518 quo
844 437 980 499 videmus
1003 435 1033 498 in
1056 435 1223 499 visceribus
1248 435 1378 499 bominis
1400 437 1501 498 omnia
1524 433 1643 518 quidem

279 523 442 607 purgantia
464 525 679 590 commotiones
702 526 856 589 humorum
881 525 1009 602 efficere,
1036 526 1090 588 sed
1113 526 1289 607 specialiter
1310 523 1527 590 rbabarbamm
1555 523 1641 586 bllis:

280 619 367 688 (nam
396 633 472 694 quae
501 615 630 678 facultas
655 615 839 696 geometriae
863 633 961 695 capax
984 621 1047 691 est,
1084 633 1143 677 nou
1171 615 1214 677 sit
1240 615 1294 678 illa
1323 615 1434 678 coloris
1458 613 1643 697 aliarumque

279 705 310 764 iu
333 702 427 765 radiis
451 704 677 782 qualitatuml)
700 703 859 785 potissima
882 711 983 766 tamen
1008 702 1143 766 varietas
1167 711 1216 766 est
1238 705 1276 766 ab
1299 703 1366 784 ipsa
1390 721 1561 784 corporum,
1593 702 1642 765 in·
1711 760 1716 770 .

278 791 384 872 primis
409 792 541 869 Terrae,
566 793 782 874 dispositione:
815 812 904 873 quam
934 791 1002 854 aliis
1025 793 1163 874 partibus
1187 793 1313 875 aliisque
1340 792 1527 873 temporibus
1549 791 1643 854 habet

281 881 384 944 aliam.
419 878 549 951 Quando
572 884 660 960 enim,
685 883 814 962 exempli
839 901 940 957 causa,
965 899 1055 944 verno
1080 889 1213 962 ternpore
1237 882 1377 944 humores
1399 883 1430 944 in
1455 881 1642 962 septentrio-

280 970 343 1033 nali
365 971 477 1032 Terrae
501 973 683 1047 medietate,
713 979 835 1051 propter
858 970 940 1033 Solis
965 989 1139 1048 accessum,
1174 972 1211 1033 de
1240 991 1297 1052 quo
1324 989 1435 1052 supra,
1470 968 1641 1045 abundant,

280 1070 351 1122 tunc
383 1060 432 1122 vel
464 1060 635 1124 levissimus
665 1069 807 1142 aspectus
847 1077 1087 1142 quommcunque
1120 1061 1310 1141 planetarum
1351 1059 1530 1124 facultatem
1558 1057 1643 1122 illam

280 1149 392 1211 Terras
417 1149 559 1222 concitat,
584 1158 619 1213 ut
641 1169 708 1214 sese
733 1157 931 1224 commoveat,
957 1156 988 1211 et
1010 1150 1129 1230 copiam
1153 1149 1284 1232 aliquam
1303 1168 1450 1230 vapomm
1469 1149 1509 1211 ad
1529 1147 1641 1212 imbres

281 1239 525 1318 progenerandos
550 1239 688 1303 exsudet.
734 1239 807 1301 Alio
830 1245 965 1319 tempore
995 1239 1045 1300 vel
1073 1239 1139 1301 loco
1172 1247 1314 1318 aspectus
1344 1239 1433 1319 longe
1459 1236 1642 1300 fortissimus

282 1328 407 1390 Terram
431 1327 551 1408 quidem
575 1330 722 1405 stimulat,
747 1329 801 1390 sed
824 1335 949 1408 propter
971 1326 1116 1389 materiae
1141 1328 1291 1390 defectum
1312 1346 1420 1410 parum
1444 1325 1537 1391 elicit.

831 1416 962 1478 Thesis
985 1416 1085 1478 XLV.

373 1503 441 1576 Quo
465 1506 532 1568 loco
556 1505 752 1585 concipienda
775 1512 825 1566 est
856 1505 918 1566 alia
950 1505 1072 1584 insuper
1108 1505 1234 1567 necdum
1268 1505 1391 1584 cognita
1419 1523 1526 1568 causa:
1556 1503 1641 1584 cujus

284 1595 435 1674 ignoratio
458 1594 683 1674 praedictiones
708 1595 929 1674 astrologorum
952 1593 1144 1656 vehementer
1166 1593 1277 1656 turbat.
1310 1593 1391 1656 Nam
1413 1601 1448 1657 ut
1470 1593 1500 1656 iu
1523 1593 1641 1654 homine

281 1691 351 1746 sunt
384 1685 532 1763 quaedam
563 1684 718 1746 hnmomm
749 1683 882 1763 periodi,
916 1701 992 1764 quae
1017 1683 1164 1760 efficiunt,
1198 1691 1232 1744 ut
1261 1682 1349 1744 homo
1372 1691 1496 1764 praeter
1518 1699 1641 1744 causam

282 1773 452 1834 evidentem
474 1773 579 1835 crebro
603 1773 633 1834 in
657 1773 788 1853 aliquem
812 1773 952 1834 affectum
980 1780 1135 1834 vertatur:
1168 1773 1317 1834 interdum
1350 1773 1398 1834 vel
1431 1772 1495 1834 sine
1527 1770 1642 1832 musica

282 1862 324 1923 sit
345 1861 464 1936 hilaris,
498 1881 615 1924 rursum
646 1863 728 1924 nulla
758 1860 911 1922 suavitate
941 1881 960 1922 a
982 1860 1120 1923 tristibus
1145 1860 1379 1940 cogitationibus
1402 1859 1500 1923 averti
1522 1859 1640 1940 possit:

283 1951 321 2011 ad
345 1949 472 2012 eundern
496 1951 585 2029 plane
604 1951 726 2013 modum
742 1949 940 2030 deprehendo,
962 1957 1085 2028 praeter
1102 1956 1244 2030 aspectus
1265 1968 1331 2011 esse
1358 1949 1435 2016 alias
1454 1956 1488 2011 et
1502 1948 1640 2010 fortiores

283 2040 439 2120 magisque
464 2039 616 2101 durabiles
640 2059 765 2114 causas,
792 2057 867 2120 quae
892 2038 1041 2114 efficiunt,
1065 2047 1100 2100 ut
1121 2040 1239 2119 integer
1263 2037 1370 2120 aliquis
1394 2057 1504 2112 annue,
1528 2045 1640 2119 quanto

282 2137 418 2209 tempore
441 2129 541 2190 nullus
565 2135 707 2206 aspectus
731 2128 829 2204 durat,
854 2128 977 2188 humore
1000 2127 1126 2208 ideoque
1151 2135 1182 2189 et
1205 2128 1315 2207 frigore
1339 2127 1430 2189 nimio
1453 2125 1639 2189 detineatur:

282 2218 313 2278 in
337 2234 394 2297 quo
416 2217 532 2290 videas,
555 2216 604 2277 vel
628 2216 796 2278 levissimos
820 2221 971 2295 aspectus,
997 2217 1114 2295 quoties
1137 2216 1281 2291 incidunt,
1298 2217 1453 2297 plurimum
1473 2215 1640 2296 pluviarum

283 2307 331 2367 vel
357 2313 512 2368 ventorum
535 2305 623 2379 ciere,
649 2305 744 2386 qualis
769 2305 826 2366 luit
850 2323 944 2366 annus
968 2303 1027 2366 iste
1054 2301 1147 2381 1601,
1173 2305 1233 2367 alic
1257 2323 1328 2368 vero
1353 2324 1431 2368 anuo
1446 2313 1535 2367 tanta
1548 2304 1640 2366 sicci-

284 2401 333 2454 tas
357 2401 413 2468 est,
438 2400 471 2456 nt
494 2393 549 2454 sub
573 2392 638 2456 dies
661 2401 836 2474 aspectuum
859 2393 934 2454 nihil
956 2392 1013 2456 nisi
1028 2394 1203 2469 nubeculae,
1224 2402 1278 2456 ant
1300 2395 1365 2458 loco
1381 2413 1525 2476 vaporum
1542 2391 1641 2456 fumus

284 2489 471 2558 secernatur,
497 2482 595 2563 qualis
619 2483 677 2544 luit
699 2499 794 2545 annus
811 2477 916 2546 '1599.

770 2607 774 2614 ·
821 2569 958 2633 Thesis
981 2570 1098 2633 XLVI.

373 2659 423 2722 An
448 2657 522 2722 haec
546 2666 608 2722 tam
632 2659 755 2722 evidens
779 2660 912 2723 varietas
931 2679 969 2720 ex
992 2659 1154 2739 eclipsibus
1170 2655 1251 2722 Solis
1276 2668 1307 2722 et
1330 2659 1434 2722 Lunae
1458 2662 1550 2741 (quae
1571 2663 1642 2722 sunt

285 2748 390 2812 itidem
413 2748 491 2812 iuter
515 2757 665 2828 aspectus,
691 2749 808 2811 scilicet
830 2749 908 2811 inter
931 2749 1154 2829 conjunctiones
1178 2757 1210 2810 et
1229 2749 1433 2829 oppositiones
1448 2749 1641 2821 referendae)

284 2837 451 2918 proveniat,
476 2838 725 2900 considerandum
748 2837 893 2919 relinquo.
941 2837 1143 2900 statuendum
1165 2837 1258 2916 Igitur
1286 2845 1387 2913 esset,
1420 2857 1487 2899 eam
1516 2839 1553 2900 de
1584 2855 1643 2919 qua

285 2937 349 2990 tarn
371 2928 467 2990 mults
490 2926 561 3004 dixi,
586 2928 763 2989 facultatem
787 2927 947 2988 animalem
963 2927 1084 3001 Terrae,
1109 2925 1209 2988 subita
1233 2925 1351 2988 luminis
1365 2919 1532 2989 'amissione
1547 2925 1641 2988 vehe-

285 3025 402 3080 menter
429 3016 638 3086 consternari‚
681 3024 713 3079 et
745 3017 892 3097 quendam
921 3015 1008 3096 quasi
1041 3017 1181 3078 affectum
1212 3015 1369 3095 concipere
1401 3013 1489 3098 inque
1517 3015 1644 3078 multum

284 3114 402 3186 tempus
424 3124 601 3186 prorogare,
634 3106 711 3186 quod
734 3113 767 3167 et
789 3105 1017 3185 Theophrastus
1044 3123 1104 3167 non
1127 3105 1235 3186 ubique
1259 3105 1414 3167 fabulosus
1437 3105 1569 3168 sensisse
1593 3103 1643 3165 vi·

285 3197 382 3258 detur.
429 3194 498 3258 Nisi
521 3195 599 3256 enim
623 3201 676 3256 aut
698 3195 776 3256 banc
800 3213 924 3256 causam
955 3195 1089 3273 alleges,
1125 3200 1178 3256 aut
1209 3195 1347 3256 omnibus
1375 3195 1476 3257 causis
1509 3192 1642 3276 physicis

284 3284 408 3364 rejectis
445 3284 502 3346 hoc
536 3291 662 3345 naturae
705 3301 780 3363 opus
820 3282 1001 3345 ordInarium
1038 3282 1296 3346 extraordinariae
1335 3281 1394 3346 Dei
1433 3282 1642 3364 providentiae

285 3371 486 3446 transcribas,
511 3372 662 3454 explicare
685 3390 745 3434 non
767 3371 897 3451 poteris,
929 3390 988 3451 qua
1011 3371 1128 3433 ratione
1152 3371 1281 3453 eclipses
1305 3380 1368 3435 tam
1392 3371 1454 3434 sint
1476 3372 1641 3434 ominosas.

819 3459 952 3521 Thasie
975 3459 1109 3522 XLVII.

374 3549 420 3612 At
442 3547 541 3629 magis
564 3553 799 3612 consentaneum
822 3555 886 3621 est,
909 3548 988 3610 idern
1011 3549 1060 3610 hic
1084 3549 1194 3612 Terrae
1219 3549 1298 3629 quod
1331 3548 1532 3612 animantibus
1561 3566 1643 3611 mor-

286 3637 408 3700 talitate
433 3637 536 3700 demta
560 3637 698 3712 evenire,
732 3643 766 3698 ut
797 3655 835 3698 ex
866 3637 984 3699 interna
1014 3637 1144 3720 quadam
1170 3636 1367 3718 dispositione
1396 3657 1466 3701 suos
1489 3637 1645 3700 humorum

285 3727 428 3788 circuitus
461 3734 493 3788 et
526 3726 612 3808 qnasi
635 3724 754 3788 morbos
778 3726 910 3788 habeat:
946 3747 1021 3810 quae
1045 3727 1071 3788 si
1095 3734 1178 3803 sunt,
1207 3727 1291 3807 leges
1316 3735 1347 3789 et
1370 3735 1508 3809 tempora
1531 3725 1642 3789 circui-

285 3823 368 3878 tuum
393 3831 430 3875 ex
452 3815 645 3895 plurimomm
668 3834 814 3877 annorum
837 3816 958 3878 collatis
981 3815 1260 3887 observationibus,
1290 3817 1368 3899 quod
1396 3817 1542 3880 hactenus
1565 3835 1642 3877 non-

287 3905 430 3966 domest
454 3903 582 3980 lactum,
606 3904 836 3986 investigandae
866 3913 947 3969 sunt.
995 3904 1151 3969 ansius
1181 3905 1230 3967 hic
1262 3905 1346 3988 cyclo
1379 3905 1644 3969 decemnovennali

286 3994 391 4055 Lunae
416 3993 528 4074 aliquid
551 3993 671 4068 tribuit3
704 3994 752 4055 cui
783 3995 901 4076 quidem
934 3995 1008 4057 tides
1037 3995 1132 4057 omnis
1158 3993 1297 4074 derogari
1320 4012 1379 4058 uon
1402 4001 1516 4078 potest.
1563 3994 1643 4056 Nam
1712 4067 1718 4074 Ι

286 4089 317 4144 et
340 4082 431 4144 maris
456 4091 560 4145 aestus
584 4084 706 4145 maximi
729 4091 801 4163 post
826 4081 866 4148 19
892 4103 986 4147 annos
1010 4085 1049 4146 ad
1074 4084 1197 4146 eosdem
1220 4082 1290 4146 anni
1313 4083 1378 4145 diss
1402 4083 1514 4147 reverti
1537 4103 1642 4146 ama-

286 4170 396 4234 ritimis
420 4172 569 4235 feruntur:
594 4179 627 4234 et
649 4173 736 4236 Luna
759 4173 931 4236 humoribus
956 4174 1127 4249 destinata,
1160 4173 1229 4234 huic
1256 4173 1395 4253 negotio,
1426 4172 1504 4256 quod
1530 4173 1562 4237 in
1585 4173 1643 4234 hu-

285 4277 399 4323 morum
423 4279 551 4325 excessu
573 4263 622 4324 vel
647 4263 766 4325 defectu
790 4262 939 4339 consistit,
963 4263 1072 4325 idonea
1095 4261 1190 4324 videri
1212 4269 1324 4342 potest

814 4352 948 4414 Thesis
970 4353 1118 4416 XLVIII.

375 4436 438 4501 Sed
461 4445 493 4502 et
515 4439 608 4502 tertia
630 4459 722 4502 causa
745 4459 857 4521 magna
879 4441 1136 4504 verisimilitudine
1165 4459 1199 4502 se
1226 4438 1376 4503 insinuat:
1400 4439 1513 4503 multas
1537 4439 1642 4502 sublu-

286 4527 368 4589 naris
401 4535 529 4592 naturae
566 4529 801 4601 commotiones,
834 4547 909 4610 quas
942 4531 1019 4592 citra
1051 4537 1192 4610 aspectus
1219 4528 1370 4592 interdum
1403 4530 1539 4593 accidere
1570 4527 1641 4602 dixi,

286 4615 358 4679 cieri
382 4616 420 4680 ab
443 4615 625 4680 harmonicis
647 4617 836 4697 planetarum
859 4618 999 4681 motibus.
1040 4619 1160 4681 Etenim
1185 4619 1211 4681 ei
1231 4617 1478 4699 proportionetur
1492 4617 1644 4681 radiomm

286 4705 413 4784 angulus
436 4706 493 4768 hoc
516 4705 625 4768 allicit:
659 4705 761 4786 quidni
785 4712 816 4768 et
839 4707 1058 4787 proportionati
1080 4708 1217 4772 binarum
1241 4708 1397 4771 stellarum
1420 4715 1538 4782 motus,
1566 4724 1642 4788 quo-

286 4789 345 4854 ties
375 4793 416 4855 ad
449 4813 538 4856 unum
570 4802 745 4857 concentum
775 4797 962 4860 tenduntur?
994 4797 1038 4860 sic
1065 4803 1100 4860 ut
1129 4798 1254 4879 aequale
1285 4797 1417 4878 spatium
1444 4797 1534 4862 citius
1565 4795 1642 4858 allus
