3586 5518
724 253 806 324 Μ
823 255 880 310 XV·
928 327 932 334 ,
1424 254 1486 326 roe

129 411 331 478 unliutons
359 414 569 496 lupresreuti
591 415 728 497 negotio,
757 414 832 480 illud
860 414 1081 482 incommodum
1107 421 1300 498 mouentur,
1331 415 1410 498 quod
1434 425 1489 484 aut

126 519 202 566 error
223 502 463 568 committeretur
486 505 516 568 in
540 505 751 586 inscriptione,
781 504 851 568 dum
874 504 986 566 Terrae
1010 502 1091 566 orbis
1115 522 1169 584 pro
1193 523 1319 586 corpore
1342 523 1485 570 censere·-

125 599 175 664 tur,
198 592 247 672 qui
271 593 448 673 superficies
471 593 581 656 saltem
604 601 696 668 esset,
720 603 754 656 ut
777 594 880 674 videre
904 593 1004 656 estin
1028 592 1142 656 schem.
1167 589 1225 668 22,
1251 599 1305 654 aut
1328 593 1394 656 orbi
1408 594 1486 658 Ter-

123 697 186 744 reuo
216 679 343 744 nullam·
366 689 401 744 ut
433 683 543 744 ceteris
566 681 764 763 relinquerem
791 682 974 746 crassitiem.
1021 679 1137 744 Essent
1165 681 1258 762 igitur
1286 681 1486 746 dodecatdri-

120 787 212 830 corurn
234 769 397 849 planorum
426 779 532 834 centra
556 778 588 832 et
610 770 788 838 ieessedrioi
816 769 918 852 anguli
951 769 980 834 iu
1004 769 1110 832 eadem
1133 767 1290 850 superficie
1315 769 1491 852 sphaerica.

119 865 201 942 atqu
223 858 273 920 ita
294 865 381 922 totus
404 859 531 923 muudus
560 859 673 924 arctius
697 859 870 922 consideret
892 859 1036 940 fieretque
1070 858 1158 938 longe
1184 857 1361 938 augustior,
1396 880 1485 942 quam

117 944 300 1026 experientia
323 955 458 1011 motuum
482 957 515 1012 et
537 948 764 1014 observationes
788 947 953 1030 patiuntur.
1000 946 1103 1028 Atque
1122 946 1200 1010 huuc
1219 947 1393 1026 scrupulum
1418 970 1484 1016 oum

116 1053 165 1114 ego
186 1033 337 1100 lsrchaeli
361 1035 543 1113 MeeatIino,
567 1037 757 1118 proeceptori
780 1055 846 1102 meo
870 1033 1039 1102 clarissimo
1063 1032 1228 1114 aperirem,
1260 1035 1482 1115 exploraturus,

115 1143 148 1186 au
177 1123 310 1206 probare
339 1125 437 1188 vellet
464 1127 552 1190 modo
574 1125 707 1207 positum
734 1125 790 1190 hoo
814 1126 988 1195 theorema,
1022 1123 1049 1186 is
1082 1123 1239 1206 insperato
1269 1123 1328 1186 mei
1355 1125 1483 1204 Juvandi

113 1211 204 1274 studio
228 1211 311 1276 huuc
337 1212 477 1280 laborem
509 1215 595 1280 inse
619 1214 773 1296 suscepit,
808 1223 840 1279 et
863 1232 921 1276 nou
954 1219 1072 1276 tautum
1096 1231 1135 1274 ex
1157 1211 1331 1276 Proteuicis
1355 1213 1481 1280 Tabulis

113 1300 187 1380 ipsas
209 1301 413 1382 planetarum
436 1304 599 1368 distantias
622 1304 660 1366 de
684 1323 761 1366 novo
784 1301 988 1382 computavit,
1020 1300 1190 1364 sedetiam
1214 1309 1407 1382 praesentem
1431 1313 1482 1368 ta-

111 1388 202 1453 bulam
226 1388 302 1452 mihi
327 1391 468 1459 coniecit
491 1393 618 1468 (schem.
638 1389 681 1460 23
702 1399 734 1456 et
756 1387 834 1470 ut),
859 1399 950 1478 atque
974 1389 1018 1455 oio
1041 1407 1088 1454 me
1112 1397 1176 1452 tum
1199 1389 1269 1452 aliis
1293 1408 1351 1453 nou
1377 1393 1483 1472 paucis
