3698 5516
772 233 860 280 cenna
876 227 967 280 Unum
1484 225 1550 297 247

164 377 344 480 astroqomi
373 380 492 456 officia,
517 381 642 444 alterum
666 401 736 446 vere
761 387 1002 462 astronomicum,
1027 385 1211 472 hypotheses
1227 393 1444 458 astronomicas
1467 390 1549 452 tales

167 473 384 544 constituere,
423 488 464 531 ex
492 470 596 550 quibus
627 481 809 552 apparentes
840 484 939 537 motus
963 484 1140 556 sequantur,
1175 477 1301 540 alterurn
1325 479 1548 557 geometricum,

170 553 369 636 hypotheses
398 559 604 636 geometricas
632 562 833 642 cujuscunque
864 565 977 626 formae
1001 566 1120 638 (variae
1149 583 1277 646 namque
1302 587 1394 646 saepe
1416 568 1447 629 in
1472 582 1548 646 geo-

175 642 285 706 metria
310 663 385 706 esse
412 649 555 727 possunt)
584 648 663 710 tales
693 651 889 726 constituere,
924 672 961 714 ex
990 653 1096 732 quihus
1124 653 1308 736 hypotheses
1332 656 1403 718 illae
1432 655 1548 734 priores

181 734 426 808 astronomicae,
456 737 485 797 h.
512 753 537 798 e.
557 738 621 800 veri
643 737 833 815 planetarum
855 747 970 814 motus,
1004 760 1062 803 non
1087 741 1249 804 adulterati
1273 743 1355 806 visus
1378 750 1547 806 commuta-

183 822 273 896 tione,
297 830 331 884 et
355 832 522 904 sequantur
544 831 576 885 et
599 826 793 890 calculentur.

273 911 332 973 llic
356 931 406 973 me
430 920 518 974 tenor
541 912 605 992 ipse
629 916 775 977 sermonis
798 916 856 978 mei
880 916 1000 990 inritat,
1024 923 1058 978 nt
1081 914 1233 980 Osiandro
1255 918 1464 982 Patricium
1489 919 1547 980 ad-

182 1001 308 1080 jungam
337 1000 425 1080 eique
456 1008 581 1063 conatus
605 1011 843 1066 astronomorum
870 1021 973 1067 ornnes
1001 1005 1164 1082 deridenti,
1197 1006 1380 1088 hypotheses
1406 1015 1547 1069 astrono-

187 1089 281 1150 micas
304 1107 411 1151 omnes
433 1089 581 1169 rejicienti
604 1091 737 1154 nonnihil
759 1094 968 1172 respondeam.

276 1177 446 1240 Succenset
474 1179 501 1239 is
529 1180 726 1250 astronomis,
760 1182 839 1260 qnod
870 1189 1015 1244 conentur
1046 1201 1082 1243 ex
1110 1181 1202 1244 variis
1230 1182 1350 1247 circulis
1381 1191 1414 1244 et
1441 1182 1547 1244 solidis

186 1266 310 1328 orbibus
332 1267 522 1344 planetarum
544 1275 643 1329 motus
667 1277 847 1349 apparentes
871 1271 998 1343 efficere,
1024 1288 1134 1351 eosque
1154 1270 1292 1346 circulos,
1316 1290 1370 1334 eas
1393 1271 1546 1353 hypothe-

186 1374 252 1430 ses,
281 1354 399 1416 cerebri
427 1355 475 1416 sui
502 1357 657 1435 figmenta,
685 1375 784 1420 rerum
812 1365 937 1422 naturae
964 1359 1122 1437 imputare.
1169 1359 1215 1421 De
1242 1360 1376 1440 planetis
1401 1361 1466 1439 ipse
1490 1360 1547 1422 boc
1588 1363 1595 1369 '

186 1443 333 1516 affirmat,
366 1443 445 1506 iuter
467 1443 544 1505 fixas
567 1445 635 1507 illos
658 1445 687 1506 in
711 1445 823 1526 liquido
847 1448 968 1508 aethere
991 1447 1145 1529 incedere,
1173 1440 1420 1527 quemadmodum
1444 1457 1475 1510 et
1497 1449 1546 1509 vi-

137 1599 140 1605 ·
187 1532 331 1606 deantur,
361 1530 471 1593 liberos
496 1533 534 1594 ab
559 1533 674 1596 orbium
698 1534 859 1596 solidorum
887 1534 1095 1614 compedibus,
1129 1535 1179 1615 qui
1205 1537 1280 1599 nulli
1309 1537 1384 1612 sint,
1418 1554 1546 1617 vereque

186 1619 357 1700 hujusmodi
389 1621 518 1700 spirales
541 1630 573 1682 et
595 1623 677 1683 varie
708 1642 824 1684 rursum
846 1642 1039 1703 prorsumque
1067 1631 1222 1686 contortas
1253 1625 1364 1699 lineas,
1396 1643 1546 1704 nunquam

186 1709 245 1770 sibi
269 1708 346 1788 ipsis
367 1727 423 1788 per
445 1709 546 1772 omnia
567 1710 696 1785 similes,
722 1731 816 1791 eaque
839 1719 937 1774 motus
962 1711 1195 1791 inaequalitate,
1216 1714 1306 1792 plane
1330 1721 1364 1774 ut
1386 1713 1415 1773 in
1440 1713 1544 1774 oculos

188 1804 312 1860 nostros
333 1797 496 1873 incurrunt,
522 1799 701 1861 describere.
748 1800 814 1861 Nec
837 1801 939 1864 mirari
962 1817 1018 1862 uos
1042 1800 1150 1862 debere
1165 1802 1345 1862 varietatem
1368 1801 1455 1876 hanc,
1480 1817 1546 1862 curn

188 1887 331 1965 planetae
359 1903 465 1958 revera
489 1887 551 1968 sint
579 1887 723 1949 animalia
751 1887 878 1951 rationis
901 1887 1039 1968 capacia,
1070 1889 1285 1968 comprobante
1309 1889 1339 1950 id
1363 1888 1545 1950 auctoritate

186 1973 398 2054 philosophiae
413 1974 599 2050 barbaricae,
625 1982 656 2036 et
671 1976 905 2054 omnipotentiae
921 1977 1039 2038 divinae
1054 1994 1112 2038 non
1138 1978 1227 2039 fuerit
1241 1977 1436 2058 impossibile.
1460 1984 1549 2038 tanta

186 2062 340 2142 sapientia
363 2072 518 2124 creaturas
542 2064 685 2138 condere,
711 2072 745 2125 ut
767 2065 932 2145 imperatos
953 2066 1009 2128 hos
1033 2072 1131 2126 motos
1156 2067 1194 2127 ad
1218 2066 1306 2128 linem
1327 2083 1422 2146 usque
1445 2064 1547 2126 mundi

186 2159 400 2232 exsequantur.

274 2239 409 2300 Primum
436 2235 494 2300 boc
521 2237 566 2299 illi
594 2239 683 2301 facile
703 2255 895 2316 concessero,
929 2240 1043 2303 solidos
1066 2240 1154 2302 orbes
1178 2241 1275 2302 nullos
1306 2259 1383 2302 esse.
1431 2241 1466 2302 In
1489 2258 1547 2320 quo

187 2335 218 2390 et
241 2327 396 2410 lychonis
419 2327 586 2389 rationibus
611 2323 700 2390 facile
723 2327 880 2393 subscribo
907 2337 939 2390 et
960 2329 1098 2408 privatas
1118 2330 1214 2392 etiam
1242 2329 1348 2391 habeo.
1396 2329 1546 2391 Patricius

185 2435 258 2478 vero
271 2416 409 2498 Tychoni
430 2415 554 2477 ridicule
579 2414 654 2476 iacit
677 2416 824 2496 injuriam,
849 2436 936 2498 quem
959 2417 1004 2478 ait
1026 2417 1208 2480 fascinatum
1231 2418 1368 2496 opinione
1383 2417 1546 2479 solidorum

187 2505 305 2567 orbium
338 2523 448 2566 novam
471 2504 650 2566 conduxisse
674 2505 774 2566 mundi
801 2506 944 2580 fomnam;
976 2523 1064 2586 quam
1091 2505 1261 2585 opinionem
1284 2506 1386 2587 Tycho
1411 2505 1547 2567 omnibus

187 2595 309 2672 scriptis
337 2601 369 2654 et
398 2593 466 2672 ipsa
489 2592 691 2673 hypotheseos
714 2611 788 2656 suae
811 2594 984 2656 conditione
1011 2593 1179 2674 impugnat.
1224 2594 1330 2674 Neque
1353 2608 1448 2672 nego,
1477 2593 1547 2673 pla-

187 2689 324 2743 netarum
353 2680 494 2744 circuitos
521 2681 637 2742 ratione
667 2699 785 2742 summa
812 2682 1025 2744 administrari.
1074 2681 1136 2744 Sed
1165 2691 1196 2745 et
1225 2683 1281 2743 hoc
1304 2679 1398 2757 dabo,
1432 2681 1457 2743 si
1480 2681 1547 2742 Deo

185 2771 334 2831 conditori
358 2770 538 2849 placuisset,
567 2777 601 2830 ut
622 2769 765 2848 planetae
789 2770 918 2850 spirales
941 2768 1109 2850 hujusmodi
1133 2779 1164 2832 et
1185 2769 1368 2849 irregulares
1391 2769 1544 2843 circuitus,

186 2860 292 2940 qaales
317 2857 534 2938 aspicientibus
558 2857 644 2918 nobis
669 2867 826 2938 apparent,
846 2860 1035 2934 conficerent,
1060 2860 1092 2921 id
1112 2859 1154 2922 illi
1171 2859 1279 2920 effectu
1303 2859 1391 2920 facile
1416 2859 1546 2920 futurum

185 2947 291 3008 fuisse.
341 2947 455 3008 Verum
478 2944 507 3006 in
531 2945 587 3006 hoc
608 2947 674 3025 jam
697 2947 798 3009 differt
811 2945 962 3010 Patricius
987 2948 1025 3008 ab
1040 2947 1223 3009 astronomis
1238 2965 1308 3008 vere
1326 2946 1545 3028 philosophan-

184 3035 280 3109 tibus,
316 3053 384 3096 cum
408 3033 575 3115 quaeritur:
610 3034 752 3114 quidnam
775 3037 874 3114 potius
898 3036 965 3097 Deo
986 3035 1148 3114 placuerit,
1179 3052 1216 3096 an
1241 3043 1275 3096 ut
1297 3036 1437 3114 planetae
1461 3051 1545 3095 com·

184 3123 303 3203 positos
327 3122 499 3202 huiusmodi
525 3133 728 3203 perpetuoque
753 3143 772 3184 a
795 3143 828 3186 se
857 3124 932 3204 ipsis
956 3124 1092 3186 diversos
1120 3131 1152 3184 et
1178 3123 1360 3201 irregulares
1389 3123 1546 3184 anfractus

183 3211 386 3290 pervoliteut,
420 3229 496 3272 anne
527 3218 560 3272 nt
587 3211 762 3273 uniformem
787 3221 819 3273 et
842 3231 932 3293 quam
954 3213 1018 3274 fieri
1041 3219 1143 3292 potest
1167 3211 1419 3290 regularissimnm
1447 3210 1545 3272 circu·

184 3301 243 3362 lum
267 3299 452 3384 describant,-
477 3300 565 3379 plane
590 3300 740 3363 diversum
765 3301 802 3362 ab
827 3317 864 3362 ea
887 3309 986 3363 motus
1010 3300 1127 3362 confusi
1151 3299 1262 3374 forma,
1288 3299 1417 3379 quaein
1442 3299 1546 3360 oculos

184 3397 308 3451 nostros
331 3387 470 3462 incurrit;
501 3406 611 3451 causae
634 3407 705 3450 vero
734 3390 852 3469 possint
874 3389 1014 3464 inveniri,
1048 3389 1155 3469 quibus
1182 3387 1265 3450 visus
1296 3383 1399 3449 noster
1422 3386 1545 3448 delusus

184 3478 274 3542 aliter
308 3477 377 3538 illos
409 3477 564 3555 regulares
592 3486 691 3538 motus
718 3477 888 3552 intueatur,
921 3494 1010 3558 quam
1038 3494 1144 3538 revera
1171 3477 1339 3556 comparati
1367 3475 1438 3536 sint.
1486 3475 1544 3536 Hic

183 3585 272 3628 nemo
297 3573 348 3628 est
370 3583 386 3625 e
409 3564 508 3626 sobrie
531 3565 823 3645 philosophantibus,
849 3565 898 3647 qui
922 3584 980 3626 non
1005 3566 1060 3627 hoc
1084 3566 1227 3638 affirmet,
1252 3564 1327 3626 illud
1350 3562 1469 3626 omnino
1495 3581 1545 3623 re-

180 3657 272 3735 jiciat
294 3653 412 3734 sibique
436 3653 523 3714 simul
547 3655 727 3716 astronomis
751 3655 953 3736 maximopere
977 3654 1154 3733 gratuletur,
1180 3653 1206 3714 si
1226 3669 1335 3714 causas
1359 3651 1547 3730 deceptionis

184 3743 363 3815 invenerint,
389 3761 408 3804 a
430 3741 511 3804 veris
533 3743 723 3821 planetarum
746 3743 875 3804 motibus
901 3742 1121 3829 accidentarios
1150 3750 1181 3804 et
1204 3759 1242 3802 ex
1263 3740 1428 3820 phantasia
1449 3737 1546 3800 visio-

184 3834 231 3895 nis
254 3839 341 3895 ortos
364 3831 541 3910 sejunxerit,
565 3840 597 3893 et
620 3831 793 3894 circuitibus
817 3832 1043 3912 simplicitatem
1063 3839 1153 3912 atque
1168 3830 1337 3892 ordinatam
1360 3827 1545 3906 regularita-

184 3931 246 3984 tem
270 3918 447 3983 asseraerit.
496 3920 644 3982 Patricius
666 3938 738 3982 vero
761 3921 807 3981 ita
829 3920 1072 4000 philosophatur,
1103 3927 1148 3994 ut,
1175 3919 1224 3999 qui
1247 3918 1330 3980 illum
1353 3916 1451 3992 audit,
1485 3933 1545 3978 non

183 4013 290 4090 pedem
313 4026 436 4071 movere
453 4008 566 4086 possit,
597 4009 666 4090 quin
690 4009 864 4072 miraculum
887 4009 1060 4088 contingere
1084 4008 1226 4069 fateatur.
1274 4005 1434 4084 Spatiatus
1463 4003 1543 4066 enirn

184 4119 236 4180 per
258 4115 394 4179 campos,
421 4095 471 4157 ubi
496 4115 584 4177 sepes
608 4107 639 4160 et
660 4097 828 4178 propinqua
849 4098 917 4160 viae
941 4096 999 4160 sibi
1023 4113 1188 4168 occurrere,
1214 4101 1345 4156 remotos
1360 4111 1432 4155 vero
1455 4109 1544 4154 mon-

185 4198 285 4252 tesso
319 4185 461 4249 comitari
491 4185 559 4246 visu
586 4187 688 4266 judice
715 4185 883 4265 putaverit:
914 4203 973 4247 non
997 4193 1100 4247 otetur
1119 4183 1232 4264 judicio
1254 4181 1398 4256 rationis,
1428 4181 1483 4242 sed
1506 4199 1545 4241 ne

186 4297 303 4342 sensum
327 4276 451 4359 quidem
475 4291 662 4337 communem
685 4275 838 4336 consulet:
868 4275 937 4356 quin
966 4273 1066 4354 potius
1088 4272 1167 4334 risui
1200 4272 1317 4343 credet,
1344 4278 1463 4332 montes
1485 4287 1546 4330 non

184 4367 276 4432 minus
304 4385 342 4430 ac
367 4383 403 4426 se
434 4363 533 4443 ipsum
560 4363 700 4443 progredi
729 4363 828 4425 dicet:
859 4364 994 4444 adeoque
1024 4361 1049 4424 si
1074 4377 1160 4424 curru
1192 4379 1317 4422 aversus
1339 4355 1546 4438 Argentorato

182 4467 232 4521 aut
254 4457 381 4521 Vienna
406 4452 596 4531 egrediatur,
628 4450 737 4513 Jovem
760 4452 891 4532 lapidem
914 4450 1044 4530 jurabit,
1078 4449 1218 4520 turrium,
1250 4465 1326 4528 qnae
1353 4446 1402 4508 his
1424 4442 1546 4506 urbibus

178 4549 333 4629 praealtae
359 4549 448 4614 sunt,
475 4541 576 4603 minas
599 4541 629 4602 in
653 4559 686 4601 se
710 4558 844 4619 vergere.
891 4537 973 4602 Olim
992 4539 1113 4618 quidam
1136 4555 1267 4598 meorum
1291 4528 1547 4596 contubernalium

173 4657 226 4719 per
246 4637 412 4700 fenestrae
433 4627 546 4691 vitrum
568 4636 729 4708 pascentes
752 4629 782 4690 in
805 4627 976 4692 suburbano
998 4635 1086 4707 prato
1110 4627 1203 4688 boves
1217 4618 1435 4705 prospiciebat;
1459 4635 1545 4677 cunr·

174 4747 227 4812 que
254 4745 312 4810 pro
339 4725 490 4800 fenestra
517 4718 662 4798 penderet
685 4736 832 4794 araneus,
866 4735 933 4778 euru
955 4715 1006 4776 ille
1030 4733 1096 4777 cum
1123 4713 1218 4775 bobus
1246 4712 1371 4789 aspectu
1399 4705 1546 4766 directore
