3542 5528
252 279 301 334 XII

251 451 353 505 tamen
377 441 559 504 assiduitate
583 449 615 504 et
637 441 757 518 labore,
782 460 963 524 operamque
986 442 1166 505 navantibus
1190 441 1304 506 amicis.
1351 443 1422 505 Jam
1444 441 1474 504 in
1498 461 1533 504 eo
1555 461 1600 505 res

251 558 317 627 est,
351 557 384 612 ut
407 547 531 629 Kepleri
563 547 727 611 cultoribus
759 549 903 613 collectos
936 551 1002 631 ejus
1035 549 1128 612 libros
1151 555 1183 612 et
1206 549 1341 630 digniore
1365 549 1463 612 lorma
1485 547 1600 612 indutos

252 654 392 719 tradendi
414 653 531 718 initium
556 653 655 716 facere
678 653 779 720 liceat.

338 761 515 826 Inchoatum
538 766 639 823 antem
660 777 736 840 opus
759 765 794 824 nt
816 757 1001 835 absolvatur,
1026 758 1156 823 futurum
1179 777 1248 824 esse
1272 777 1445 842 speramus,
1469 765 1513 836 nt,
1537 759 1602 841 qni-

250 887 365 950 cunque
389 867 495 930 literas
517 867 623 930 volunt
645 867 743 930 cultas
767 873 799 928 et
822 872 938 942 auctas,
962 867 1128 947 quicunque
1150 865 1314 950 principem
1336 866 1417 930 inter
1436 863 1602 930 Germanos

250 957 465 1048 astronomum,
490 971 673 1053 eundemque
696 971 783 1035 liberi
803 971 988 1051 ingeniorum
1007 981 1106 1035 motus
1124 971 1274 1036 vindicem
1292 981 1324 1036 et
1342 979 1601 1055 propugnatorem,

252 1079 426 1144 Germanici
449 1076 576 1142 nominis
600 1077 711 1149 decus,
733 1073 918 1158 pariatque
951 1079 1017 1159 ejus
1051 1097 1243 1158 successores
1267 1079 1402 1156 aliosve,
1434 1077 1484 1160 qni
1507 1078 1602 1161 aliquo

251 1187 405 1251 literarum
427 1204 535 1265 genere
559 1185 783 1260 excelluerunt,
817 1193 1009 1248 monumento
1035 1185 1156 1266 dignum
1175 1185 1337 1266 judicant,
1368 1185 1399 1248 in
1422 1191 1541 1264 partem
1562 1183 1603 1248 rei

250 1293 458 1376 suscipiendae
482 1299 515 1356 et
532 1290 684 1373 juvandae
708 1289 788 1352 ultro
812 1309 845 1352 ee
869 1291 1006 1354 offerant.
1098 1307 1109 1318 ··

339 1400 407 1464 Uno
440 1417 518 1461 anno
549 1404 711 1478 postquam
742 1395 817 1460 haec
849 1395 1109 1477 pronuntiavimus
1140 1415 1224 1477 spem
1253 1403 1473 1460 nostrumnon
1496 1415 1602 1459 vanam

252 1507 342 1568 luisse
361 1512 488 1568 eventus
507 1495 656 1586 probavit.
692 1482 874 1570 Bavariae
889 1502 1003 1582 Regis
1018 1503 1265 1566 Maximiliani
1280 1505 1319 1566 ll.
1340 1502 1603 1578 munificentia,

250 1611 374 1691 perinde
395 1629 431 1674 ao
444 1611 564 1674 Domini
583 1609 780 1674 illustrissimi
799 1610 968 1684 aNororr,
992 1611 1040 1672 cni
1059 1627 1130 1672 cura
1149 1610 1315 1678 studiorum
1335 1609 1365 1672 in
1379 1607 1519 1672 Russia
1540 1616 1603 1671 tra-

250 1718 314 1780 dita
324 1725 381 1794 est,
398 1715 582 1782 liberalitate
597 1715 703 1797 adjuti,
721 1723 960 1780 astronomorum
970 1714 1049 1795 apud
1062 1713 1232 1779 Germanos
1247 1714 1508 1778 celeberrimorum
1522 1733 1603 1778 oom-

250 1823 426 1904 probatione
442 1823 619 1898 confirmati,
639 1821 861 1886 academiarum
875 1820 1081 1910 Berolinensie
1102 1827 1134 1884 et
1148 1820 1331 1884 Viennensis
1341 1819 1501 1908 suffragiis
1516 1819 1605 1882 erecti

250 1947 313 1994 rem
326 1929 404 1993 bono
420 1929 519 1994 animo
535 1931 674 2012 (earnqne
689 1929 831 1993 vicesimo
847 1928 955 1992 abhinc
969 1929 1063 2002 anno)
1084 1929 1236 2010 inceptam
1248 1927 1288 1990 ad
1301 1926 1390 1990 linem
1403 1926 1605 2008 perduximus.

337 2035 445 2118 Neque
475 2055 548 2101 vero
578 2036 626 2098 hia
655 2041 792 2112 tantum,
826 2053 900 2116 quoe
924 2032 1071 2110 diximus,
1096 2033 1181 2097 Viris
1205 2038 1238 2097 et
1260 2031 1467 2110 Societatihus
1489 2032 1606 2114 gratias

251 2142 395 2206 debemus
419 2159 508 2222 qnam
531 2139 693 2216 maximae,
718 2141 773 2204 sed
797 2140 923 2204 aliorum
946 2159 1062 2224 qnoque
1085 2159 1178 2222 opera
1200 2146 1233 2202 et
1255 2139 1401 2219 singulari
1423 2137 1605 2202 liberalitate

251 2249 353 2312 studia
384 2255 490 2312 nostra
517 2246 562 2312 ita
593 2246 754 2310 sublevata
785 2265 853 2310 esse
884 2247 1075 2329 profitemur,
1109 2252 1143 2310 nt
1170 2245 1308 2308 destituti
1332 2244 1426 2310 tantia
1448 2243 1607 2325 praesidiis

252 2352 415 2419 editionem
447 2371 543 2435 neque
576 2353 751 2430 absolutam,
778 2359 810 2415 et
840 2353 1008 2435 integram,
1041 2354 1159 2435 qualem
1186 2351 1408 2432 spectavimus,
1442 2369 1537 2432 nequa
1560 2366 1607 2426 ea,

253 2479 344 2542 quam
357 2479 430 2542 prae
449 2479 483 2523 se
499 2460 567 2536 fert,
588 2458 685 2522 forma
700 2457 840 2522 exhibere
855 2459 1067 2540 potuissemus.
1093 2457 1227 2532 Quomm
1240 2457 1373 2522 virorum
1386 2456 1525 2539 princeps
1539 2456 1606 2519 lau-

251 2565 369 2630 dandus
392 2573 441 2629 est
463 2568 499 2630 F.
520 2565 559 2630 G.
579 2565 631 2630 W.
655 2564 812 2642 Struve,
837 2565 970 2628 director
991 2566 1133 2646 speculae
1157 2563 1378 2629 astronomicae
1401 2561 1606 2637 Pulcovensis,

252 2671 357 2753 quire
380 2678 413 2735 et
435 2671 559 2737 consilio
582 2669 867 2736 benevolentissime
899 2690 955 2734 noe
987 2673 1081 2734 tuitus
1112 2671 1324 2736 liberalissime
1347 2668 1434 2735 nobis
1457 2667 1609 2732 concessit

251 2777 455 2860 manuscripta
482 2777 621 2860 Kepleri,
656 2798 733 2862 qnae
766 2775 963 2840 Pulcovensis
994 2777 1179 2842 bibliotheca
1211 2775 1312 2840 eximii
1344 2776 1442 2841 instar
1473 2773 1609 2840 thesauri

251 2891 422 2948 conservat.
463 2884 541 2948 Huic
564 2885 753 2968 adjungimus
776 2883 878 2961 filium,
904 2883 959 2947 tali
981 2891 1068 2963 patre
1091 2883 1222 2964 dignum,
1247 2882 1443 2948 Pulcovensis
1467 2882 1609 2963 speculae

251 2998 489 3056 astronomorum
502 2991 685 3074 primarium,
702 2989 816 3056 Otton
826 3010 877 3054 em
888 2987 1033 3065 Struve,
1050 2988 1100 3072 qui
1113 2997 1322 3070 perscrutatus
1336 2988 1610 3070 manuscriptorum

250 3096 369 3162 illorum
392 3099 502 3164 molem
524 3098 562 3162 de
586 3095 784 3180 gravioribus,
809 3114 886 3177 quae
910 3096 970 3158 illis
993 3095 1113 3171 insunt,
1138 3115 1193 3159 nos
1212 3096 1329 3162 monuit
1351 3095 1536 3176 digitumque
1559 3094 1608 3158 iu-

251 3204 351 3267 tendit
372 3204 402 3266 in
426 3224 471 3280 ea,
497 3221 572 3284 quae
597 3223 635 3266 ex
656 3221 689 3266 re
712 3209 819 3266 nostra
841 3209 955 3267 essent.
989 3202 1191 3283 Adjungimns
1214 3201 1414 3266 amicissimos
1438 3199 1608 3265 Christo·

250 3309 401 3391 phorum
419 3305 568 3385 Schaai,
588 3308 788 3389 professorem
807 3307 959 3392 gymnasii
976 3307 1186 3390 'tubingen'sia
1205 3315 1238 3373 et
1254 3309 1285 3372 Η
1293 3308 1456 3372 enricum
1477 3305 1607 3383 Kratr,

253 3415 457 3496 professorem
481 3413 638 3502 Gymnaaii
661 3413 931 3498 Stuttgartiensia,
958 3433 1080 3496 quorum
1103 3415 1155 3478 ille
1178 3421 1358 3498 quaerentes
1380 3434 1436 3480 nos
1459 3415 1497 3478 de
1520 3414 1608 3478 rebus

218 3545 228 3552 ·
254 3519 487 3610 obscurioribus,
510 3520 679 3585 titubantes
703 3522 825 3602 saepius
847 3522 877 3584 in
897 3539 1035 3584 sermone
1054 3519 1151 3584 minus
1170 3521 1293 3595 usitato,
1317 3520 1468 3605 exquisita
1490 3520 1607 3602 liuguae

254 3625 384 3690 Latinae
408 3625 537 3691 scientia
554 3627 736 3706 sublevavit,
760 3627 809 3691 hic
828 3635 970 3709 suscepto
989 3636 1094 3711 typum
1112 3627 1312 3709 perspiciendi
1325 3635 1358 3690 et
1376 3625 1608 3709 recognoscendi

253 3751 344 3797 onere
365 3733 523 3815 plurimum
546 3732 685 3798 insnmsit
708 3752 833 3818 operae,
857 3741 892 3798 nt
913 3741 1019 3818 typus,
1044 3741 1189 3815 quantum
1208 3733 1271 3799 lieri
1290 3739 1406 3816 posset,
1430 3750 1522 3815 purus
1535 3751 1608 3816 pro·

140 3899 143 3904 ,
254 3839 333 3904 diret
350 3845 384 3902 et
400 3839 580 3922 castigatus.

340 3943 504 4010 Rationem
534 3943 566 4010 in
597 3944 774 4027 colligendis
796 3945 922 4030 Kepleri
954 3944 1094 4029 operibus
1126 3945 1304 4012 retinuimus
1335 3946 1436 4026 illam,
1466 3963 1558 4028 quam
1579 3944 1611 4008 in
1654 3981 1656 3986 .

252 4053 418 4137 Prospectu
440 4052 669 4136 proposuimus:

341 4157 523 4242 colligenda
544 4158 705 4224 statuimus
728 4159 857 4238 omnia,
883 4177 959 4242 qnae
983 4159 1077 4224 edidit
1090 4158 1252 4240 Keplerns,
1276 4177 1377 4242 opera,
1401 4157 1539 4242 exceptis
1561 4158 1609 4236 iis,

253 4285 330 4350 quae
353 4265 427 4330 nihil
448 4265 507 4330 nisi
530 4266 652 4330 tabulas
674 4267 819 4332 referunt.
852 4267 1012 4330 Accedunt
1034 4265 1149 4347 aliquot
1170 4267 1327 4331 breviores
1343 4265 1449 4342 libelli,
1473 4265 1611 4330 adhunc

253 4387 347 4454 nsque
380 4371 460 4436 diem
492 4371 622 4436 noudum
653 4373 735 4457 typis
766 4371 923 4456 expressi,
960 4378 993 4434 et
1025 4372 1186 4454 epistolae,
1226 4381 1260 4436 nt
1296 4373 1438 4438 universa
1469 4373 1611 4438 collectio

254 4486 322 4542 octo
346 4478 438 4543 ferme
466 4477 617 4542 volumina
646 4479 688 4542 sit
711 4479 914 4563 complexura.
959 4477 1166 4561 Epistularum
1189 4479 1270 4544 aliae
1292 4487 1453 4562 excerptae
1477 4486 1552 4542 sunt
1575 4499 1612 4542 ex

254 4591 327 4646 nota
349 4583 495 4650 Hansohii
528 4585 724 4664 collectione,
759 4585 837 4650 aliae
870 4604 890 4649 a
916 4585 1107 4651 bibliothecis
1136 4585 1388 4668 Stuttgartiensi,
1421 4585 1610 4660 Monacensi,

254 4689 422 4756 Viennensi
444 4693 571 4775 aliisque
594 4711 713 4757 summa
735 4691 919 4757 liberalitate
944 4691 1051 4756 editori
1075 4693 1217 4772 traditae,
1241 4693 1337 4769 aliae,
1362 4710 1457 4774 aequa
1480 4711 1517 4756 ac
1540 4693 1613 4756 bre-

253 4795 362 4872 viores,
386 4816 460 4880 qnos
479 4799 618 4874 diximus,
641 4798 746 4877 libelli,
769 4800 943 4880 depromtae
963 4817 1001 4863 ex
1023 4800 1136 4880 majore
1160 4799 1224 4874 illa,
1249 4819 1338 4882 quam
1356 4799 1496 4878 diximus,
1515 4799 1612 4866 libro-
