3542 5528
717 312 878 366 masmim.
1429 311 1473 380 45

97 477 166 516 nsum
183 465 314 534 Tubinga
342 471 383 522 ad
411 487 442 522 se
468 471 581 527 datarum
603 471 628 521 in
646 470 755 522 Daniam
777 473 837 524 mihi
859 474 1010 531 transmisit,
1039 473 1124 538 quibua
1148 472 1313 535 pollicebaris,
1341 478 1367 520 te
1391 473 1478 524 librum

99 549 198 588 nmmum
211 541 243 588 de
255 539 381 593 Cometa
395 558 423 592 a.
440 542 474 591 77
487 542 530 592 tibi
543 544 575 591 ab
588 543 673 594 eodem
686 547 891 595 communicatum
905 541 1035 610 diligenter
1050 543 1221 608 perlectumm,
1241 551 1356 608 tuamque
1376 543 1405 595 de
1425 547 1478 607 ejus

102 612 214 660 contentis
233 617 410 664 sententiam
431 614 631 677 conscripturum,
651 620 725 678 atque
743 632 839 666 mecum
859 618 889 667 de
908 619 938 666 iis
956 631 999 680 per
1016 616 1101 666 literas
1118 615 1271 670 collaturum,
1291 629 1351 678 quas
1370 622 1395 666 te
1408 614 1477 666 Mar·

103 679 196 746 pdrgum
225 683 262 732 ad
291 686 413 736 eundem
439 689 537 735 mittere
563 684 697 736 decrevisse
721 687 754 736 ad
777 703 817 736 me
841 696 929 752 postea
945 687 1111 752 procurandas
1130 687 1237 735 innuisti.
1253 681 1286 747 ¹⁸)
1323 686 1358 735 ht
1377 702 1422 751 ego
1441 693 1479 735 tot

104 753 236 818 interlapsis
256 759 338 806 annis
359 771 447 822 neque
466 757 513 806 hac
532 756 562 805 dc
581 771 606 807 re
625 764 669 806 aut
696 759 811 822 quapiam
840 760 890 808 alia
913 760 1038 825 negotium
1062 759 1266 818 astronomicum,
1292 771 1339 821 quo
1364 759 1478 822 utrinque

107 823 226 884 affiamur,
246 837 430 878 conternante
449 844 482 878 ns
505 827 627 894 verbulum
646 829 744 893 quidem
765 836 819 880 ate
833 831 925 894 accepi,
945 832 995 880 sive
1009 831 1106 894 scripto,
1126 830 1179 878 sire
1198 829 1300 878 aliorum
1318 828 1478 885 indicatione,

108 898 143 960 qui
159 898 410 950 isthinc-venientes
428 914 470 949 me
488 898 644 965 Urauiburgi,
663 900 720 948 dum
738 900 818 951 adhuc
836 903 862 950 in
880 903 961 965 patria
980 891 1102 966 degerem,
1121 903 1262 950 inciserunt.
1293 899 1478 949 Existimassem

111 969 216 1033 equidem
233 977 262 1020 te
283 972 317 1020 ob
337 973 486 1020 communia
504 969 573 1037 nobis
596 971 678 1020 studia
699 973 829 1036 scriptione
856 973 939 1037 aliqua
957 973 1043 1023 saitem
1062 980 1100 1022 tot
1117 971 1319 1020 interlabentibus
1338 973 1408 1020 annis
1427 986 1476 1020 non

112 1055 315 1104 supersessuruna,
336 1043 487 1107 praesertim
500 1056 555 1091 cum
570 1042 595 1091 id
613 1042 735 1092 iactumm
754 1051 840 1107 sponte
858 1047 883 1095 in
902 1052 927 1094 te
946 1045 1075 1108 receperis.
1105 1042 1144 1093 Ne
1163 1058 1218 1092 sero
1238 1058 1284 1107 ego
1303 1041 1333 1091 ob
1351 1042 1375 1091 id
1394 1050 1477 1092 tecum

114 1127 152 1176 per
168 1113 262 1168 literas,
282 1115 410 1178 siquidem
429 1114 501 1163 aliter
513 1129 562 1162 non
575 1114 657 1170 liceat,
676 1115 869 1166 familiaritatem
887 1116 1048 1166 contrahendi
1067 1130 1164 1164 omnem
1183 1115 1337 1164 occasionem
1355 1116 1491 1177 respuisse,

115 1184 199 1238 ridear.
218 1185 287 1250 quod
306 1185 340 1236 ab
360 1186 517 1235 humanitate
537 1191 562 1235 et
580 1187 718 1242 exercitiis,
737 1188 824 1251 quibua
843 1188 1001 1244 delectamur,
1020 1186 1197 1236 sublimioribus
1216 1184 1323 1234 alienum
1339 1185 1416 1235 foret:
1445 1199 1476 1234 en

116 1271 176 1306 nnuc
192 1259 328 1320 praevenio
349 1264 376 1308 et
395 1257 428 1305 ad
447 1257 601 1306 scribendum
619 1257 863 1323 respondendumque
881 1259 944 1308 ultro
963 1265 989 1308 te
1014 1259 1103 1307 inrito:
1130 1257 1191 1306 data
1209 1257 1322 1306 nimirum
1339 1255 1387 1306 hac
1406 1269 1476 1305 com·

117 1327 226 1380 mediore,
246 1343 298 1392 qua
316 1342 385 1379 nunc
404 1327 478 1386 fruor,
497 1329 690 1391 opportunitate,
709 1343 784 1392 quam
803 1337 879 1380 antea
896 1332 922 1380 in
935 1329 1028 1385 Dania,
1047 1345 1077 1379 ex
1096 1343 1142 1394 quo
1161 1330 1186 1377 in
1205 1342 1263 1378 arce
1281 1327 1387 1392 quadam
1406 1325 1474 1376 Ran-

118 1400 216 1449 xcriana
234 1399 336 1448 dimidio
355 1397 447 1448 saltem
466 1398 562 1447 milliari
579 1399 721 1465 Hamburgo
746 1410 843 1452 remota
867 1416 933 1452 nunc
955 1400 1080 1458 habitem,
1106 1401 1172 1452 unde
1195 1401 1220 1448 in
1243 1400 1312 1449 varia
1330 1414 1379 1448 non
1398 1398 1476 1447 solum

120 1470 261 1520 &maniae
279 1471 325 1522 sed
343 1471 420 1520 totius
439 1485 503 1534 pene
522 1468 634 1534 Europae
650 1470 708 1541 ioca
727 1473 811 1523 creber
830 1480 855 1522 et
873 1473 1014 1524 commodus
1032 1472 1105 1522 datur
1116 1472 1234 1522 nuncius.
1272 1469 1299 1520 Sl
1316 1471 1399 1534 itaque
1418 1469 1475 1534 quid

118 1541 197 1598 habas,
216 1543 247 1590 de
265 1558 315 1606 quo
332 1556 431 1591 mecum
450 1542 476 1589 in
494 1543 565 1592 rebus
584 1543 761 1602 astronomicis,
781 1546 831 1594 sire
844 1545 991 1600 cometicum
1003 1543 1063 1594 illud
1075 1545 1210 1608 negotium,
1230 1544 1280 1592 sive
1294 1541 1389 1605 quidvis
1409 1540 1475 1590 aliud
1554 1579 1557 1588 .

119 1621 255 1670 concernat,
275 1615 387 1663 conferre
406 1613 512 1669 libuerit,
531 1614 641 1663 invenies
659 1629 698 1663 me
716 1630 759 1678 pro
778 1631 832 1666 meo
850 1615 948 1665 modulo
967 1622 992 1666 et
1010 1622 1131 1680 quantum
1147 1614 1267 1667 hactenus
1286 1615 1312 1662 in
1330 1613 1359 1662 iis
1374 1613 1475 1676 ‘assequi

119 1685 183 1734 licuit
201 1685 233 1735 ad
251 1684 452 1748 respondendum
470 1699 519 1732 non
538 1683 668 1734 difficilem.

182 1756 293 1806 Allatum
312 1755 372 1804 mihi
390 1771 469 1828 nuper
486 1761 525 1804 est
542 1756 663 1805 eruditum
682 1757 804 1820 quoddam
817 1759 938 1821 ,scriptum
953 1757 1123 1808 mathematici
1137 1755 1278 1809 excellentis
1291 1753 1315 1805 J.
1329 1753 1474 1818 Keplerii

118 1825 266 1890 eStyria,
293 1829 320 1900 in
341 1841 389 1890 quo
416 1826 578 1877 revolutiones
603 1828 759 1890 planetamm
777 1831 912 1879 secundum
930 1831 1033 1878 formam
1053 1826 1246 1892 Cepernicaeam
1265 1827 1296 1876 ad
1316 1822 1331 1874 5
1351 1825 1475 1891 regularia

118 1911 216 1962 corpora
233 1899 376 1948 harmonice
395 1899 507 1962 redigere
525 1900 654 1964 ingeniosa
672 1913 733 1949 sane
751 1901 920 1964 speculatione
939 1908 1056 1961 conatur,
1080 1913 1131 1964 qua
1154 1901 1228 1948 etiam
1254 1898 1285 1948 de
1301 1913 1328 1947 re
1346 1912 1423 1962 nuper
1442 1897 1474 1947 ad

117 1985 154 2020 me
171 1971 326 2034 perscripsit,
352 1985 431 2033 eoque
457 1970 492 2020 illi
515 1977 634 2034 quantum
658 1985 717 2034 prae
735 1964 923 2035 occupationum
942 1971 1005 2022 mole
1023 1972 1093 2021 licuit
1110 1984 1192 2020 meam
1210 1970 1316 2020 vicissim
1334 1968 1364 2020 de
1383 1968 1474 2018 talibus

117 2043 201 2105 aperui
218 2043 386 2099 sententiam
405 2041 476 2091 rideo
496 2051 580 2091 autem
597 2049 624 2090 te
643 2043 669 2091 in
688 2043 774 2092 eodem
792 2043 852 2093 libro
870 2045 901 2092 de
919 2043 1048 2107 hypothesi
1065 2043 1161 2093 anobis
1175 2047 1233 2091 ante
1247 2056 1325 2091 annos
1338 2040 1473 2104 complures

116 2115 248 2164 adinventa
266 2112 387 2162 nonnulla
405 2115 477 2177 quasi
496 2103 637 2162 dubitanter
655 2113 759 2169 adferre,
780 2129 835 2164 curn
853 2116 989 2179 promiscue
1003 2128 1057 2164 eam
1071 2115 1146 2164 etlam
1159 2113 1214 2163 aliis
1226 2113 1328 2170 tdbuas,
1348 2111 1473 2177 plagiariis

115 2185 176 2234 iorts
194 2187 256 2234 meis
274 2185 376 2232 nimium
395 2185 548 2242 auscultans,
567 2191 619 2233 tum
638 2200 733 2250 quoque
751 2185 823 2249 plura
835 2187 865 2236 de
879 2187 966 2236 cadem
978 2186 1094 2242 inserens,
1113 2199 1177 2249 quae
1195 2186 1215 2234 si
1234 2183 1412 2234 consideratius
1431 2199 1472 2233 ex·

115 2256 255 2319 peudimes,
284 2261 311 2304 et
336 2256 489 2305 sententiam
513 2263 623 2305 nostram
647 2262 720 2319 atque
745 2271 829 2306 omnes
854 2258 995 2308 occasiones
1013 2257 1085 2318 hujus
1103 2256 1266 2320 hypotheseos
1285 2255 1473 2305 constituendae

116 2327 272 2392 undiquaque
290 2334 436 2390 perspectas
457 2326 597 2382 habuisses,
621 2325 825 2383 haesitationibus
849 2329 998 2391 ejuscemodi
1020 2329 1082 2378 forte
1101 2328 1286 2392 supersedisses.
1323 2327 1398 2391 Atqui
1417 2341 1472 2391 ego,

115 2401 136 2446 xi
153 2399 198 2448 tihi
216 2398 274 2463 quid
292 2397 318 2447 in
335 2398 385 2447 hac
403 2399 544 2448 inventione
561 2399 668 2462 scrupuli
686 2405 770 2460 restet,
790 2400 815 2448 id
834 2414 946 2450 amovere
959 2407 1033 2464 atque
1045 2400 1151 2464 penitius
1164 2414 1214 2450 rem
1230 2413 1327 2449 omnem
1339 2397 1472 2462 explanare

114 2479 214 2533 paratus
232 2485 301 2530 sum,
320 2470 386 2535 quod
404 2471 482 2518 etiam
499 2485 537 2520 res
554 2470 610 2532 ipsa
627 2469 736 2528 docebit,
763 2471 804 2519 ubi
822 2471 978 2535 planetarum
1004 2479 1084 2521 motus
1110 2471 1143 2520 ad
1166 2485 1222 2520 eam
1239 2483 1350 2519 normam
1369 2481 1385 2520 a
1403 2470 1472 2538 nobis

114 2542 175 2592 adeo
195 2549 312 2592 accurate
331 2555 452 2604 expansos
471 2542 628 2605 cogneveris,
654 2547 682 2590 ut
700 2540 760 2591 nudi
779 2543 823 2602 sit,
848 2541 912 2606 qnod
930 2557 1016 2594 sensus
1035 2542 1138 2606 amplius
1162 2543 1299 2606 requirant,
1326 2546 1383 2590 utut
1400 2547 1428 2590 tu
1446 2543 1472 2591 in

114 2613 200 2662 eodem
217 2613 299 2662 libelle
318 2611 349 2662 de
369 2615 535 2662 astronomiae
552 2613 702 2663 correctione
720 2628 770 2663 non
792 2612 870 2664 solum
892 2614 1003 2664 dubitare
1021 2614 1066 2664 sed
1079 2620 1105 2663 et
1118 2614 1226 2662 animum
1238 2613 1346 2675 abiicere
1359 2612 1470 2671 ridearis,

114 2683 172 2734 licet
192 2692 269 2735 antea
287 2683 361 2734 aliter
380 2698 449 2746 spem
468 2684 561 2734 leceris.
602 2683 629 2732 Si
648 2685 679 2733 ab
699 2687 819 2734 anteriore
846 2700 889 2748 per
907 2700 1010 2748 corpora
1027 2687 1076 2734 ista
1094 2685 1218 2751 regularia
1235 2684 1385 2733 dimensione
1404 2684 1473 2732 iacta

114 2769 145 2804 aa
162 2755 317 2804 restituenda
335 2757 382 2805 erit
399 2755 480 2818 potius
498 2769 572 2820 quam
590 2770 621 2805 ex
640 2758 763 2804 accuratis
782 2755 993 2806 observationibus
1011 2771 1028 2806 a
1046 2757 1172 2820 posteriori
1190 2757 1291 2812 sumtis,
1320 2754 1394 2804 veluti
1412 2753 1470 2804 insi-

114 2841 186 2884 nuas,
195 2828 280 2890 utique
288 2827 362 2875 nimis
372 2826 422 2886 diu,
433 2827 454 2874 si
464 2841 513 2876 non
520 2841 617 2889 prorsus
627 2825 652 2875 in
662 2835 806 2890 perpetuum
816 2827 907 2877 frustra
916 2829 1107 2891 expectabimus,
1117 2834 1249 2891 antequam
1258 2826 1309 2876 tale
1319 2825 1377 2889 quid
1387 2839 1403 2874 a
1412 2840 1470 2889 quo·
1535 2827 1537 2843 '

114 2913 187 2960 qnam
205 2900 327 2962 praestari
344 2897 442 2960 poterit
481 2896 541 2946 Cum
560 2905 586 2946 et
603 2898 703 2946 istorum
722 2899 868 2963 regularium
888 2913 1013 2963 corporum
1032 2899 1189 2949 dimensionis
1208 2896 1346 2960 explicatio,
1365 2897 1386 2944 si
1404 2898 1471 2946 omni
1560 2901 1563 2913 '

114 2983 144 3017 ex
161 2977 232 3032 parte
252 2969 407 3019 admittenda
426 2969 496 3024 ieret,
516 2969 723 3018 observationibus
737 2970 939 3020 antecedentibus
952 2971 997 3020 niti
1010 2979 1035 3020 et
1048 2968 1198 3033 comprobari
1211 2968 1309 3026 debeat,
1329 2981 1375 3016 uec
1395 2969 1471 3016 etiam

112 3040 272 3103 particularia
289 3055 401 3104 quaeque
419 3049 517 3104 praeter
534 3041 688 3106 generaliora
710 3041 754 3090 illa
776 3047 900 3106 utcunque
923 3057 950 3090 se
973 3041 1091 3091 habentia
1111 3039 1169 3090 hinc
1195 3053 1238 3093 ea.
1265 3053 1314 3103 qua
1342 3053 1403 3102 opus
1422 3047 1468 3096 est,

113 3113 266 3174 praecisione
284 3113 387 3161 derivari
405 3117 515 3174 possunt,
530 3112 599 3176 ,quod
618 3120 643 3161 te
661 3127 710 3161 non
728 3112 806 3162 latere
825 3113 935 3163 arbitror.
964 3112 1050 3177 Neque
1064 3113 1138 3162 etiam
1156 3111 1236 3161 adhuc
1254 3111 1315 3159 satis
1334 3111 1469 3160 extricatus

113 3193 170 3232 sunt
190 3185 345 3247 planetarum
361 3183 477 3232 biiormes
489 3182 688 3250 inaequalitates,
706 3197 767 3246 quas
781 3183 870 3250 duplici
884 3186 1021 3234 excentrica
1034 3183 1072 3232 vel
1086 3183 1182 3234 circello
1196 3187 1323 3242 excusant,
1342 3183 1470 3246 ignoratur

114 3256 179 3304 enim
195 3259 264 3319 justa
279 3255 369 3304 harum
386 3255 517 3318 proportio,
536 3260 565 3304 ut
583 3254 613 3304 de
632 3256 751 3319 apogaeis
769 3271 819 3304 non
838 3257 919 3305 dicam
936 3255 1009 3321 longe
1028 3255 1099 3306 aliter
1117 3271 1143 3306 se
1155 3254 1311 3311 habentibus,
1330 3268 1403 3318 quam
1423 3254 1470 3302 lert

113 3341 162 3374 uon
181 3327 258 3376 solum
276 3326 431 3390 alphonsius
449 3327 492 3374 sed
512 3328 587 3376 etiam
607 3323 760 3390 Cepernicea
778 3328 940 3376 ratiocinatio.
979 3327 1045 3386 Quin
1063 3327 1139 3376 etiam
1158 3339 1243 3376 annua
1260 3323 1303 3374 illa
1321 3325 1468 3375 diversitatis

114 3398 212 3446 eridane
231 3398 363 3447 insinuatio
382 3412 429 3447 nec
443 3397 500 3446 dum
513 3399 573 3447 satis
587 3405 714 3462 comperta
726 3405 771 3454 est,
791 3399 827 3448 ita
839 3405 867 3447 ut
878 3398 1040 3462 undequaque
1053 3399 1102 3448 suis
1120 3397 1225 3448 numeris
1239 3392 1350 3446 absolute
1363 3401 1467 3452 constet,

114 3475 141 3516 ut
158 3470 190 3518 ob
207 3469 233 3518 id
251 3484 264 3518 e
284 3468 442 3532 Coperniceis
463 3471 655 3532 proportionibus
673 3468 816 3520 circulorum
833 3469 897 3520 haee
916 3484 961 3526 ea,
988 3484 1037 3534 qua
1061 3470 1202 3533 requiritur,
1224 3468 1360 3518 subtilitate
1386 3469 1469 3517 rimari

114 3540 204 3589 invium
221 3541 267 3598 sit;
294 3554 344 3604 qua
362 3541 439 3590 etiam
457 3541 488 3590 de
506 3556 533 3590 rc
551 3541 739 3592 eruditissimum
758 3540 892 3604 Keplernm
909 3555 952 3605 per
968 3540 1054 3590 literas
1072 3541 1202 3598 admonui,
1226 3541 1294 3590 etin
1313 3539 1409 3598 Marte,
1428 3540 1468 3588 ubi

113 3609 161 3660 hae
181 3611 332 3662 differentiae
351 3614 431 3676 magis
449 3619 507 3660 sunt
524 3613 665 3670 sensibiles,
689 3612 825 3676 exemplum
851 3613 964 3662 indicari.
1000 3611 1093 3662 Verum
1111 3613 1141 3662 de
1159 3613 1197 3662 his
1216 3619 1242 3662 et
1260 3611 1378 3660 similibus
1396 3611 1469 3660 nimis

114 3685 230 3744 prohxnm
249 3685 312 3733 ioret
328 3683 370 3732 bic
388 3684 487 3748 singula
505 3685 610 3748 exsequi.

185 3754 231 3806 Ubi
249 3769 324 3819 opera
341 3769 400 3804 mea
419 3757 584 3805 astronomica
601 3756 680 3806 lucem
698 3755 822 3818 publicam
840 3755 952 3810 viderint,
971 3753 1036 3819 quod
1053 3770 1118 3805 nunc
1135 3754 1233 3818 magnis
1250 3752 1340 3802 viribus
1358 3767 1405 3803 nec
1423 3753 1467 3802 mi·

114 3827 210 3877 neribus
227 3842 301 3891 quam
321 3834 398 3876 antea
416 3827 442 3875 in
459 3829 541 3890 patria
553 3842 638 3892 urgeo,
655 3828 796 3893 perspicies,
814 3827 852 3874 uti
864 3841 944 3890 spero,
960 3839 1014 3875 rem
1033 3827 1224 3880 astronomicam
1242 3824 1313 3874 aliter
1331 3838 1405 3887 quam
1423 3839 1466 3888 pu·

115 3905 182 3946 tatur
198 3899 360 3962 redintegrari
379 3912 460 3961 posse,
479 3905 505 3948 et
524 3913 563 3948 me
582 3898 856 3948 non'contemnendam
874 3899 900 3946 in
916 3911 947 3946 ea
960 3896 1054 3947 locasse
1067 3912 1180 3963 operam
1199 3910 1274 3960 quere
1293 3895 1323 3945 de
1342 3895 1379 3944 his
1397 3895 1468 3960 plura

115 3982 179 4018 nunc
196 3986 245 4019 non
263 3969 338 4019 addo.
376 3971 452 4020 eliud
470 3970 586 4035 quiddam
604 3977 654 4028 est,
681 3971 726 4020 etsi
750 3971 849 4018 minoris
873 3969 1004 4028 momenti,
1029 3969 1094 4032 quod
1116 3977 1200 4018 tamen
1226 3967 1259 4017 ad
1277 3968 1403 4032 negotium
1421 3968 1468 4017 hoc

117 4043 249 4092 omnimode
268 4041 452 4106 exsequendum
470 4057 521 4092 non
540 4055 626 4104 parum
644 4042 768 4098 conducit,
787 4056 830 4105 pro
850 4057 881 4092 ea
894 4039 1016 4098 videlicet,
1035 4055 1109 4105 quam
1127 4039 1316 4090 meridianorum
1333 4039 1424 4104 ingerit
1441 4041 1468 4088 in

115 4114 214 4164 rotundo
232 4113 324 4164 Terrae
343 4113 417 4178 giobo
437 4113 562 4184 alteratio,
586 4113 726 4164 diversitate
755 4113 859 4164 necdum
887 4113 948 4162 satis
967 4118 1084 4163 accurate
1102 4111 1244 4175 explorate,
1269 4111 1299 4160 de
1318 4124 1365 4173 quo
1383 4118 1466 4161 tecum

116 4196 186 4248 agere
213 4200 320 4236 ararem.
366 4183 393 4234 Si
417 4185 500 4250 itaque
524 4185 616 4250 aliquot
641 4186 756 4248 eclipses,
781 4185 924 4247 praesertim
949 4184 1074 4240 Lunares,
1099 4183 1170 4232 isthic
1194 4183 1315 4246 exquisita
1338 4182 1467 4249 diligentia

116 4259 248 4316 praeteritis
266 4259 341 4308 annis
361 4257 504 4306 observatas
521 4255 598 4306 babes
618 4253 660 4316 (de
678 4273 725 4321 quo
744 4272 793 4305 non
812 4253 920 4318 dubito),
946 4271 1030 4306 earum
1055 4261 1180 4304 momenta
1202 4269 1246 4318 per
1271 4255 1466 4303 observationum

117 4329 185 4376 etiam
204 4329 408 4380 circumstantias
431 4343 526 4378 mecum
548 4335 644 4378 mature
670 4329 835 4378 communices
860 4329 946 4385 selim,
968 4324 1021 4391 'quo
1047 4326 1178 4376 collatione
1203 4326 1273 4375 lacta
1294 4341 1351 4375 cum
1370 4323 1404 4373 2⁰
1423 4329 1467 4372 aut

113 4399 212 4462 pluribus
226 4402 315 4450 Lunae
329 4399 447 4463 deliquiis
466 4413 481 4448 a
497 4415 537 4449 me
555 4415 605 4449 non
623 4402 708 4462 paucis
723 4401 776 4462 jam
795 4401 927 4449 transactis
946 4397 1017 4448 annis
1036 4397 1165 4462 diligenter
1183 4396 1344 4446 consideratis
1363 4394 1465 4446 conferri

113 4480 206 4533 queant
232 4473 359 4522 Existimo
381 4471 447 4519 enim
465 4485 504 4520 me
522 4471 604 4536 aliqua
622 4473 686 4520 inter
704 4484 744 4527 ea,
763 4485 826 4535 quae
845 4486 891 4538 ego
911 4469 1033 4527 denotavi,
1052 4471 1214 4524 inventurum,
1233 4482 1298 4533 quae
1317 4468 1392 4516 etiam
1406 4479 1422 4512 a
1439 4469 1465 4514 tc

111 4543 177 4594 isthic
194 4546 331 4595 observata
350 4547 422 4598 sunt,
442 4548 513 4605 atque
531 4542 587 4593 hinc
605 4543 795 4592 meridianorum
812 4541 980 4605 intercapedo,
1000 4547 1044 4590 aut
1062 4540 1094 4589 ad
1109 4541 1236 4589 minimum
1255 4539 1343 4588 ductus
1362 4535 1464 4594 alicujus

110 4617 229 4668 meridiani
248 4631 296 4681 per
313 4623 391 4666 certa
409 4613 528 4676 quaedam
538 4615 687 4664 Germaniae
704 4613 760 4662 ioca
777 4613 936 4678 pervestigari
954 4613 1051 4676 poterit,
1070 4611 1254 4675 praesupposito
1273 4610 1384 4678 nimimm
1403 4617 1464 4665 quo·

109 4685 160 4738 dam
185 4691 288 4756 cognito
314 4685 351 4736 ad
372 4685 494 4734 rationem
512 4700 578 4742 eam,
603 4701 676 4750 quam
695 4684 852 4736 Ptolemaeus
871 4693 896 4736 et
916 4682 1063 4746 Copexnicus
1083 4686 1257 4743 assumserunt.
1295 4678 1348 4727 Hoc
1366 4675 1386 4722 si
1404 4672 1464 4754 milti

105 4763 250 4822 pmsuteris
270 4759 372 4814 officii,
400 4769 452 4804 rem
469 4771 516 4820 non
537 4757 614 4808 scium
639 4764 737 4824 gratam
765 4756 810 4807 sed
836 4759 912 4806 etiam
936 4755 1101 4804 astronomiae
1120 4749 1265 4816 promotioni
1283 4759 1332 4799 non
1351 4743 1464 4794 inutilem

106 4832 214 4885 silemus.
254 4832 333 4883 Idem
353 4841 456 4894 quoque
474 4830 536 4892 apud
555 4831 630 4887 alios,
654 4834 773 4895 quotquot
795 4830 850 4879 novi
865 4826 1013 4900 coelestibus
1032 4822 1183 4890 appetentiis
1203 4818 1308 4868 fideliter
1326 4814 1462 4876 attondere,
