3674 5528
302 285 368 352 346
725 288 826 338 Literna
846 287 946 351 Kepleri
966 287 1117 350 allommque
1134 296 1236 338 mutuae
1343 293 1350 302 ’

301 449 376 504 valet.
395 453 422 498 et
438 461 478 498 res
495 447 529 496 sd
542 445 657 510 Optiearn
677 445 775 512 nisque
793 447 946 510 mutuantes
965 447 1133 497 auunculus
1150 445 1283 498 milicitun
1294 453 1383 498 teuent
1393 447 1544 499 Fabricius.
1576 446 1662 507 Qum

301 519 420 585 prioribus
436 531 520 582 pauca
531 523 630 568 tautum
642 518 804 582 adiungenda
815 523 886 574 suut,
905 529 969 582 quae
981 523 1098 580 spectent
1107 518 1174 568 banc
1186 533 1286 581 operum
1298 520 1402 584 Kepleri
1414 525 1524 582 putem.
1545 521 1585 570 eui
1598 517 1663 568 baec

301 589 481 655 praemisimus.
517 585 633 638 Proxima
650 589 753 653 Kepleri
772 587 891 652 epistola,
912 586 972 636 data
991 588 1014 636 d.
1037 587 1077 638 18.
1092 589 1155 640 Dec.
1169 585 1253 645 1001,
1272 591 1346 653 plane
1359 591 1419 639 nihil
1432 591 1517 646 habet.
1535 589 1602 654 quod
1614 588 1663 638 buc

264 663 267 668 '
301 661 415 726 pertinet.
459 659 480 708 E
492 661 605 723 sequenti
619 656 654 720 (d
672 659 713 708 ll.
729 657 785 708 Oct.
802 655 883 718 1005)
897 665 1008 721 apparet,
1027 673 1077 709 uon
1085 661 1207 709 remisisse
1221 661 1327 710 Fabricii
1340 661 1462 711 scribendi
1474 661 1593 715 seudum.
1606 673 1663 708 cunr

301 731 423 794 Keplerue
442 730 475 780 ad
488 727 504 778 i
524 733 577 792 ejus
595 728 680 789 literar
692 743 838 794 perannum
853 725 920 778 :ooo
935 729 1059 793 adipum
1072 730 1145 780 datas
1157 731 1229 780 simul
1241 731 1400 796 responderit.
1432 732 1560 796 Perqiruus
1573 730 1663 780 eadem

301 809 446 868 queuntes
463 802 568 860 ratione,
592 816 677 850 omues
693 801 739 850 has
753 800 858 850 Fabricii
871 801 1014 850 omittentes
1026 802 1193 864 quaestiones,
1213 803 1244 854 ed
1256 817 1319 868 quaa
1330 818 1380 853 uon
1391 803 1517 867 respondit
1528 801 1662 865 Keplerua

371 873 540 922 Fabricius
560 866 597 934 (1.
612 867 678 934 [11]
688 872 747 922 Juu.
763 867 858 931 rocci:
879 869 1007 931 Quomodo
1019 872 1105 922 linea
1122 873 1303 924 meridiana
1319 873 1511 938 deprehenditur
1524 869 1663 936 subpolis?

393 942 593 1022 Keplerus:
627 943 674 1005 De
699 942 865 1005 meridiana
887 943 943 1004 sub
965 943 1036 1022 polo
1060 945 1231 1022 quaerenda
1260 945 1420 1024 scripsisse
1443 963 1492 1008 me
1515 945 1589 1006 olim
1613 951 1664 1006 sat

303 1031 434 1093 memini.
482 1029 613 1102 Quaeris
638 1031 807 1112 oppositum
831 1031 860 1092 in
888 1031 1023 1111 adjecto,
1049 1033 1078 1093 id
1102 1051 1223 1113 nempe,
1255 1035 1333 1113 quod
1366 1039 1498 1095 nonest
1527 1032 1586 1094 uisi
1610 1051 1662 1093 re-

236 1122 248 1130 '
302 1128 408 1199 spectu
431 1117 490 1181 loci
515 1119 641 1200 alicujus
665 1119 694 1181 in
719 1119 822 1194 Terra,
848 1129 883 1181 ut
903 1119 1117 1200 Norduegiae,
1141 1121 1331 1194 Moscoviae,
1354 1122 1529 1184 Hiberniae.
1578 1121 1664 1182 Tunc

304 1227 361 1270 non
386 1208 512 1281 coelum,
537 1208 590 1270 sed
615 1208 709 1270 Terra
732 1209 931 1283 consulenda:
965 1215 1143 1289 prospectus
1162 1227 1284 1290 nempe,
1310 1219 1364 1272 aut
1387 1211 1413 1271 si
1437 1211 1514 1272 forte
1536 1229 1664 1288 magnes

301 1297 469 1371 intueatm‚
504 1296 540 1358 de
573 1314 631 1377 quo
664 1295 836 1371 Gilbertus3
869 1297 1002 1359 declinat
1033 1315 1140 1379 nempe
1173 1319 1192 1360 a
1223 1299 1293 1378 polo
1324 1298 1364 1361 ad
1394 1306 1499 1380 partes
1523 1298 1661 1378 potiores
1771 1365 1774 1376 Ι

302 1394 457 1457 terrarum,
483 1385 668 1446 exstantium
691 1404 731 1446 ex
753 1381 885 1465 aquie‘)

373 1473 554 1524 Fabricius:
576 1472 603 1524 Si
622 1489 652 1524 ex
670 1475 763 1537 aliquot
781 1471 935 1536 aaronycbiir
953 1473 981 1534 li,
1007 1475 1080 1539 longo
1099 1480 1209 1538 tempore
1234 1475 1398 1532 distaudbus,
1427 1474 1460 1525 ad
1478 1475 1609 1524 minimum
1628 1470 1664 1522 ²⁰

302 1545 382 1600 anuis.
401 1545 575 1594 eccentricitas
593 1549 620 1594 at
637 1558 776 1610 apogaeum
793 1545 881 1609 inquiri
899 1545 999 1604 debent,
1018 1545 1152 1610 quaeritur.
1172 1559 1205 1596 au
1223 1561 1272 1596 nou
1292 1547 1376 1610 aliqua
1393 1547 1502 1596 varietas
1520 1545 1661 1611 ingeratur,

301 1615 338 1665 ita
357 1621 385 1664 ut
403 1629 486 1664 rerum
515 1627 654 1681 apogaeum
678 1616 717 1665 vel
743 1615 867 1678 aphelium
893 1615 946 1665 dari
971 1631 1021 1666 uon
1047 1617 1140 1678 possit,
1167 1631 1223 1666 cum
1249 1617 1360 1666 &remae
1383 1617 1568 1666 observationes
1588 1615 1604 1674 b,
1623 1615 1660 1666 di-

300 1701 372 1737 versa
391 1685 467 1734 etiam
484 1687 619 1749 respiciant
638 1684 771 1751 apogaeal
809 1686 842 1734 Et
860 1685 979 1750 quomodo
998 1688 1072 1736 errori
1091 1682 1123 1749 (si
1135 1689 1190 1752 quis
1208 1688 1265 1738 inde
1284 1683 1422 1749 redundet)
1445 1686 1596 1736 obviandum
1614 1685 1663 1736 siti

388 1756 595 1835 Keplerus:
622 1757 726 1832 Putas,
751 1756 832 1818 iutra
856 1753 898 1819 30
914 1776 1016 1838 ‘anuos
1040 1755 1199 1838 reditueii
1223 1759 1332 1820 mutari
1354 1776 1521 1838 apogaeum
1546 1758 1662 1822 intole-

300 1845 445 1907 rabiliter·
492 1843 633 1921 Quaeris,
658 1846 804 1926 quomodo
829 1845 1006 1907 medendum
1029 1845 1059 1908 iu
1075 1846 1266 1908 restitutione
1291 1847 1375 1929 ejus?
1421 1845 1492 1909 Jam
1508 1847 1564 1907 hoc
1579 1847 1659 1908 Pto-

299 1934 433 1996 lemaeus
456 1932 486 1993 in
510 1933 598 1994 Luna
621 1934 732 1996 docuit.
779 1933 931 1996 Utendum
955 1941 1004 1995 est
1026 1953 1084 1996 uon
1110 1935 1237 2000 arcubus
1261 1935 1315 1996 sub
1340 1935 1475 2010 zodiaco,
1500 1935 1556 1996 sed
1580 1953 1659 1996 auo-

299 2023 399 2084 maliis
424 2020 609 2101 simplicibus
633 2029 665 2083 et
688 2021 873 2102 coaequatis,
899 2023 1035 2103 quamvis
1059 2023 1159 2085 hercle
1183 2023 1458 2104 perexiguum'hoc
1483 2031 1541 2098 est,
1567 2023 1659 2104 quid-

300 2110 369 2190 quid
400 2117 457 2172 est.
505 2109 616 2171 Martis
648 2129 743 2190 aeque
776 2111 865 2173 velox
893 2120 941 2173 est
970 2110 1122 2191 aphelium
1152 2113 1415 2193 quamproxime,
1450 2111 1525 2174 nihil
1558 2119 1662 2173 iumen

300 2197 371 2260 mihi
395 2200 497 2259 nocuit
520 2197 568 2259 hic
591 2205 690 2260 motus
714 2199 881 2278 neglectus,
907 2199 1043 2280 quamvis
1067 2200 1093 2261 ei
1118 2202 1215 2280 major
1238 2200 1460 2262 eccentricitas.

370 2287 558 2336 Fabricius:
579 2285 784 2352 compendiosam
808 2294 877 2337 tuem
896 2287 985 2338 Lunae
1004 2287 1061 2339 loca
1079 2303 1109 2339 ex
1128 2289 1265 2339 canonibus
1284 2288 1432 2351 Tycbouicis
1452 2287 1602 2352 supputandi
1622 2301 1662 2336 ra·

299 2359 393 2408 tionem
410 2355 470 2407 mibi
489 2359 664 2419 communices,
684 2371 786 2422 quaeso.

389 2429 597 2508 Keplerus:
631 2429 678 2490 De
711 2429 816 2492 Lunae
845 2430 1020 2508 compendio
1050 2431 1116 2510 jam
1148 2448 1241 2509 saepe
1275 2429 1426 2509 respondi.
1481 2429 1556 2490 Plus
1591 2428 1662 2490 mihi

300 2517 411 2580 laboris
435 2516 642 2578 insumendum
665 2518 694 2579 in
726 2518 932 2592 describendo,
964 2536 1054 2597 quam
1088 2519 1191 2580 decem
1225 2517 1277 2579 alii
1300 2518 1423 2596 capient
1453 2517 1599 2579 utilitatis
1632 2517 1660 2576 in

300 2606 422 2668 utendo.
470 2603 686 2685 Compendium
711 2612 758 2668 est
782 2606 939 2686 dispendio
963 2605 1077 2680 simile,
1110 2607 1140 2667 in
1170 2625 1227 2686 quo
1250 2624 1326 2686 pene
1350 2605 1424 2667 nihil
1450 2604 1577 2680 tollitur,
1603 2604 1662 2666 nisi

300 2693 497 2773 triangulum,
531 2695 608 2775 quod
638 2713 696 2756 nou
721 2693 863 2769 solvitur,
898 2701 928 2755 et
961 2701 1094 2758 motuum
1119 2695 1283 2756 mediorum
1316 2713 1374 2756 uon
1398 2693 1432 2756 fit
1456 2704 1519 2757 tam
1542 2693 1662 2773 prolixa

300 2783 425 2846 additio.
473 2781 507 2845 Si
530 2783 700 2862 exemplum
724 2781 876 2857 haberem,
900 2784 990 2862 plane
1015 2802 1072 2844 non
1097 2802 1249 2862 negarem.

369 2872 557 2922 Fabricius:
578 2870 656 2934 Cupio
674 2886 705 2921 ex
717 2877 743 2921 te
762 2885 922 2936 cognoscere,
942 2885 975 2922 au
993 2871 1074 2921 nullus
1093 2885 1124 2922 er
1141 2872 1251 2936 professo
1269 2869 1396 2935 scripserit
1413 2872 1445 2921 de
1463 2870 1597 2922 collatione
1616 2885 1661 2920 au-

299 2957 385 2992 uomm
404 2943 603 2992 obseruationum
621 2943 729 2992 omnium
747 2941 901 2992 Ptolemaei?

387 3031 591 3116 Keplerus:
623 3029 791 3092 Ptolemaei
816 3031 980 3093 observata
1010 3031 1154 3112 pleraque
1184 3031 1364 3112 Boutyngus
1398 3029 1426 3089 in
1454 3027 1661 3108 chronologia

299 3119 336 3182 ad
361 3121 505 3182 calculum
532 3117 769 3198 Oopemicauum
794 3118 988 3181 examinavit.
1036 3120 1162 3180 Praeter
1185 3118 1262 3179 hunc
1287 3119 1350 3180 scio
1370 3117 1528 3180 neminem.

369 3226 550 3276 Fabricius:
581 3223 726 3285 Quaeritur,
755 3239 788 3274 au
806 3225 910 3276 amatio
929 3225 1122 3275 eccentricitatis
1141 3223 1234 3274 Solaria
1260 3237 1347 3274 revera
1368 3224 1534 3274 mutationem
1552 3223 1661 3286 aliquam

299 3298 397 3361 iugarat
415 3303 551 3346 ceterorum
568 3293 694 3345 motibus?
731 3295 840 3346 Dubium
858 3297 924 3346 euim
951 3295 998 3346 hoc
1017 3297 1121 3358 primum
1140 3296 1187 3346 erit
1205 3295 1438 3350 demonstrandum.
1467 3309 1524 3344 oum
1544 3295 1660 3344 omene-

299 3369 383 3488 gitium
398 3367 534 3502 ξξοὲῗῃιιῖἰ
557 3367 606 3416 sint
624 3366 675 3414 lato
694 3366 766 3415 modo
785 3373 914 3430 acceptae.
940 3381 987 3416 uec
1005 3381 1088 3416 rerum
1108 3367 1320 3416 eccentricitatem
1349 3366 1381 3415 ad
1399 3366 1464 3416 illiue
1482 3371 1598 3430 tempora
1620 3379 1660 3414 eu·

388 3527 596 3607 Keplerus:
620 3523 843 3587 Eccentricites
858 3523 951 3598 Solis,
977 3523 1004 3587 si
1027 3523 1099 3586 clim
1122 3524 1180 3586 fuit
1202 3525 1307 3604 major,
1332 3525 1403 3595 ino·
1430 3521 1482 3586 16¹
1506 3543 1532 3587 c.
1558 3525 1660 3586 varie·

302 3622 395 3677 tatem
423 3621 527 3695 potest
554 3613 699 3692 ingerere.
745 3613 841 3675 Ecce:
874 3613 914 3675 sit
943 3619 968 3683 d
999 3612 1028 3673 in
1057 3613 1217 3691 perihelio,
1254 3611 1293 3691 Θ
1324 3614 1352 3674 in
1385 3612 1514 3692 aphelio.
1563 3611 1661 3683 Sit&

301 3701 448 3766 distantia
463 3723 490 3772 a
515 3699 554 3780 Θ
580 3699 721 3776 438300,
749 3699 788 3780 Θ
818 3698 958 3764 102100.
1005 3701 1039 3762 Iu
1064 3702 1176 3764 tabulis
1199 3703 1275 3764 meis
1298 3702 1399 3783 prodit
1422 3701 1513 3763 index
1540 3697 1660 3766 15058.

301 3791 345 3852 At
367 3791 438 3853 Sole
464 3793 596 3851 distante
625 3788 769 3858 101800,
798 3799 832 3852 ut
856 3790 960 3865 hodie,
990 3789 1081 3852 index
1111 3799 1157 3852 est
1186 3787 1303 3854 15202.
1350 3791 1499 3852 Doctrina
1527 3791 1661 3853 indicum

301 3879 424 3941 exhibet
450 3875 501 3942 16¹
525 3875 600 3942 38⁴⁴.
648 3879 681 3940 Iu
707 3879 732 3952 Ω
756 3880 852 3958 major
876 3885 979 3958 potest
1002 3878 1184 3957 contingere,
1209 3879 1239 3940 iu
1260 3879 1372 3942 ceteris
1395 3881 1501 3941 minor.
1549 3879 1663 3940 Modus

301 3968 375 4029 haec
404 3968 579 4048 explorandi
605 3968 670 4048 jam
696 3967 812 4048 pridem
847 3967 918 4028 milli
949 3965 1120 4029 destinatus
1145 3975 1193 4029 est
1222 3985 1276 4048 per
1297 3987 1388 4030 uuam
1413 3966 1662 4028 observationem

197 4053 199 4060 '
300 4057 467 4118 Ptolemaei
491 4057 521 4118 iu
545 4063 571 4128 d
594 4057 746 4130 habitam,
781 4074 818 4118 ex
839 4053 857 4117 5
882 4056 912 4116 in
935 4057 1122 4117 universum:
1157 4055 1187 4118 iu
1211 4057 1264 4118 illa
1287 4063 1313 4127 d
1336 4057 1393 4119 tuit
1420 4057 1546 4136 junctus
1571 4055 1661 4118 fixae.

301 4143 343 4206 Et
367 4162 487 4222 possem
515 4145 585 4207 hino
609 4145 698 4207 facile
720 4144 849 4225 probare
878 4144 1114 4206 eccentricitatis
1140 4141 1179 4222 Θ
1206 4147 1262 4225 (ὅ)
1286 4145 1485 4206 variationem
1514 4143 1562 4205 vel
1588 4163 1661 4206 oon-

301 4233 456 4303 stantiam,
480 4234 582 4312 posita
605 4232 757 4295 constanti
782 4233 1011 4295 excentricitate
1036 4241 1077 4308 (i,
1103 4233 1128 4294 si
1153 4234 1240 4294 modo
1265 4234 1348 4293 locus
1369 4231 1409 4310 Θ
1430 4251 1468 4294 ex
1483 4228 1662 4294 Ptolemaeo

302 4323 357 4383 sub
381 4321 447 4383 lixis
475 4321 552 4384 bene
576 4327 681 4401 posset
705 4321 743 4382 ad
768 4321 823 4384 illa
846 4329 982 4400 tempora
1007 4321 1185 4400 computari.
1232 4321 1277 4382 At
1308 4331 1423 4394 sueino,
1457 4327 1491 4381 ut
1514 4321 1572 4382 hoc
1598 4321 1658 4382 lieri

301 4430 358 4474 non
383 4409 490 4491 possit,
514 4409 584 4491 quis
607 4429 678 4471 usus
703 4410 827 4472 orientis
844 4411 947 4471 Lunae
972 4409 1168 4471 occumbente
1185 4407 1256 4471 Sole
1273 4429 1331 4470 non
1347 4419 1437 4471 cavet
1451 4409 1660 4470 refractiores.

371 4516 554 4566 Fabricius:
582 4515 677 4572 Audio,
705 4521 730 4565 te
756 4516 870 4566 diuturno
900 4521 925 4566 et
944 4517 1037 4567 difficili
1060 4517 1143 4566 morbo
1168 4516 1215 4566 boc
1235 4531 1301 4566 anuo
1320 4517 1460 4566 diremtum
1479 4515 1563 4565 fuisse.
1603 4516 1661 4578 Ejus

301 4587 373 4638 initia
390 4583 435 4638 be.
454 4589 517 4636 scire
535 4587 606 4650 cupio
627 4585 724 4652 aliaque
743 4600 807 4650 quae
826 4587 870 4637 tibi
889 4588 1042 4638 acciderunt.

390 4675 592 4755 Keplerus:
625 4673 673 4736 De
702 4675 806 4737 morbo
836 4695 902 4738 meo
934 4675 1073 4756 quaeris?
1118 4675 1225 4738 Febris
1256 4676 1385 4736 erratica
1416 4675 1473 4736 fnit
1497 4683 1529 4736 et
1552 4673 1659 4746 bilosa,

303 4774 441 4842 quartum
455 4762 610 4858 recidiva,
635 4783 702 4826 cum
725 4765 851 4826 subinde
875 4765 904 4847 iu
929 4765 1033 4827 diaeta
1055 4783 1223 4845 peccarem.
1270 4761 1322 4826 20.
1336 4763 1412 4842 Maji
1437 4770 1476 4825 st.
1502 4782 1531 4826 n.
1557 4763 1662 4845 adegit
