3586 5518
725 285 807 351 ceo
823 285 866 337 n.
1415 287 1477 356 rer

133 451 161 502 ds
174 447 241 501 tlsesi
254 447 329 516 ipsa:
349 463 423 518 quae
438 453 530 502 ιειιιειι
544 449 579 502 ad
592 437 762 519 b'ypothesin
776 450 803 503 in
816 449 870 504 boc
884 450 991 521 quidem
1006 455 1097 521 caput,
1114 456 1145 506 ut
1159 450 1237 522 coepi
1252 451 1351 517 dicere,
1368 469 1423 507 non
1436 453 1476 508 fs·

133 527 212 582 licita
229 525 282 580 tuit
300 527 455 597 applicata
905 562 912 569 -

202 601 227 670 o)
244 607 304 661 Hoc
317 609 352 661 de
367 607 400 661 iis
415 607 581 671 dictumest,
598 623 669 678 quae
684 607 712 662 in
725 625 829 679 genere
849 610 1036 672 quantitatum
1055 610 1191 665 rationem
1205 611 1311 666 habent
1334 613 1477 668 materiae.

132 687 206 740 Verbi
218 702 310 751 musa
331 687 506 757 sphaericum
524 688 611 757 ipsum
629 704 823 757 porsennam
836 696 925 744 tobim
946 691 1052 761 sibique
1067 689 1185 762 undique
1205 691 1293 746 simile
1314 699 1358 746 est
1377 693 1477 748 forma·

131 769 198 828 litem
218 775 248 820 at
264 768 457 832 materialiter,
472 773 505 821 ut
522 767 688 836 superficies,
713 768 801 822 babet
821 775 931 840 partem
951 777 1034 825 extra
1054 778 1171 840 partem.
1214 771 1267 824 Hic
1286 788 1347 826 cum
1368 773 1477 828 ratione

131 847 239 918 partium
251 847 406 902 dominetur
421 847 448 901 in
462 847 605 917 sphaerion
626 847 746 902 infinitas
761 848 910 912 divisionis,
935 850 1109 921 sphaericum
1130 851 1216 921 igitur
1231 851 1339 904 ratione
1354 869 1397 916 ea,
1423 867 1479 923 qua

131 927 254 996 inpartes
269 935 313 981 est
327 927 473 990 dividuum,
498 945 552 981 non
568 929 756 982 consideratur
770 929 932 994 formaliter,
955 933 1002 984 sed
1021 931 1212 995 materialiter,
1237 931 1297 996 sire
1316 933 1387 1002 quod
1408 933 1478 988 idem
1593 957 1595 962 ’

130 1015 174 1068 est,
194 1015 285 1075 partes
309 1007 448 1078 sphaerici
472 1007 601 1062 ionnales
623 1008 717 1063 nullae
739 1010 913 1082 sunt3‘quae
934 1027 1000 1065 vero
1022 1013 1048 1066 in
1072 1012 1120 1065 illo
1144 1011 1352 1066 considerantur
1371 1017 1476 1082 partes,

130 1087 274 1141 materiales
294 1095 368 1152 sunt,
393 1089 422 1142 in
445 1094 578 1159 quantum
600 1090 692 1159 dgura
715 1090 853 1160 sphaerici
876 1089 966 1144 utitur
988 1092 1106 1146 materia
1128 1091 1317 1162 quantitative
1340 1091 1477 1162 dividique

128 1173 219 1237 potest
258 1169 323 1222 lam
341 1185 408 1222 rere
427 1175 491 1222 actu
512 1168 671 1224 inscribitur
684 1170 770 1223 cubus
792 1171 954 1240 sphaerioo;
978 1172 1001 1225 si
1023 1171 1198 1242 sphaericum
1221 1171 1375 1226 formaliter
1387 1172 1477 1227 consi·

129 1249 229 1300 deretur
242 1253 274 1302 ut
287 1249 388 1320 ligura,
404 1249 480 1302 locus
496 1250 650 1319 quaestioni
665 1257 786 1314 nonest,
810 1251 974 1322 quibusnam
989 1252 1015 1305 in
1030 1252 1139 1322 punctis
1154 1252 1295 1306 statuendi
1309 1253 1366 1306 sint
1380 1253 1478 1324 anguli

129 1327 189 1390 cubi,
210 1327 251 1382 sin
271 1337 366 1384 autem
388 1328 571 1384 materialiter
594 1331 758 1395 consideres,
781 1333 1008 1402 utsuperdoiem
1030 1332 1195 1387 infinitomm
1215 1339 1390 1403 punctorum:
1414 1339 1479 1385 tunc
1562 1332 1570 1352 '

129 1408 224 1478 quidem
242 1409 400 1478 quaestioni
422 1410 498 1464 locus
518 1417 569 1474 est,
592 1411 690 1480 quibus
712 1411 883 1481 inponetis?
905 1419 936 1466 at
955 1413 1117 1482 responderi
1132 1429 1185 1465 non
1199 1419 1302 1481 potest,
1325 1429 1385 1468 cum
1406 1411 1477 1466 ratio

128 1488 196 1542 oolla
217 1488 261 1550 sit,
288 1507 339 1544 cur
361 1491 454 1560 potius
478 1490 505 1542 in
528 1489 571 1543 bis
592 1491 711 1560 punctis,
733 1508 816 1562 quam
838 1491 866 1546 in
890 1492 967 1546 aliis:
989 1492 1091 1562 quippe
1112 1498 1208 1562 potest
1228 1491 1256 1546 in
1279 1491 1390 1546 induitis
1414 1491 1477 1544 aliis

127 1577 199 1638 atque
218 1569 289 1624 eliis.

195 1648 284 1718 Huius
307 1649 421 1722 generis
442 1659 508 1706 suat
529 1658 560 1706 et
579 1651 652 1706 istae
674 1651 863 1722 quaestiones:
889 1668 949 1705 cum
968 1649 1084 1721 degitur
1102 1651 1222 1720 spatium
1236 1652 1477 1708 ultramundanum

127 1728 255 1792 binitum,
277 1739 311 1784 et
331 1732 364 1784 de
379 1746 413 1783 eo
437 1731 586 1802 quaeritur,
610 1749 658 1786 our
671 1732 764 1801 potius
782 1731 810 1784 in
824 1731 878 1784 bac
890 1740 972 1800 parte
986 1729 1083 1800 spatii,
1105 1748 1187 1802 quam
1205 1731 1233 1786 in
1254 1731 1312 1787 alia
1326 1732 1477 1786 collocatus

126 1809 158 1862 sit
168 1811 296 1874 mnndum
320 1811 387 1866 item
407 1825 468 1866 oum
487 1819 596 1881 tempus
611 1819 754 1867 aeternum
769 1809 938 1881 (oppositum
957 1813 986 1866 in
999 1809 1120 1880 arljeoto)
1135 1812 1250 1882 ringitur
1265 1811 1476 1882 quaeriturque:

126 1905 165 1942 arr
185 1891 291 1946 demum
313 1898 380 1946 ante
405 1909 455 1946 sex
476 1891 564 1946 millia
584 1908 718 1948 annorum
741 1891 865 1948 conditus
888 1892 925 1946 sit
944 1893 1073 1956 muudus,
1095 1891 1156 1946 Deo
1171 1893 1207 1947 ab
1223 1892 1295 1946 omni
1310 1893 1478 1948 aeternitate

125 1969 272 2024 abstinente
288 1987 308 2025 a
321 1973 458 2026 creando?
498 1971 571 2026 Nam
585 1979 615 2027 ct
628 1973 750 2043 spatium
769 1979 800 2026 et
811 1978 930 2043 tempus,
956 1972 983 2028 in
997 1988 1101 2044 genere
1122 1972 1317 2042 quantitatum,
1342 1973 1479 2027 rationem
1575 2037 1579 2050 ἢ

125 2050 218 2104 babent
235 2051 382 2115 materiae,
404 2059 534 2121 respectu
556 2053 665 2123 quidem
678 2053 863 2124 dgruatarum
882 2052 1078 2122 quantitatum.
1120 2051 1241 2108 Materia
1254 2069 1318 2106 tero
1340 2053 1373 2105 de
1388 2069 1418 2106 se
1432 2069 1478 2106 ra·

125 2129 202 2184 dones
215 2132 311 2186 nullas
326 2132 496 2202 suppeditet,
526 2133 589 2203 ipsa
610 2133 638 2186 in
651 2147 682 2186 se
705 2149 789 2187 unam
811 2140 842 2186 et
861 2132 950 2188 solam
973 2132 1173 2203 proprietatem
1195 2133 1290 2196 habet,
1315 2132 1479 2188 infinitatem

124 2211 240 2278 pardum,
261 2212 404 2266 acmalem
419 2213 535 2282 quidem,
558 2213 603 2267 rel
618 2213 722 2268 numeri
735 2213 781 2266 rel
797 2213 970 2282 quantitatis,
993 2212 1017 2267 si
1039 2212 1126 2281 ipsum
1148 2220 1236 2268 totum
1251 2220 1316 2268 actu
1330 2211 1477 2268 inlinitum:

123 2293 295 2358 potentialem
310 2309 376 2346 vero
391 2295 505 2357 numeri,
529 2294 554 2347 si
567 2300 656 2348 totum
670 2299 735 2348 actu
748 2292 863 2356 finitum,
886 2295 957 2364 quod
974 2293 1063 2347 solum
1076 2301 1121 2348 est
1133 2293 1273 2363 possibile,
1299 2309 1360 2348 cum
1369 2293 1478 2363 quanti·

123 2377 160 2424 tas
176 2380 220 2426 est
239 2372 269 2426 in
283 2373 405 2428 materis
417 2373 554 2444 corporali
573 2373 691 2444 physica
713 2374 759 2427 rel
773 2373 896 2428 coelesti.
938 2374 1007 2428 Vide
1025 2373 1145 2443 Epitom.
1160 2377 1236 2428 Δειι.
1257 2373 1304 2426 lib.
1319 2373 1350 2437 1,
1372 2373 1420 2427 ubi
1440 2374 1474 2426 de

123 2449 203 2520 lgrrra
222 2453 296 2506 coeli
315 2453 421 2524 agitur.
802 2495 805 2504 .

192 2545 222 2618 d)
242 2551 330 2604 Ratio
345 2551 491 2606 Aristoteli
505 2551 650 2610 familiaris
663 2551 708 2604 b'ic
722 2551 930 2620 impertinentes
945 2550 1106 2614 adhibetur;
1122 2551 1174 2606 imo
1189 2568 1224 2605 ne
1243 2549 1406 2620 principium
1421 2551 1479 2620 qui·

122 2630 175 2684 dem
188 2632 272 2686 datur
286 2631 407 2700 alicujus
421 2647 566 2703 regressus
581 2632 609 2686 in
623 2631 798 2702 assignandis
812 2631 977 2695 rationibus,
994 2632 1041 2685 ubi
1055 2633 1127 2686 ratio
1141 2632 1226 2702 plano
1240 2630 1320 2684 nulla
1334 2636 1385 2684 est

193 2724 219 2792 ε)
242 2727 280 2791 Si,
307 2729 425 2799 inquam,
450 2747 504 2782 uon
528 2735 573 2782 est
595 2728 702 2784 initium
726 2730 816 2800 operis
840 2729 996 2784 faciendum
1017 2729 1075 2783 sine
1098 2729 1214 2792 ratione,
1239 2728 1346 2782 nullum
1359 2745 1498 2800 unquam.

123 2808 221 2863 initium
243 2809 300 2863 erit
322 2809 492 2870 faciendum
514 2809 636 2863 rationes
660 2810 732 2864 enim
756 2811 790 2863 ad
814 2811 866 2864 boc
890 2811 934 2864 vel
949 2810 1016 2864 illud
1040 2810 1155 2874 initium,
1179 2809 1226 2862 ubi
1250 2811 1350 2862 dantur
1364 2808 1479 2871 infinita,

122 2888 198 2958 plane
217 2889 314 2943 nullae
335 2896 409 2943 sunt.
452 2890 528 2952 Quod
553 2889 640 2959 igitur
663 2891 690 2943 in
712 2889 823 2944 infinitis
843 2891 952 2959 punctis
967 2891 1026 2943 fieri
1046 2907 1134 2960 aeque
1148 2895 1251 2958 posset,
1277 2887 1303 2941 id
1323 2905 1384 2941 cum
1406 2887 1439 2941 tit
1453 2888 1480 2940 in

122 2985 207 3023 eorum
219 2987 277 3023 uno
302 2969 404 3040 aliquo,
429 2975 542 3040 praeter
565 2986 671 3023 omnem
692 2969 826 3024 rationem
850 2978 907 3033 est,
932 2971 1003 3040 quod
1027 2967 1054 3023 in
1074 2988 1107 3024 eo
1127 2969 1297 3039 potissimum
1321 2966 1374 3020 fuit
1395 2983 1477 3037 prae·

125 3049 206 3103 teritis
228 3049 302 3104 aliis.
382 3089 385 3095 ,

194 3123 219 3199 f)
242 3119 340 3200 Atqui
351 3129 506 3200 geometria
525 3131 606 3183 docet
625 3129 791 3184 locationem
814 3129 963 3200 pyramidis
986 3129 1012 3182 in
1034 3128 1103 3181 cubo
1123 3127 1210 3198 longe
1230 3125 1429 3181 concinniorem
1452 3133 1482 3181 et

123 3209 323 3278 perfectiorem:
340 3209 547 3273 concinniorem,
570 3209 636 3280 quia
650 3226 721 3280 quae
735 3209 807 3263 ratio
822 3219 867 3262 est
880 3208 1065 3278 inscriptionis
1079 3207 1266 3279 geometricae
1286 3207 1360 3261 illius
1376 3207 1403 3260 in
1418 3208 1481 3267 isto,

122 3291 212 3345 eadem
230 3291 316 3344 etiam
338 3290 366 3344 in
388 3291 487 3343 mondo
511 3290 645 3344 concinna
657 3290 726 3344 erit:
751 3297 782 3343 at
795 3290 963 3360 geometrice
987 3289 1108 3359 pyramis
1124 3289 1193 3343 cubo
1208 3287 1247 3341 sic
1262 3287 1426 3353 inscribitur,
1450 3295 1482 3342 ut

124 3371 261 3440 quodlibet
274 3371 351 3424 latus
365 3371 517 3439 pyramidis
532 3372 582 3425 liat
595 3371 740 3441 diagonios
754 3370 835 3423 nnius
856 3369 933 3439 plani
955 3369 1055 3422 cubici:
1077 3369 1270 3439 perfectiorem
1283 3386 1357 3433 vero,
1380 3366 1481 3440 quiesi

124 3452 236 3505 maxime
251 3451 326 3504 basis
341 3465 399 3503 una
412 3449 563 3519 pyramidis
575 3452 627 3504 fiat
640 3451 781 3519 parallelo
795 3449 855 3503 basi
870 3450 917 3503 uni
932 3449 1002 3513 cubi,
1019 3455 1111 3502 tamen
1127 3451 1215 3503 adhuc
1229 3450 1336 3503 incerta
1350 3457 1394 3503 est
1408 3451 1481 3502 loca·

125 3531 158 3583 tio
182 3531 300 3585 laterum
322 3531 398 3584 basis
422 3530 583 3601 triangulae
606 3531 696 3594 trium,
722 3537 850 3601 respectu
877 3531 994 3584 laterum
1022 3530 1096 3583 basis
1120 3531 1330 3600 quadrangulae
1355 3537 1481 3599 quatuor.

124 3611 216 3665 Potest
230 3612 303 3665 enim
318 3610 461 3682 quodlibet
475 3610 584 3666 illorum
605 3611 720 3665 cuilibet
740 3613 837 3664 borum
851 3610 1017 3679 parallelum
1040 3609 1140 3671 statua
1164 3618 1257 3680 potest
1273 3619 1302 3662 et
1316 3609 1483 3679 angulorum

124 3691 165 3744 uni
180 3691 307 3745 obtendi:
330 3698 363 3744 ut
376 3691 613 3761 perpendicularis
627 3692 720 3761 potius
736 3692 813 3762 plani
828 3690 1009 3761 triangularis
1025 3707 1084 3744 cum
1106 3689 1195 3742 latere
1210 3689 1270 3743 cubi
1295 3690 1319 3742 in
1337 3688 1406 3742 idem
1420 3689 1481 3759 pla·

124 3787 181 3824 nom
202 3779 353 3840 competat.
395 3771 522 3840 Denique
547 3771 673 3842 perlecta
696 3771 798 3826 locatio
819 3787 873 3823 non
897 3776 949 3832 est,
974 3771 1022 3823 ubi
1044 3787 1098 3823 non
1122 3771 1245 3823 omnibus
1266 3769 1481 3838 planissimiles

125 3851 188 3904 situs
202 3852 383 3922 contingnmt;
406 3856 438 3903 at
461 3867 521 3904 cum
535 3868 618 3905 unum
638 3853 788 3922 pyramidis
804 3850 918 3920 planum
940 3849 972 3903 fit
992 3849 1158 3919 parallelum
1180 3851 1264 3920 plano
1281 3850 1350 3912 cubi,
1373 3848 1482 3918 reliqua

126 3929 206 3996 illius,
222 3931 291 3984 nulli
307 3931 391 3999 brejas
406 3937 488 3984 erunt
502 3931 660 4000 parallela;
682 3932 752 3984 idem
768 3932 843 3984 etde
859 3929 994 3983 lateribus
1010 3931 1086 3983 etde
1102 3931 1213 3999 angulis
1229 3931 1329 3982 dictum
1344 3937 1414 3982 esto.

195 4007 310 4084 g)·llic
329 4010 392 4079 jam
411 4009 479 4064 situs
499 4011 535 4064 ab
554 4018 672 4082 utraque
695 4013 787 4082 figura
801 4010 941 4073 abhorret,
964 4017 994 4063 et
1016 4025 1033 4063 a
1052 4009 1193 4080 pyramide
1213 4017 1243 4063 et
1257 4025 1274 4061 a
1290 4009 1368 4062 cubo.
1412 4010 1482 4062 Nam

125 4089 259 4163 inscriptio
273 4089 446 4164 geometrica
460 4091 546 4154 docet,
563 4093 681 4162 angulos
695 4091 788 4161 potius
803 4095 922 4162 quatuor
935 4089 1087 4160 pyramidis
1102 4089 1202 4144 debere
1213 4087 1297 4159 jungi
1313 4083 1370 4156 (vel
1385 4104 1481 4157 super-

125 4167 196 4240 poni)
211 4171 327 4226 totidem
342 4169 455 4241 angulis
469 4171 501 4223 de
517 4172 678 4225 dodecatdri
692 4171 800 4242 viginti.
843 4169 887 4224 Sic
906 4171 1003 4224 eadem
1025 4167 1165 4238 inscriptio
1184 4170 1356 4240 geometrica
1378 4167 1440 4223 cubi
1455 4169 1482 4221 in

126 4250 307 4306 dodecaedron
328 4253 419 4314 docet,
435 4249 578 4321 diagonios
594 4252 757 4305 dodecaedri
773 4257 834 4304 octo
850 4252 883 4304 de
898 4249 1047 4313 duodecim,
1068 4248 1127 4302 fieri
1147 4257 1209 4304 octo
1224 4249 1317 4302 latera
1332 4249 1407 4302 cubi:
1428 4247 1480 4300 ita·

127 4347 172 4399 qne
185 4333 208 4385 si
223 4333 416 4386 dodecaedron
430 4330 548 4384 vicissim
570 4331 608 4385 sit
628 4333 702 4386 intra
721 4332 828 4394 cubum,
854 4335 964 4400 oportet
984 4331 1017 4382 de
1033 4327 1151 4400 triginta
1169 4329 1304 4383 lateribus
1319 4323 1480 4405 dodecaedri
1581 4339 1582 4342 ¹

102 4469 104 4472 ,
127 4425 186 4464 sena
199 4407 375 4466 subordinari
390 4410 463 4462 senis
477 4411 568 4478 planis
584 4413 645 4465 cubi
661 4412 716 4465 sit-u
729 4411 877 4481 parallelo.

197 4489 228 4556 h)
246 4493 307 4545 lloc
322 4497 408 4562 pacto
423 4490 601 4559 respondebit
610 4491 717 4562 quidem
732 4491 801 4545 situs
816 4491 938 4545 oeaedri
953 4489 1040 4544 intimi
1062 4489 1087 4541 in
1104 4487 1173 4540 cubo
1187 4487 1291 4541 extimo
1310 4479 1480 4549 inscriptioni

128 4571 303 4638 geometricae
318 4570 446 4639 ejusdem
460 4569 487 4623 in
502 4571 584 4624 cubo:
600 4578 632 4625 at
639 4570 783 4643 pyramidi,
805 4572 984 4631 dodecaddro,
1009 4569 1151 4621 icosaedro
1166 4583 1220 4620 non
1235 4561 1359 4636 legitime
1375 4575 1479 4612 accom-

130 4651 282 4714 modabitur,
307 4650 361 4704 nisi
387 4649 457 4702 situs
476 4649 582 4704 illorum
603 4651 631 4705 in
654 4651 723 4704 cubo
747 4651 782 4704 ad
806 4650 885 4721 leges
904 4650 965 4719 jam
987 4647 1174 4717 praescriptas
1194 4642 1362 4698 emendetur.
1405 4635 1481 4690 Tunc

130 4728 192 4784 enin
212 4736 380 4785 mnsarrent
403 4727 433 4780 in
451 4743 506 4782 una
526 4737 605 4786 recta
627 4731 703 4784 linea
725 4747 762 4784 ex
783 4737 878 4783 centro
900 4729 1033 4783 communi
1060 4729 1211 4796 dgmrarum
1230 4718 1345 4775 omnium
1370 4716 1478 4778 educta,

134 4803 158 4870 l)
178 4811 294 4886 angulus
309 4805 448 4870 octaedri,
473 4807 504 4881 2)
518 4807 638 4868 laterum
652 4809 794 4876 ieosaedri,
817 4803 847 4874 3)
862 4806 1033 4870 dodecae'dri,
1057 4801 1086 4870 d)
1101 4798 1249 4874 pyramidis
1263 4792 1353 4849 medis
1365 4800 1479 4862 1111111ῒῦ,
