3688 5508
551 314 554 322 .
663 383 671 400 ·
720 299 803 355 noos
821 299 935 355 nuans.
1222 329 1225 338 -
1452 302 1517 376 ⁶59
1563 241 1567 248 ’

74 509 87 516 -
159 467 261 524 dictum
282 471 331 521 aut
351 464 483 521 invidiose
505 465 626 534 torqueri
647 465 744 534 possit
776 463 910 536 Quidquid
932 463 1003 520 enim
1023 481 1114 520 rerum
1135 480 1247 522 suarum
1267 473 1414 540 magnates
1434 485 1455 546 a
1474 487 1516 526 me

159 549 271 620 oblique
292 545 441 618 perstringi
462 545 555 599 dolere
575 545 699 615 possint,
731 551 877 616 postquam
897 550 1013 600 eventus
1035 547 1180 612 admonet,
1209 547 1281 602 idem
1310 547 1394 603 etiam
1423 565 1517 604 comm

160 627 312 684 adversarii
342 631 458 696 possunt
489 631 519 679 et
543 625 628 678 multo
664 625 767 696 magis;
799 625 840 679 ita
869 625 941 680 enim
962 625 1058 696 scripsi
1079 627 1173 681 dedita
1194 643 1289 697 opera.
1330 629 1375 684 D'e
1395 629 1517 685 Animsli
1561 645 1563 650 ·

159 709 271 782 generis
292 705 416 762 neutrius
437 705 495 759 alia
515 711 560 759 cst
579 705 738 775 responsio,
761 723 797 759 ex
819 722 874 776 qua
894 705 947 759 hoc
966 723 1047 760 unum
1078 708 1192 762 verbum
1221 708 1274 762 hac
1303 707 1363 762 rice
1382 725 1513 780 excerpo,

160 791 232 860 quod
253 787 449 858 quaerentibus
470 786 561 839 dicere
582 785 684 854 possis:
705 785 840 840 neminem
861 803 963 850 eorum,
985 785 1031 857 qui
1052 786 1181 854 dubitant
1201 787 1265 857 quid
1280 788 1370 854 velim,
1392 790 1443 844 sub
1463 789 1517 843 hoc

56 927 60 934 ,
161 869 272 923 animali
293 865 498 937 comprehendi;
529 864 575 936 qui
603 883 668 918 vero
690 865 785 920 moniti
806 882 871 920 vere
886 871 973 930 suut,
1005 866 1032 919 id
1062 883 1091 920 se
1112 865 1287 922 intellexisse
1307 867 1396 923 literis
1417 871 1453 924 ad
1474 887 1517 923 me
1594 863 1597 868 ‘

160 947 269 1017 scriptis
288 953 353 1002 sunt
373 945 478 1000 testati.
506 945 600 1010 Errat,
623 945 775 1015 quicunque
796 951 908 1015 torquet
928 961 990 1000 mea
1009 947 1098 999 rerba
1117 947 1295 1001 insolentius:
1317 949 1425 1003 hebent
1445 947 1517 1003 enim

159 1028 211 1082 ills
231 1027 379 1097 simplicem
400 1031 431 1080 et
449 1026 562 1094 planum
583 1041 710 1088 sensum,
742 1024 805 1095 qui,
837 1024 953 1079 detectis
981 1025 1108 1094 partibus
1128 1041 1197 1096 quas
1217 1027 1387 1096 perstrinxi,
1418 1027 1519 1084 nemini

160 1123 214 1160 non
235 1107 346 1161 evidens
367 1113 397 1160 et
416 1103 512 1159 obrius
534 1111 585 1169 est,
608 1105 746 1175 exceptis,
769 1119 840 1175 quae
861 1106 895 1158 de
915 1105 1044 1160 Eckardo
1066 1105 1181 1170 italico,
1203 1107 1249 1178 qui
1270 1108 1452 1178 explicandus
1472 1125 1516 1162 re·

160 1193 235 1252 stat;
257 1186 370 1250 scilicet,
393 1187 463 1257 quod
485 1185 533 1238 ille
554 1201 608 1239 nou
630 1185 716 1238 sitin
737 1184 828 1250 ltalia,
852 1186 899 1238 sed
921 1193 1000 1260 trans
1024 1199 1109 1240 mare.

251 1281 312 1334 Cum
328 1281 366 1331 his
385 1286 556 1344 comparentur
573 1280 711 1345 sequentia,
731 1293 795 1345 quae
812 1295 826 1330 e
842 1279 919 1331 literis
930 1279 1033 1345 Kepleri
1051 1286 1076 1331 et
1098 1279 1164 1331 Petri
1178 1279 1289 1348 Grilgeri,
1309 1281 1399 1334 medici
1419 1287 1446 1334 et
1464 1295 1518 1334 rua·

161 1353 290 1404 thematici
309 1353 466 1408 Dentiscani,
484 1353 577 1401 mutuis
598 1351 766 1401 desumsimns.
1217 1409 1221 1416 Ι

249 1424 386 1485 Quaerenti
402 1422 555 1487 crugero:
582 1421 722 1488 ,quodnam
738 1420 805 1471 istud
817 1421 919 1472 tandem
935 1423 1027 1472 11111111
1040 1422 1138 1489 generis
1150 1418 1295 1473 neutriusi“
1315 1422 1379 1475 haec
1392 1424 1519 1489 respondit

161 1503 282 1567 Keplerus
304 1501 340 1566 (d.
361 1501 493 1552 2111111.
515 1499 610 1564 lato:
636 1513 691 1550 non
711 1495 808 1566 scripsi
829 1497 862 1548 de
879 1495 1009 1559 „animali
1018 1495 1129 1568 generis
1143 1495 1285 1552 neutrius“
1302 1511 1392 1552 vanae
1408 1497 1518 1570 gloriae

161 1593 252 1641 causa,
275 1579 323 1631 sed
344 1575 433 1630 animo
455 1575 653 1638 commodandi;
676 1591 761 1646 quare
783 1580 813 1628 et
833 1575 945 1629 secretis
967 1576 1055 1630 literis
1075 1576 1202 1630 admomd
1216 1578 1345 1632 sedentes
1359 1575 1388 1631 in
1402 1577 1516 1632 cerebra

161 1651 310 1712 animalia
337 1657 432 1710 Medos
455 1655 561 1728 quidem
581 1655 731 1720 infortunii,
754 1656 825 1726 quod
846 1653 1010 1721 divinabam,
1033 1655 1110 1711 nulla
1130 1657 1291 1727 comprobat
1310 1673 1402 1712 rerum
1422 1673 1516 1712 conse·

160 1737 234 1791 catio
254 1737 417 1791 conformis:
439 1736 577 1790 imminere
599 1740 693 1791 tamen
714 1734 826 1790 animali
846 1735 994 1805 perniciem
1015 1736 1136 1800 aliunde,
1157 1735 1258 1791 videris
1279 1742 1309 1791 et
1329 1745 1361 1792 tu
1381 1735 1516 1810 augurati

161 1815 209 1871 ful.
233 1815 289 1870 133
319 1817 346 1872 in
377 1818 431 1871 flue
465 1821 510 1885 [sc.
533 1823 695 1874 Urauodromi
716 1821 848 1880 Cometici,
872 1821 984 1888 Dantzig
1004 1819 1081 1872 1616.
1120 1819 1244 1890 Griigerus
1263 1823 1289 1873 ln
1310 1823 1357 1873 hoc
1378 1823 1438 1874 libro
1460 1835 1515 1873 sac-

160 1895 214 1959 plns
233 1893 369 1957 Keplerum
386 1893 492 1945 halans
512 1894 586 1952 dicit,
608 1908 656 1944 nec
681 1909 731 1944 non
749 1893 814 1943 illins
833 1893 1021 1959 Prognosticum
1039 1893 1073 1944 ad
1091 1908 1170 1944 anuos
1191 1889 1258 1944 1616
1278 1890 1370 1952 11161
1389 1907 1413 1944 r.
1432 1907 1454 1944 c.
1474 1893 1516 1943 lul.

162 1962 231 2014 1261
246 1965 292 2014 vir
308 1967 386 2015 sitnon
404 1964 445 2014 his
463 1979 536 2020 avar.
555 1965 602 2016 vie
613 1965 732 2029 Keppleri
744 1963 826 2022 Thiar,
846 1966 872 2014 in
890 1963 938 2014 den
952 1963 1049 2022 Rosam
1068 1965 1128 2015 aber
1144 1977 1198 2014 uras
1216 1963 1273 2016 tbut
1289 1977 1349 2014 man
1367 1965 1392 2014 iu
1404 1963 1518 2014 Bahman

161 2036 213 2086 uad
232 2035 409 2086 Oestcrretchl
439 2036 500 2086 Was
517 2036 672 2102 ratbschlsgt
689 2036 804 2101 dagegen
823 2035 867 2086 der
884 2033 984 2098 Bapsti
1004 2033 1050 2084 dc.
1089 2035 1165 2097 Quae
1185 2041 1283 2098 spectat
1300 2034 1424 2099 Ksplerus
1442 2036 1517 2085 rerba

162 2106 274 2170 crugsri,
292 2107 356 2158 haec
373 2113 443 2157 sunt:
469 2106 575 2156 Sonsteu
593 2107 674 2158 knndt
691 2121 751 2158 man
769 2107 854 2157 desen
873 2105 993 2156 Cometen
1012 2105 1078 2156 auch
1094 2105 1158 2156 vobi
1176 2105 1358 2171 hieroglyphice
1377 2106 1517 2171 ausslsgem

161 2177 239 2228 durch
255 2177 429 2244 Beuacbtung
446 2178 490 2227 der
507 2177 675 2230 himmlischen
693 2177 791 2236 Bilrler,
819 2176 913 2228 rdcae
941 2175 985 2228 der
1003 2176 1310 2228 Cometdurobrrandert.
1347 2177 1414 2226 Aber
1436 2175 1518 2227 solcbs

160 2251 195 2298 ist
212 2248 329 2298 odiosum.
366 2249 423 2300 Und
442 2248 501 2298 Gott
518 2261 577 2314 mag
594 2250 689 2304 11111111,
715 2249 761 2298 rie
780 2247 820 2298 die
837 2247 928 2298 handel
945 2247 1010 2298 noch
1027 2247 1217 2300 hiuauslaulien.
1254 2247 1307 2298 wir
1325 2245 1407 2300 haben
1423 2248 1471 2298 vol
1489 2261 1516 2298 so

162 2319 210 2368 viel
227 2318 315 2370 vrsach
333 2335 365 2369 su
383 2321 470 2376 beten.
495 2319 531 2370 als
556 2335 640 2384 greum
660 2319 726 2383 Diug
750 2335 781 2368 au
804 2318 895 2369 helien.
932 2318 985 2370 Der
1008 2324 1091 2383 grtste
1110 2319 1193 2370 Abiall
1216 2332 1271 2370 rom
1293 2317 1460 2382 Bapstthumb
1485 2319 1520 2368 let

161 2391 255 2440 melnes
273 2389 391 2442 eraclutsn
409 2391 486 2442 schoa
503 2391 657 2455 peccheham
682 2390 734 2440 aad
751 2389 812 2439 vird
827 2390 874 2440 rol
893 2390 950 2440 lein
968 2395 1093 2455 grtsserer
1116 2390 1213 2456 iolgeu,
1236 2403 1264 2440 so
1281 2389 1357 2455 lange
1375 2389 1419 2440 der
1436 2389 1518 2440 Eran-

162 2461 289 2524 gehsoheu
307 2461 449 2528 Theolcgan
473 2462 624 2527 meinigkeit
648 2460 749 2512 rebrat.
786 2459 835 2510 Die
859 2461 919 2511 vird
942 2461 1002 2512 eber
1024 2461 1071 2511 vol
1089 2462 1188 2512 wahren
1206 2462 1256 2512 bias
1275 2475 1308 2512 an
1326 2461 1375 2510 deu
1392 2460 1519 2526 Jungscsn

162 2531 226 2597 Tag.
264 2531 323 2581 Vud
349 2547 376 2582 so
398 2545 456 2583 mau
479 2532 536 2583 dem
554 2533 635 2596 Bapst
658 2533 745 2582 seium
763 2527 889 2582 Schldssel
914 2531 982 2582 nicht
1007 2538 1084 2598 ganta
1103 2547 1160 2584 ause
1179 2531 1223 2583 der
1240 2531 1328 2584 Handt
1345 2532 1439 2584 missen
1457 2532 1519 2586 kau.

162 2603 210 2654 riel
234 2603 343 2668 veuiger
367 2604 427 2654 vird
454 2617 512 2654 man
537 2604 603 2654 ibme
622 2603 667 2653 das
686 2601 814 2654 Scbusrdt
830 2603 881 2654 und
900 2602 1028 2654 brachium
1045 2603 1158 2655 seculare
1176 2603 1275 2654 labmsu
1298 2602 1407 2653 kdnnen.
1444 2601 1519 2652 Were

163 2685 331 2739 gangrena
348 2687 408 2726 man
425 2675 479 2724 sich
497 2675 550 2724 sein
568 2689 615 2726 nur
633 2672 758 2724 erushren
776 2670 892 2735 beante).
1263 2707 1268 2723 .

251 2748 384 2812 Vicinum,
405 2757 487 2819 pergit
503 2753 638 2819 Keplsrus,
663 2745 799 2811 animalis,
821 2746 900 2816 cujus
913 2749 1009 2801 domus
1022 2746 1079 2816 jam
1094 2761 1165 2801 anno
1182 2746 1268 2802 1617.
1287 2747 1519 2816 conflagmrerat,

163 2827 291 2900 intellige
320 2829 348 2884 in
368 2829 533 2884 Palatinatu
553 2826 738 2898 Neoburgico.
779 2827 867 2881 Fideli
896 2826 938 2880 illi
959 2826 1101 2892 monitori,
1126 2825 1272 2891 „nonum
1295 2825 1451 2890 nominato,
1474 2825 1521 2896 qui

163 2925 217 2962 non
238 2908 306 2962 illud
325 2915 436 2963 tantum
457 2909 573 2974 animal,
606 2909 639 2961 de
660 2923 714 2978 quo
735 2921 807 2978 ego,
830 2909 877 2961 sed
899 2907 992 2962 omnia
1011 2907 1072 2977 ejus
1093 2905 1205 2978 generis
1225 2904 1357 2961 monitum
1377 2921 1415 2960 ex
1435 2904 1522 2960 Italia

163 2988 310 3054 advolavit,
332 3005 429 3043 nomen
449 3003 543 3043 verum
564 3003 625 3042 esse
647 2993 759 3042 censete
781 2985 816 3042 11.
840 2987 993 3042 Antonio
1015 2988 1054 3040 de
1075 2986 1243 3043 Dominis.
1274 2985 1329 3042 Sed
1350 2985 1411 3056 quis
1432 2985 1522 3039 credit

163 3067 270 3122 auditui
288 3073 400 3124 nostro?
441 3069 503 3124 Nou
524 3069 618 3122 mirum
640 3067 745 3139 igitur,
776 3066 799 3122 si
820 3068 906 3122 Jonas
927 3065 1073 3138 profugiat
1093 3083 1130 3120 ex
1151 3066 1250 3120 itinere
1271 3065 1416 3136 imperato.
1457 3063 1521 3136 Ego

163 3148 270 3219 quidem
290 3155 321 3203 et
340 3148 417 3204 illam
438 3149 544 3220 ipsam,
576 3164 657 3219 quam
679 3156 710 3202 tu
731 3148 890 3204 confirmare
911 3147 1011 3201 rideris
1033 3147 1183 3220 suffragio,
1204 3145 1361 3212 libidinem,
1388 3143 1521 3207 factiosos

162 3231 197 3282 de
217 3235 355 3300 suggestu
375 3231 520 3284 uerborum
542 3233 571 3284 et
591 3227 771 3282 conviciorum
793 3227 905 3298 spiculis
927 3227 1098 3300 configendi,
1128 3227 1219 3292 huuc,
1249 3227 1368 3298 inquam,
1391 3225 1520 3292 furorem,

162 3310 233 3366 citra
252 3315 408 3379 respectum
429 3310 593 3364 infirmorum
613 3313 790 3379 grassantem
810 3307 992 3378 pertinaciter
1014 3313 1044 3360 ct
1064 3305 1281 3372 1111111611,-
1296 3313 1326 3361 et
1346 3307 1415 3360 illud
1435 3305 1520 3360 inter·

160 3395 373 3461 pretamentum,
396 3389 538 3444 ministerii
561 3396 590 3443 et
608 3387 786 3442 ordinationis
800 3393 910 3458 partem
924 3405 986 3442 esse
1003 3386 1196 3452 necessariam,
1219 3389 1253 3441 de
1267 3395 1414 3459 suggestu,
1436 3386 1523 3440 omnis

161 3469 274 3543 generis
295 3469 450 3526 haereticos
471 3469 543 3524 omni
564 3475 687 3538 tempore
707 3467 846 3523 refutandi
868 3485 928 3522 cum
949 3467 1131 3532 vehementia,
1145 3467 1286 3521 -diesen
1300 3461 1452 3521 Ama-iehl
1468 3469 1521 3520 und

161 3548 278 3620 Mangel
294 3579 329 3588 —
345 3549 423 3615 item,
446 3551 524 3621 quod.
537 3566 615 3602 nemo
636 3547 721 3616 plane
742 3547 795 3601 sibi
814 3546 976 3618 persuaderi
995 3548 1103 3619 patitur
1122 3545 1234 3601 axioma
1253 3546 1306 3600 hoc
1332 3543 1521 3610 certissimum,

162 3629 281 3700 publicis
302 3629 562 3699 debacchationibus
583 3626 713 3696 instigari
734 3633 763 3681 et
783 3627 903 3697 gliscere
922 3628 1015 3682 studia
1029 3643 1125 3698 prava,
1148 3627 1212 3698 quia
1226 3625 1339 3681 nitimur
1352 3626 1381 3680 in
1394 3625 1520 3690 vetitum,

161 3737 201 3748 -
215 3709 290 3774 item,
315 3712 386 3780 quod
406 3709 473 3766 illud
497 3707 686 3779 „importune“
711 3706 748 3760 sit
768 3709 876 3778 regula,
899 3707 967 3762 illud
987 3725 1052 3765 vero
1077 3705 1267 3778 „opportuue“
1291 3705 1328 3761 sit
1347 3709 1456 3760 tantum
1470 3724 1520 3761 ex·

161 3789 268 3859 ceptio:
286 3789 409 3845 -iuter
429 3791 512 3864 signa
530 3791 621 3845 refero
642 3786 805 3841 imminentis
826 3787 964 3843 interitus.
985 3789 1071 3862 ¹Nam
1092 3806 1130 3842 ex
1149 3789 1203 3842 bac
1225 3787 1383 3849 temeritate
1404 3785 1437 3841 fit
1455 3801 1520 3856 pro·
1587 3839 1590 3847 ,

160 3885 276 3941 gressus
297 3869 325 3924 in
344 3869 556 3940 impudentiam,
587 3886 625 3922 ex
645 3867 699 3922 hac
726 3867 753 3921 in
783 3867 971 3936 impietatem,
1001 3885 1061 3920 cum
1090 3867 1198 3922 interim
1218 3883 1336 3938 pessum
1357 3867 1380 3921 it
1400 3866 1521 3922 studium

159 3948 236 4002 vitae
258 3947 441 4005 Christianae.
483 3951 528 4005 Sic
548 3968 602 4021 ego
622 3947 706 4001 velim
726 3947 835 4002 retundi
857 3946 1062 4013 enthusiastas,
1092 3953 1124 4002 ut
1143 3954 1278 4018 parcatur
1298 3946 1407 4004 interim
1426 3946 1519 4002 verbis

161 4027 317 4100 scripturae
338 4030 371 4082 de
391 4028 601 4085 mortificatione
623 4027 725 4082 veteris
745 4027 844 4082 Adami
866 4027 913 4082 dcc.

248 4123 375 4176 Marcus
394 4126 558 4176 Antonius
577 4124 612 4174 de
631 4123 792 4180 Dominis.
812 4122 1010 4187 archiepiscopus
1029 4117 1200 4185 spalatensis,
1228 4135 1300 4188 quem
1327 4120 1465 4186 Keplerus,
1492 4127 1521 4172 ut

158 4207 235 4259 supra
254 4195 327 4253 dicit,
346 4197 491 4246 monitorem
509 4197 622 4245 nominat
639 4193 740 4243 fidelem
758 4193 912 4251 Eclardum,
942 4191 1037 4242 monita
1055 4206 1102 4242 sua
1119 4193 1209 4257 publici
1226 4191 1288 4256 juris
1307 4192 1367 4243 lecit
1385 4199 1443 4243 ante
1461 4207 1518 4257 pro-

158 4265 292 4316 tectionem
310 4269 336 4316 lu
354 4267 470 4332 Angliam
488 4264 641 4330 (conscripta
652 4263 765 4314 venetiis
785 4263 808 4314 d.
828 4261 869 4312 20.
884 4264 952 4330 Sept
967 4260 1059 4325 1616),
1079 4263 1271 4331 Heidelbergae,
1292 4277 1414 4315 excusans
1431 4264 1518 4328 lugam

157 4350 189 4386 ex
207 4337 266 4387 sede
285 4336 494 4403 archiepiscopali,
513 4337 713 4388 reformationem
731 4337 913 4399 praenuncians
932 4335 1054 4386 ecclesiae
1065 4333 1224 4394 Catholicae,
1244 4333 1347 4385 hortans
1366 4333 1517 4385 ecclesiasti·

156 4421 209 4466 cos,
229 4413 257 4457 ut
274 4409 351 4459 sitam
369 4415 395 4460 et
411 4421 491 4459 mores
510 4410 535 4458 in
553 4409 656 4457 meliora
673 4413 787 4466 vertam,
808 4411 853 4464 „ut
865 4406 1002 4458 schismata
1014 4406 1193 4466 auisrantm,“‘
1203 4419 1307 4457 monens
1324 4402 1517 4468 ,mepacopw

156 4485 186 4526 ut
204 4485 317 4538 caream,
340 4495 388 4540 „ne
407 4479 701 4531 excommunicatoribus
719 4478 863 4542 importunis
882 4474 1031 4527 charitatem
1048 4477 1192 4541 abrumpere
1210 4481 1309 4528 mutent
1327 4473 1389 4524 tc!
1427 4471 1515 4536 (Pras-

154 4549 225 4600 mlslt
243 4549 365 4601 Antonius
381 4549 448 4601 hunc
466 4550 574 4600 libellum
591 4549 658 4599 libris
676 4547 699 4597 X
718 4547 766 4606 „ds
784 4547 922 4612 Republica
940 4547 1135 4598 Ecclesiastiaa¹¹
1156 4547 1263 4599 bandini
1282 4541 1374 4606 1617).
1484 4553 1487 4558 ·

245 4621 317 4672 Haec
335 4623 494 4685 respicientes
513 4633 682 4684 summamque
701 4632 801 4676 comm,
830 4632 895 4682 quas
915 4619 1006 4668 daton.
1026 4618 1057 4669 dc
1075 4617 1188 4668 Dominis
1207 4619 1233 4667 ln
1251 4629 1342 4681 opere,
1362 4615 1427 4680 quod
1445 4613 1517 4664 medo

70 4710 76 4721 ·
155 4691 270 4748 diximus.
287 4691 318 4742 de
331 4694 499 4756 episcoporum
510 4693 533 4740 ut
546 4694 572 4741 in
585 4688 751 4757 gubernandis
763 4689 835 4740 rebus
847 4687 962 4752 politicis,
975 4687 1042 4739 bane
1052 4689 1175 4752 rejiciens,
1190 4687 1271 4745 affert.
1285 4685 1384 4742 deludes
1396 4687 1517 4736 rationem

111 4757 112 4762 ’
154 4759 279 4813 habentes
298 4775 390 4826 aarum,
409 4775 473 4826 quac
491 4761 614 4826 Keplerus
632 4761 658 4810 in
677 4759 754 4808 literis
773 4760 806 4810 ad
824 4759 931 4809 Remum
949 4758 1015 4809 datis
1032 4759 1119 4824 paucis
1138 4759 1170 4810 de
1186 4758 1219 4809 D.
1239 4771 1256 4809 a
1273 4755 1367 4806 Melan
1385 4753 1517 4822 (nagges.

153 4833 311 4900 imperaturis
329 4831 454 4884 Matthiae
472 4833 583 4899 magistrl
602 4827 687 4892 aulae)
706 4829 786 4890 affert,
806 4830 888 4882 auimo
907 4829 1012 4894 denique
1031 4833 1155 4880 intuentes
1174 4843 1221 4886 res,
1240 4841 1304 4895 quac
1323 4833 1383 4878 tuuc
1402 4825 1518 4876 Viennae
1535 4901 1540 4910 .

1244 4911 1306 4966 ta·
