<?xml version="1.0" encoding="UTF-8"?>
<!DOCTYPE html PUBLIC "-//W3C//DTD XHTML 1.0 Transitional//EN"
    "http://www.w3.org/TR/xhtml1/DTD/xhtml1-transitional.dtd">
<html xmlns="http://www.w3.org/1999/xhtml" xml:lang="en" lang="en">
 <head>
  <title>
</title>
<meta http-equiv="Content-Type" content="text/html;charset=utf-8" />
  <meta name='ocr-system' content='tesseract 3.04.00' />
  <meta name='ocr-capabilities' content='ocr_page ocr_carea ocr_par ocr_line ocrx_word'/>
</head>
<body>
  <div class='ocr_page' id='page_1' title='image "./joanniskepleria22frisgoog_0125.png"; bbox 0 0 3586 5518; ppageno 0'>
   <div class='ocr_carea' id='block_1_1' title="bbox 301 257 1170 324">
    <p class='ocr_par' dir='ltr' id='par_1_1' title="bbox 301 257 1170 324">
     <span class='ocr_line' id='line_1_1' title="bbox 301 257 1170 324; baseline 0.003 -17"><span class='ocrx_word' id='word_1_1' title='bbox 301 257 344 324; x_wconf 79' lang='grc'>98</span> <span class='ocrx_word' id='word_1_2' title='bbox 794 257 927 310; x_wconf 79' lang='lat' dir='ltr'>Dedicatio</span> <span class='ocrx_word' id='word_1_3' title='bbox 946 258 1059 310; x_wconf 79' lang='lat' dir='ltr'>editionis</span> <span class='ocrx_word' id='word_1_4' title='bbox 1076 259 1170 324; x_wconf 81' lang='lat' dir='ltr'>prieris.</span> 
     </span>
    </p>
   </div>
   <div class='ocr_carea' id='block_1_2' title="bbox 273 413 1664 3153">
    <p class='ocr_par' dir='ltr' id='par_1_2' title="bbox 298 413 1663 762">
     <span class='ocr_line' id='line_1_2' title="bbox 299 413 1663 499; baseline -0.006 -17"><span class='ocrx_word' id='word_1_5' title='bbox 299 413 425 482; x_wconf 80' lang='lat' dir='ltr'>laudent</span> <span class='ocrx_word' id='word_1_6' title='bbox 446 417 544 481; x_wconf 86' lang='lat' dir='ltr'>instar</span> <span class='ocrx_word' id='word_1_7' title='bbox 571 415 721 480; x_wconf 84' lang='lat' dir='ltr'>hominis?</span> <span class='ocrx_word' id='word_1_8' title='bbox 762 417 830 480; x_wconf 90' lang='lat' dir='ltr'>Nisi</span> <span class='ocrx_word' id='word_1_9' title='bbox 854 419 947 497; x_wconf 90' lang='lat' dir='ltr'>quod,</span> <span class='ocrx_word' id='word_1_10' title='bbox 977 420 1047 481; x_wconf 90' lang='lat' dir='ltr'>dnm</span> <span class='ocrx_word' id='word_1_11' title='bbox 1074 425 1251 498; x_wconf 87' lang='lat' dir='ltr'>arguments</span> <span class='ocrx_word' id='word_1_12' title='bbox 1273 417 1469 499; x_wconf 73' lang='lat' dir='ltr'><strong>suppeditant</strong></span> <span class='ocrx_word' id='word_1_13' title='bbox 1492 417 1663 479; x_wconf 88' lang='lat' dir='ltr'>hominibus</span> 
     </span>
     <span class='ocr_line' id='line_1_3' title="bbox 299 505 1663 585; baseline -0.004 -15"><span class='ocrx_word' id='word_1_14' title='bbox 299 507 444 570; x_wconf 90' lang='lat' dir='ltr'>laudandi</span> <span class='ocrx_word' id='word_1_15' title='bbox 461 507 529 580; x_wconf 92' lang='lat' dir='ltr'>Dei,</span> <span class='ocrx_word' id='word_1_16' title='bbox 553 506 650 567; x_wconf 90' lang='lat' dir='ltr'>Deum</span> <span class='ocrx_word' id='word_1_17' title='bbox 674 505 759 585; x_wconf 89' lang='lat' dir='ltr'>ipsae</span> <span class='ocrx_word' id='word_1_18' title='bbox 782 506 906 568; x_wconf 88' lang='lat' dir='ltr'>laudare</span> <span class='ocrx_word' id='word_1_19' title='bbox 928 507 1074 570; x_wconf 88' lang='lat' dir='ltr'>dicuntur.</span> <span class='ocrx_word' id='word_1_20' title='bbox 1113 506 1213 578; x_wconf 87' lang='lat' dir='ltr'>Quam</span> <span class='ocrx_word' id='word_1_21' title='bbox 1235 525 1339 569; x_wconf 87' lang='lat' dir='ltr'>vocem</span> <span class='ocrx_word' id='word_1_22' title='bbox 1363 507 1454 569; x_wconf 88' lang='lat' dir='ltr'>coelis</span> <span class='ocrx_word' id='word_1_23' title='bbox 1478 514 1510 567; x_wconf 92' lang='lat' dir='ltr'>et</span> <span class='ocrx_word' id='word_1_24' title='bbox 1533 513 1663 567; x_wconf 87' lang='lat' dir='ltr'>naturae</span> 
     </span>
     <span class='ocr_line' id='line_1_4' title="bbox 298 593 1661 676; baseline -0.003 -19"><span class='ocrx_word' id='word_1_25' title='bbox 298 613 398 658; x_wconf 90' lang='lat' dir='ltr'>rerum</span> <span class='ocrx_word' id='word_1_26' title='bbox 420 595 490 656; x_wconf 90' lang='lat' dir='ltr'>dum</span> <span class='ocrx_word' id='word_1_27' title='bbox 513 595 662 675; x_wconf 91' lang='lat' dir='ltr'>aperimus</span> <span class='ocrx_word' id='word_1_28' title='bbox 685 594 733 655; x_wconf 88' lang='lat' dir='ltr'>his</span> <span class='ocrx_word' id='word_1_29' title='bbox 761 595 903 676; x_wconf 76' lang='lat' dir='ltr'>pagellis,</span> <span class='ocrx_word' id='word_1_30' title='bbox 936 595 1150 676; x_wconf 80' lang='lat' dir='ltr'>clarioremque</span> <span class='ocrx_word' id='word_1_31' title='bbox 1179 597 1341 658; x_wconf 85' lang='lat' dir='ltr'>efficimus:</span> <span class='ocrx_word' id='word_1_32' title='bbox 1373 614 1459 657; x_wconf 88' lang='lat' dir='ltr'>uerno</span> <span class='ocrx_word' id='word_1_33' title='bbox 1488 613 1542 656; x_wconf 87' lang='lat' dir='ltr'>uos</span> <span class='ocrx_word' id='word_1_34' title='bbox 1571 593 1661 654; x_wconf 86' lang='lat' dir='ltr'>vani-</span> 
     </span>
     <span class='ocr_line' id='line_1_5' title="bbox 299 682 1013 762; baseline -0.003 -14"><span class='ocrx_word' id='word_1_35' title='bbox 299 684 374 748; x_wconf 87' lang='lat' dir='ltr'>tatis</span> <span class='ocrx_word' id='word_1_36' title='bbox 398 692 451 746; x_wconf 90' lang='lat' dir='ltr'>aut</span> <span class='ocrx_word' id='word_1_37' title='bbox 474 682 621 746; x_wconf 89' lang='lat' dir='ltr'>inutiliter</span> <span class='ocrx_word' id='word_1_38' title='bbox 644 683 734 744; x_wconf 91' lang='lat' dir='ltr'>sumti</span> <span class='ocrx_word' id='word_1_39' title='bbox 757 683 869 745; x_wconf 92' lang='lat' dir='ltr'>laboris</span> <span class='ocrx_word' id='word_1_40' title='bbox 894 693 1013 762; x_wconf 89' lang='lat' dir='ltr'>arguat.</span> 
     </span>
    </p>

    <p class='ocr_par' dir='ltr' id='par_1_3' title="bbox 296 770 1664 1206">
     <span class='ocr_line' id='line_1_6' title="bbox 387 770 1663 854; baseline -0.002 -21"><span class='ocrx_word' id='word_1_41' title='bbox 387 772 497 844; x_wconf 85' lang='lat' dir='ltr'>Taceo,</span> <span class='ocrx_word' id='word_1_42' title='bbox 517 772 595 854; x_wconf 90' lang='lat' dir='ltr'>quod</span> <span class='ocrx_word' id='word_1_43' title='bbox 615 770 690 832; x_wconf 90' lang='lat' dir='ltr'>baec</span> <span class='ocrx_word' id='word_1_44' title='bbox 705 772 834 833; x_wconf 88' lang='lat' dir='ltr'>materia</span> <span class='ocrx_word' id='word_1_45' title='bbox 853 771 1024 846; x_wconf 75' lang='lat' dir='ltr'>creationis,</span> <span class='ocrx_word' id='word_1_46' title='bbox 1045 791 1133 854; x_wconf 90' lang='lat' dir='ltr'>quam</span> <span class='ocrx_word' id='word_1_47' title='bbox 1149 781 1298 853; x_wconf 84' lang='lat' dir='ltr'>negarunt</span> <span class='ocrx_word' id='word_1_48' title='bbox 1313 770 1494 853; x_wconf 86' lang='lat' dir='ltr'>philosophi,</span> <span class='ocrx_word' id='word_1_49' title='bbox 1520 787 1663 850; x_wconf 87' lang='lat' dir='ltr'>magnum</span> 
     </span>
     <span class='ocr_line' id='line_1_7' title="bbox 300 857 1663 941; baseline -0.004 -18"><span class='ocrx_word' id='word_1_50' title='bbox 300 867 510 941; x_wconf 76' lang='lat' dir='ltr'>argumentum</span> <span class='ocrx_word' id='word_1_51' title='bbox 533 866 600 922; x_wconf 90' lang='lat' dir='ltr'>est:</span> <span class='ocrx_word' id='word_1_52' title='bbox 625 861 694 921; x_wconf 92' lang='lat' dir='ltr'>dum</span> <span class='ocrx_word' id='word_1_53' title='bbox 711 860 869 936; x_wconf 90' lang='lat' dir='ltr'>cernimus,</span> <span class='ocrx_word' id='word_1_54' title='bbox 895 861 1036 936; x_wconf 76' lang='lat' dir='ltr'>utiDeus</span> <span class='ocrx_word' id='word_1_55' title='bbox 1052 861 1149 923; x_wconf 90' lang='lat' dir='ltr'>instar</span> <span class='ocrx_word' id='word_1_56' title='bbox 1164 861 1289 941; x_wconf 85' lang='lat' dir='ltr'>alicujus</span> <span class='ocrx_word' id='word_1_57' title='bbox 1303 880 1341 924; x_wconf 85' lang='lat' dir='ltr'>ex</span> <span class='ocrx_word' id='word_1_58' title='bbox 1356 860 1542 922; x_wconf 83' lang='lat' dir='ltr'>nostratibus</span> <span class='ocrx_word' id='word_1_59' title='bbox 1558 857 1663 920; x_wconf 88' lang='lat' dir='ltr'>archi-</span> 
     </span>
     <span class='ocr_line' id='line_1_8' title="bbox 297 948 1664 1029; baseline -0.003 -17"><span class='ocrx_word' id='word_1_60' title='bbox 297 949 402 1024; x_wconf 88' lang='lat' dir='ltr'>tectis,</span> <span class='ocrx_word' id='word_1_61' title='bbox 433 949 536 1010; x_wconf 89' lang='lat' dir='ltr'>ordine</span> <span class='ocrx_word' id='word_1_62' title='bbox 560 956 592 1010; x_wconf 94' lang='lat' dir='ltr'>et</span> <span class='ocrx_word' id='word_1_63' title='bbox 614 967 719 1009; x_wconf 91' lang='lat' dir='ltr'>norma</span> <span class='ocrx_word' id='word_1_64' title='bbox 742 948 781 1011; x_wconf 90' lang='lat' dir='ltr'>ad</span> <span class='ocrx_word' id='word_1_65' title='bbox 804 949 906 1011; x_wconf 91' lang='lat' dir='ltr'>mundi</span> <span class='ocrx_word' id='word_1_66' title='bbox 928 949 1113 1013; x_wconf 83' lang='lat' dir='ltr'>molitionem</span> <span class='ocrx_word' id='word_1_67' title='bbox 1137 949 1314 1024; x_wconf 89' lang='lat' dir='ltr'>accesserit,</span> <span class='ocrx_word' id='word_1_68' title='bbox 1346 949 1522 1029; x_wconf 85' lang='lat' dir='ltr'>singulaque</span> <span class='ocrx_word' id='word_1_69' title='bbox 1551 948 1593 1009; x_wconf 89' lang='lat' dir='ltr'>sit</span> <span class='ocrx_word' id='word_1_70' title='bbox 1618 948 1664 1008; x_wconf 87' lang='lat' dir='ltr'>ita</span> 
     </span>
     <span class='ocr_line' id='line_1_9' title="bbox 297 1035 1664 1120; baseline -0.002 -21"><span class='ocrx_word' id='word_1_71' title='bbox 297 1038 461 1114; x_wconf 87' lang='lat' dir='ltr'>dimensus,</span> <span class='ocrx_word' id='word_1_72' title='bbox 485 1036 572 1116; x_wconf 89' lang='lat' dir='ltr'>quasi</span> <span class='ocrx_word' id='word_1_73' title='bbox 586 1054 644 1098; x_wconf 93' lang='lat' dir='ltr'>non</span> <span class='ocrx_word' id='word_1_74' title='bbox 660 1055 710 1098; x_wconf 87' lang='lat' dir='ltr'>ars</span> <span class='ocrx_word' id='word_1_75' title='bbox 725 1047 864 1100; x_wconf 88' lang='lat' dir='ltr'>naturam</span> <span class='ocrx_word' id='word_1_76' title='bbox 883 1037 1062 1108; x_wconf 74' lang='lat' dir='ltr'>imitaretur,</span> <span class='ocrx_word' id='word_1_77' title='bbox 1087 1039 1141 1100; x_wconf 91' lang='lat' dir='ltr'>sed</span> <span class='ocrx_word' id='word_1_78' title='bbox 1156 1039 1240 1100; x_wconf 91' lang='lat' dir='ltr'>Deus</span> <span class='ocrx_word' id='word_1_79' title='bbox 1263 1038 1328 1120; x_wconf 90' lang='lat' dir='ltr'>ipse</span> <span class='ocrx_word' id='word_1_80' title='bbox 1352 1036 1391 1099; x_wconf 91' lang='lat' dir='ltr'>ad</span> <span class='ocrx_word' id='word_1_81' title='bbox 1415 1037 1544 1099; x_wconf 90' lang='lat' dir='ltr'>bominis</span> <span class='ocrx_word' id='word_1_82' title='bbox 1568 1035 1664 1097; x_wconf 80' lang='lat' dir='ltr'>futuri</span> 
     </span>
     <span class='ocr_line' id='line_1_10' title="bbox 296 1124 830 1206; baseline 0 -18"><span class='ocrx_word' id='word_1_83' title='bbox 296 1144 410 1188; x_wconf 89' lang='lat' dir='ltr'>morem</span> <span class='ocrx_word' id='word_1_84' title='bbox 434 1124 611 1188; x_wconf 88' lang='lat' dir='ltr'>aedificandi</span> <span class='ocrx_word' id='word_1_85' title='bbox 634 1127 830 1206; x_wconf 81' lang='lat' dir='ltr'>respexisset.</span> 
     </span>
    </p>

    <p class='ocr_par' dir='ltr' id='par_1_4' title="bbox 273 1204 1663 3153">
     <span class='ocr_line' id='line_1_11' title="bbox 273 1204 1662 1294; baseline -0.002 -19"><span class='ocrx_word' id='word_1_86' title='bbox 273 1259 278 1270; x_wconf 91' lang='lat'>.</span> <span class='ocrx_word' id='word_1_87' title='bbox 385 1211 567 1294; x_wconf 77' lang='lat' dir='ltr'>Quanquam</span> <span class='ocrx_word' id='word_1_88' title='bbox 580 1213 651 1294; x_wconf 88' lang='lat' dir='ltr'>quid</span> <span class='ocrx_word' id='word_1_89' title='bbox 665 1209 790 1277; x_wconf 80' lang='lat' dir='ltr'>necesse</span> <span class='ocrx_word' id='word_1_90' title='bbox 806 1213 865 1290; x_wconf 79' lang='lat' dir='ltr'>e&#39;st,</span> <span class='ocrx_word' id='word_1_91' title='bbox 889 1204 1057 1276; x_wconf 73' lang='lat' dir='ltr'>diiid&#39;aruiir</span> <span class='ocrx_word' id='word_1_92' title='bbox 1078 1213 1178 1277; x_wconf 77' lang='lat' dir='ltr'>ieiuin</span> <span class='ocrx_word' id='word_1_93' title='bbox 1201 1211 1273 1276; x_wconf 82' lang='lat' dir='ltr'>ns&#39;irs</span> <span class='ocrx_word' id='word_1_94' title='bbox 1292 1213 1390 1275; x_wconf 91' lang='lat' dir='ltr'>instar</span> <span class='ocrx_word' id='word_1_95' title='bbox 1408 1212 1523 1274; x_wconf 91' lang='lat' dir='ltr'>obsonii</span> <span class='ocrx_word' id='word_1_96' title='bbox 1539 1231 1662 1273; x_wconf 89' lang='lat' dir='ltr'>nummo</span> 
     </span>
     <span class='ocr_line' id='line_1_12' title="bbox 297 1301 1661 1384; baseline -0.004 -19"><span class='ocrx_word' id='word_1_97' title='bbox 297 1301 483 1366; x_wconf 87' lang='lat' dir='ltr'>aestimare?</span> <span class='ocrx_word' id='word_1_98' title='bbox 521 1302 602 1366; x_wconf 90' lang='lat' dir='ltr'>Nam</span> <span class='ocrx_word' id='word_1_99' title='bbox 624 1302 696 1382; x_wconf 91' lang='lat' dir='ltr'>quid</span> <span class='ocrx_word' id='word_1_100' title='bbox 719 1322 831 1384; x_wconf 90' lang='lat' dir='ltr'>quaeso</span> <span class='ocrx_word' id='word_1_101' title='bbox 854 1302 980 1383; x_wconf 90' lang='lat' dir='ltr'>prodest</span> <span class='ocrx_word' id='word_1_102' title='bbox 1002 1304 1101 1365; x_wconf 89' lang='lat' dir='ltr'>ventri</span> <span class='ocrx_word' id='word_1_103' title='bbox 1124 1304 1263 1365; x_wconf 86' lang='lat' dir='ltr'>famelico</span> <span class='ocrx_word' id='word_1_104' title='bbox 1286 1303 1419 1382; x_wconf 82' lang='lat' dir='ltr'>cognitio</span> <span class='ocrx_word' id='word_1_105' title='bbox 1443 1320 1542 1362; x_wconf 83' lang='lat' dir='ltr'>rerum</span> <span class='ocrx_word' id='word_1_106' title='bbox 1566 1307 1661 1361; x_wconf 90' lang='lat' dir='ltr'>natu·</span> 
     </span>
     <span class='ocr_line' id='line_1_13' title="bbox 294 1387 1662 1472; baseline -0.004 -18"><span class='ocrx_word' id='word_1_107' title='bbox 294 1391 413 1467; x_wconf 82' lang='lat' dir='ltr'>talium,</span> <span class='ocrx_word' id='word_1_108' title='bbox 439 1390 510 1470; x_wconf 92' lang='lat' dir='ltr'>quid</span> <span class='ocrx_word' id='word_1_109' title='bbox 534 1397 601 1453; x_wconf 91' lang='lat' dir='ltr'>tota</span> <span class='ocrx_word' id='word_1_110' title='bbox 623 1391 740 1472; x_wconf 80' lang='lat' dir='ltr'>reliqua</span> <span class='ocrx_word' id='word_1_111' title='bbox 763 1392 971 1454; x_wconf 85' lang='lat' dir='ltr'>astronomia?</span> <span class='ocrx_word' id='word_1_112' title='bbox 1016 1392 1122 1472; x_wconf 89' lang='lat' dir='ltr'>Neque</span> <span class='ocrx_word' id='word_1_113' title='bbox 1146 1401 1248 1454; x_wconf 86' lang='lat' dir='ltr'>tamen</span> <span class='ocrx_word' id='word_1_114' title='bbox 1272 1391 1396 1452; x_wconf 89' lang='lat' dir='ltr'>audiunt</span> <span class='ocrx_word' id='word_1_115' title='bbox 1420 1387 1538 1451; x_wconf 88' lang='lat' dir='ltr'>cordati</span> <span class='ocrx_word' id='word_1_116' title='bbox 1559 1388 1662 1449; x_wconf 89' lang='lat' dir='ltr'>horni-</span> 
     </span>
     <span class='ocr_line' id='line_1_14' title="bbox 296 1477 1663 1561; baseline -0.004 -18"><span class='ocrx_word' id='word_1_117' title='bbox 296 1499 350 1543; x_wconf 87' lang='lat' dir='ltr'>nes</span> <span class='ocrx_word' id='word_1_118' title='bbox 374 1480 460 1542; x_wconf 88' lang='lat' dir='ltr'>illam</span> <span class='ocrx_word' id='word_1_119' title='bbox 482 1479 663 1556; x_wconf 89' lang='lat' dir='ltr'>barbariem,</span> <span class='ocrx_word' id='word_1_120' title='bbox 689 1499 765 1561; x_wconf 87' lang='lat' dir='ltr'>quae</span> <span class='ocrx_word' id='word_1_121' title='bbox 781 1480 950 1543; x_wconf 83' lang='lat' dir='ltr'>deserenda</span> <span class='ocrx_word' id='word_1_122' title='bbox 962 1487 1124 1560; x_wconf 88' lang='lat' dir='ltr'>propterea</span> <span class='ocrx_word' id='word_1_123' title='bbox 1142 1480 1204 1542; x_wconf 90' lang='lat' dir='ltr'>ista</span> <span class='ocrx_word' id='word_1_124' title='bbox 1221 1479 1322 1542; x_wconf 90' lang='lat' dir='ltr'>studia</span> <span class='ocrx_word' id='word_1_125' title='bbox 1337 1479 1486 1540; x_wconf 87' lang='lat' dir='ltr'>clamitat.</span> <span class='ocrx_word' id='word_1_126' title='bbox 1519 1477 1663 1538; x_wconf 84' lang='lat' dir='ltr'>Pictores</span> 
     </span>
     <span class='ocr_line' id='line_1_15' title="bbox 296 1561 1662 1651; baseline -0.004 -21"><span class='ocrx_word' id='word_1_127' title='bbox 296 1567 430 1642; x_wconf 86' lang='lat' dir='ltr'>ierimus,</span> <span class='ocrx_word' id='word_1_128' title='bbox 455 1568 632 1648; x_wconf 86' lang='lat' dir='ltr'>quioculos,</span> <span class='ocrx_word' id='word_1_129' title='bbox 657 1561 899 1651; x_wconf 73' lang='lat' dir='ltr'>sympbb&#39;nitoub,</span> <span class='ocrx_word' id='word_1_130' title='bbox 924 1568 1076 1649; x_wconf 78' lang='lat' dir='ltr'>quibrtes</span> <span class='ocrx_word' id='word_1_131' title='bbox 1092 1561 1265 1632; x_wconf 75' lang='lat' dir='ltr'>obletttnt:</span> <span class='ocrx_word' id='word_1_132' title='bbox 1290 1567 1426 1649; x_wconf 87' lang='lat' dir='ltr'>quamvis</span> <span class='ocrx_word' id='word_1_133' title='bbox 1442 1567 1553 1630; x_wconf 89' lang='lat' dir='ltr'>nullum</span> <span class='ocrx_word' id='word_1_134' title='bbox 1567 1565 1662 1626; x_wconf 90' lang='lat' dir='ltr'>rebus</span> 
     </span>
     <span class='ocr_line' id='line_1_16' title="bbox 295 1655 1662 1732; baseline -0.004 -13"><span class='ocrx_word' id='word_1_135' title='bbox 295 1656 409 1719; x_wconf 90' lang='lat' dir='ltr'>nostris</span> <span class='ocrx_word' id='word_1_136' title='bbox 433 1657 664 1720; x_wconf 88' lang='lat' dir='ltr'>emolumenturn</span> <span class='ocrx_word' id='word_1_137' title='bbox 688 1657 826 1721; x_wconf 84' lang='lat' dir='ltr'>afferant.</span> <span class='ocrx_word' id='word_1_138' title='bbox 872 1657 916 1718; x_wconf 88' lang='lat' dir='ltr'>Et</span> <span class='ocrx_word' id='word_1_139' title='bbox 938 1676 996 1718; x_wconf 91' lang='lat' dir='ltr'>non</span> <span class='ocrx_word' id='word_1_140' title='bbox 1020 1664 1139 1719; x_wconf 90' lang='lat' dir='ltr'>tantum</span> <span class='ocrx_word' id='word_1_141' title='bbox 1162 1659 1304 1732; x_wconf 89' lang='lat' dir='ltr'>humana,</span> <span class='ocrx_word' id='word_1_142' title='bbox 1335 1656 1388 1716; x_wconf 83' lang='lat' dir='ltr'>sed</span> <span class='ocrx_word' id='word_1_143' title='bbox 1413 1655 1504 1717; x_wconf 88' lang='lat' dir='ltr'>etiam</span> <span class='ocrx_word' id='word_1_144' title='bbox 1529 1655 1662 1716; x_wconf 90' lang='lat' dir='ltr'>honesta</span> 
     </span>
     <span class='ocr_line' id='line_1_17' title="bbox 296 1735 1661 1825; baseline -0.005 -17"><span class='ocrx_word' id='word_1_145' title='bbox 296 1753 437 1808; x_wconf 88' lang='lat' dir='ltr'>censetur</span> <span class='ocrx_word' id='word_1_146' title='bbox 459 1739 611 1824; x_wconf 85' lang='lat' dir='ltr'>voluptas,</span> <span class='ocrx_word' id='word_1_147' title='bbox 634 1749 710 1825; x_wconf 79' lang='lat' dir='ltr'>qn&#39;ae</span> <span class='ocrx_word' id='word_1_148' title='bbox 735 1746 773 1807; x_wconf 78' lang='lat' dir='ltr'>oin</span> <span class='ocrx_word' id='word_1_149' title='bbox 792 1735 987 1824; x_wconf 81' lang='lat' dir='ltr'>utrorirmqne</span> <span class='ocrx_word' id='word_1_150' title='bbox 1011 1739 1150 1825; x_wconf 78' lang='lat' dir='ltr'>operibus</span> <span class='ocrx_word' id='word_1_151' title='bbox 1174 1747 1303 1825; x_wconf 85' lang='lat' dir='ltr'>capitur.</span> <span class='ocrx_word' id='word_1_152' title='bbox 1339 1743 1429 1814; x_wconf 79' lang='lat' dir='ltr'>Quae</span> <span class='ocrx_word' id='word_1_153' title='bbox 1447 1743 1544 1822; x_wconf 90' lang='lat' dir='ltr'>igitur</span> <span class='ocrx_word' id='word_1_154' title='bbox 1566 1742 1661 1802; x_wconf 91' lang='lat' dir='ltr'>inhu-</span> 
     </span>
     <span class='ocr_line' id='line_1_18' title="bbox 295 1829 1663 1918; baseline -0.002 -24"><span class='ocrx_word' id='word_1_155' title='bbox 295 1832 441 1908; x_wconf 85' lang='lat' dir='ltr'>manitas,</span> <span class='ocrx_word' id='word_1_156' title='bbox 470 1851 547 1918; x_wconf 83' lang='lat' dir='ltr'>quae</span> <span class='ocrx_word' id='word_1_157' title='bbox 572 1833 718 1907; x_wconf 88' lang='lat' dir='ltr'>stultitia,</span> <span class='ocrx_word' id='word_1_158' title='bbox 746 1835 839 1896; x_wconf 93' lang='lat' dir='ltr'>menti</span> <span class='ocrx_word' id='word_1_159' title='bbox 868 1853 954 1895; x_wconf 89' lang='lat' dir='ltr'>snum</span> <span class='ocrx_word' id='word_1_160' title='bbox 978 1833 1110 1898; x_wconf 83' lang='lat' dir='ltr'>invidere</span> <span class='ocrx_word' id='word_1_161' title='bbox 1134 1834 1291 1896; x_wconf 86' lang='lat' dir='ltr'>honestum</span> <span class='ocrx_word' id='word_1_162' title='bbox 1313 1833 1469 1909; x_wconf 84' lang='lat' dir='ltr'>gaudium,</span> <span class='ocrx_word' id='word_1_163' title='bbox 1503 1829 1597 1893; x_wconf 91' lang='lat' dir='ltr'>oculis</span> <span class='ocrx_word' id='word_1_164' title='bbox 1629 1841 1663 1891; x_wconf 89' lang='lat' dir='ltr'>et</span> 
     </span>
     <span class='ocr_line' id='line_1_19' title="bbox 293 1917 1663 2002; baseline -0.003 -18"><span class='ocrx_word' id='word_1_165' title='bbox 293 1921 417 1984; x_wconf 78' lang='lat' dir='ltr'>bu&#39;ribns</span> <span class='ocrx_word' id='word_1_166' title='bbox 449 1929 508 1984; x_wconf 86' lang='lat' dir='ltr'>riou</span> <span class='ocrx_word' id='word_1_167' title='bbox 544 1919 704 1984; x_wconf 82' lang='lat' dir='ltr'>invidere?</span> <span class='ocrx_word' id='word_1_168' title='bbox 757 1917 871 1984; x_wconf 81' lang='lat' dir='ltr'>Rerum</span> <span class='ocrx_word' id='word_1_169' title='bbox 897 1917 1028 1984; x_wconf 67' lang='lat' dir='ltr'>&#39;daturae</span> <span class='ocrx_word' id='word_1_170' title='bbox 1065 1923 1232 2002; x_wconf 79' lang='lat' dir='ltr'>repugnat,</span> <span class='ocrx_word' id='word_1_171' title='bbox 1271 1922 1321 2002; x_wconf 86' lang='lat' dir='ltr'>qui</span> <span class='ocrx_word' id='word_1_172' title='bbox 1357 1935 1424 1982; x_wconf 80' lang='lat' dir='ltr'>cnm</span> <span class='ocrx_word' id='word_1_173' title='bbox 1454 1920 1504 1980; x_wconf 81' lang='lat' dir='ltr'>liis</span> <span class='ocrx_word' id='word_1_174' title='bbox 1540 1929 1663 2000; x_wconf 78' lang='lat' dir='ltr'>pugnat</span> 
     </span>
     <span class='ocr_line' id='line_1_20' title="bbox 295 2001 1659 2090; baseline -0.004 -18"><span class='ocrx_word' id='word_1_175' title='bbox 295 2009 540 2072; x_wconf 78' lang='lat' dir='ltr'>recreationibus.</span> <span class='ocrx_word' id='word_1_176' title='bbox 594 2009 675 2072; x_wconf 86' lang='lat' dir='ltr'>Nam</span> <span class='ocrx_word' id='word_1_177' title='bbox 708 2001 758 2090; x_wconf 84' lang='lat' dir='ltr'>qni</span> <span class='ocrx_word' id='word_1_178' title='bbox 790 2010 864 2071; x_wconf 79' lang='lat' dir='ltr'>nillil</span> <span class='ocrx_word' id='word_1_179' title='bbox 899 2009 929 2071; x_wconf 90' lang='lat' dir='ltr'>in</span> <span class='ocrx_word' id='word_1_180' title='bbox 960 2017 1102 2072; x_wconf 72' lang='lat' dir='ltr'>naturate</span> <span class='ocrx_word' id='word_1_181' title='bbox 1133 2011 1317 2084; x_wconf 77' lang='lat' dir='ltr'>introduxit,</span> <span class='ocrx_word' id='word_1_182' title='bbox 1353 2009 1482 2073; x_wconf 75' lang='lat' dir='ltr'>Creator</span> <span class='ocrx_word' id='word_1_183' title='bbox 1514 2007 1659 2088; x_wconf 55' lang='lat' dir='ltr'>murus,</span> 
     </span>
     <span class='ocr_line' id='line_1_21' title="bbox 295 2097 1661 2180; baseline -0.003 -19"><span class='ocrx_word' id='word_1_184' title='bbox 295 2099 342 2161; x_wconf 93' lang='lat' dir='ltr'>cui</span> <span class='ocrx_word' id='word_1_185' title='bbox 378 2114 437 2160; x_wconf 94' lang='lat' dir='ltr'>non</span> <span class='ocrx_word' id='word_1_186' title='bbox 472 2113 543 2160; x_wconf 77' lang='lat' dir='ltr'>&#39;cnm</span> <span class='ocrx_word' id='word_1_187' title='bbox 579 2097 619 2159; x_wconf 93' lang='lat' dir='ltr'>ad</span> <span class='ocrx_word' id='word_1_188' title='bbox 656 2099 888 2173; x_wconf 75' lang='lat' dir='ltr'>necessitatem,</span> <span class='ocrx_word' id='word_1_189' title='bbox 935 2101 999 2160; x_wconf 87' lang='lat' dir='ltr'>tunt</span> <span class='ocrx_word' id='word_1_190' title='bbox 1034 2101 1074 2160; x_wconf 88' lang='lat' dir='ltr'>ad</span> <span class='ocrx_word' id='word_1_191' title='bbox 1111 2099 1364 2180; x_wconf 72' lang='lat' dir='ltr'>palchritudinem</span> <span class='ocrx_word' id='word_1_192' title='bbox 1400 2107 1432 2159; x_wconf 77' lang='lat' dir='ltr'>et</span> <span class='ocrx_word' id='word_1_193' title='bbox 1469 2097 1661 2176; x_wconf 84' lang='lat' dir='ltr'>voluptatem</span> 
     </span>
     <span class='ocr_line' id='line_1_22' title="bbox 295 2185 1661 2267; baseline -0.002 -20"><span class='ocrx_word' id='word_1_194' title='bbox 295 2187 413 2248; x_wconf 91' lang='lat' dir='ltr'>abunde</span> <span class='ocrx_word' id='word_1_195' title='bbox 435 2186 647 2267; x_wconf 80' lang='lat' dir='ltr'>prospexerit:</span> <span class='ocrx_word' id='word_1_196' title='bbox 670 2188 844 2260; x_wconf 80' lang='lat' dir='ltr'>ismentem</span> <span class='ocrx_word' id='word_1_197' title='bbox 857 2186 994 2262; x_wconf 89' lang='lat' dir='ltr'>hominis,</span> <span class='ocrx_word' id='word_1_198' title='bbox 1015 2187 1114 2250; x_wconf 81' lang='lat' dir='ltr'>totius</span> <span class='ocrx_word' id='word_1_199' title='bbox 1128 2197 1256 2250; x_wconf 89' lang='lat' dir='ltr'>naturae</span> <span class='ocrx_word' id='word_1_200' title='bbox 1271 2187 1432 2259; x_wconf 86' lang='lat' dir='ltr'>dominam,</span> <span class='ocrx_word' id='word_1_201' title='bbox 1457 2204 1542 2248; x_wconf 85' lang='lat' dir='ltr'>suam</span> <span class='ocrx_word' id='word_1_202' title='bbox 1562 2185 1661 2264; x_wconf 88' lang='lat' dir='ltr'>ipsius</span> 
     </span>
     <span class='ocr_line' id='line_1_23' title="bbox 294 2269 1660 2356; baseline -0.001 -20"><span class='ocrx_word' id='word_1_203' title='bbox 294 2275 464 2354; x_wconf 87' lang='lat' dir='ltr'>imaginem,</span> <span class='ocrx_word' id='word_1_204' title='bbox 489 2274 585 2338; x_wconf 87' lang='lat' dir='ltr'>solam</span> <span class='ocrx_word' id='word_1_205' title='bbox 607 2276 690 2337; x_wconf 89' lang='lat' dir='ltr'>nulla</span> <span class='ocrx_word' id='word_1_206' title='bbox 713 2277 868 2356; x_wconf 91' lang='lat' dir='ltr'>voluptate</span> <span class='ocrx_word' id='word_1_207' title='bbox 891 2269 1052 2337; x_wconf 79' lang='lat' dir='ltr'>beaverit?</span> <span class='ocrx_word' id='word_1_208' title='bbox 1089 2277 1152 2338; x_wconf 88' lang='lat' dir='ltr'>imo</span> <span class='ocrx_word' id='word_1_209' title='bbox 1172 2276 1217 2338; x_wconf 91' lang='lat' dir='ltr'>uti</span> <span class='ocrx_word' id='word_1_210' title='bbox 1235 2296 1292 2339; x_wconf 95' lang='lat' dir='ltr'>nou</span> <span class='ocrx_word' id='word_1_211' title='bbox 1313 2276 1493 2356; x_wconf 89' lang='lat' dir='ltr'>quaerimus,</span> <span class='ocrx_word' id='word_1_212' title='bbox 1519 2293 1578 2354; x_wconf 90' lang='lat' dir='ltr'>qua</span> <span class='ocrx_word' id='word_1_213' title='bbox 1601 2291 1660 2352; x_wconf 88' lang='lat' dir='ltr'>spe</span> 
     </span>
     <span class='ocr_line' id='line_1_24' title="bbox 294 2362 1658 2456; baseline -0.001 -32"><span class='ocrx_word' id='word_1_214' title='bbox 294 2362 441 2424; x_wconf 92' lang='lat' dir='ltr'>commodi</span> <span class='ocrx_word' id='word_1_215' title='bbox 456 2363 594 2425; x_wconf 87' lang='lat' dir='ltr'>cantillet</span> <span class='ocrx_word' id='word_1_216' title='bbox 615 2364 742 2439; x_wconf 89' lang='lat' dir='ltr'>avicula,</span> <span class='ocrx_word' id='word_1_217' title='bbox 768 2383 834 2426; x_wconf 87' lang='lat' dir='ltr'>cum</span> <span class='ocrx_word' id='word_1_218' title='bbox 853 2364 983 2426; x_wconf 83' lang='lat' dir='ltr'>sciamus</span> <span class='ocrx_word' id='word_1_219' title='bbox 998 2364 1098 2426; x_wconf 87' lang='lat' dir='ltr'>inesse</span> <span class='ocrx_word' id='word_1_220' title='bbox 1112 2366 1299 2456; x_wconf 89' lang='lat' dir='ltr'>voluptatem</span> <span class='ocrx_word' id='word_1_221' title='bbox 1314 2365 1343 2426; x_wconf 92' lang='lat' dir='ltr'>in</span> <span class='ocrx_word' id='word_1_222' title='bbox 1359 2373 1459 2432; x_wconf 85' lang='lat' dir='ltr'>cantu.</span> <span class='ocrx_word' id='word_1_223' title='bbox 1483 2371 1658 2443; x_wconf 82' lang='lat' dir='ltr'>propterea,</span> 
     </span>
     <span class='ocr_line' id='line_1_25' title="bbox 296 2445 1661 2533; baseline -0.001 -21"><span class='ocrx_word' id='word_1_224' title='bbox 296 2451 368 2532; x_wconf 90' lang='lat' dir='ltr'>quia</span> <span class='ocrx_word' id='word_1_225' title='bbox 390 2450 430 2512; x_wconf 88' lang='lat' dir='ltr'>ad</span> <span class='ocrx_word' id='word_1_226' title='bbox 454 2449 574 2513; x_wconf 79' lang='lat' dir='ltr'>cantum</span> <span class='ocrx_word' id='word_1_227' title='bbox 597 2445 690 2513; x_wconf 77' lang='lat' dir='ltr'>istim</span> <span class='ocrx_word' id='word_1_228' title='bbox 706 2451 797 2513; x_wconf 72' lang='lat' dir='ltr'>&#39;facta</span> <span class='ocrx_word' id='word_1_229' title='bbox 819 2447 888 2514; x_wconf 76' lang='lat' dir='ltr'>est:</span> <span class='ocrx_word' id='word_1_230' title='bbox 913 2453 957 2514; x_wconf 77' lang='lat' dir='ltr'>ita</span> <span class='ocrx_word' id='word_1_231' title='bbox 977 2459 1035 2514; x_wconf 81' lang='lat' dir='ltr'>uec</span> <span class='ocrx_word' id='word_1_232' title='bbox 1047 2445 1335 2533; x_wconf 60' lang='lat' dir='ltr'>‘ioc&#39;quaere&#39;ndum</span> <span class='ocrx_word' id='word_1_233' title='bbox 1361 2471 1413 2514; x_wconf 89' lang='lat' dir='ltr'>cur</span> <span class='ocrx_word' id='word_1_234' title='bbox 1427 2469 1511 2514; x_wconf 89' lang='lat' dir='ltr'>mens</span> <span class='ocrx_word' id='word_1_235' title='bbox 1526 2452 1661 2512; x_wconf 91' lang='lat' dir='ltr'>humana</span> 
     </span>
     <span class='ocr_line' id='line_1_26' title="bbox 293 2533 1659 2621; baseline -0.001 -19"><span class='ocrx_word' id='word_1_236' title='bbox 293 2541 411 2602; x_wconf 72' lang='lat' dir='ltr'>tantumn</span> <span class='ocrx_word' id='word_1_237' title='bbox 432 2533 534 2602; x_wconf 74' lang='lat' dir='ltr'>elimat</span> <span class='ocrx_word' id='word_1_238' title='bbox 556 2541 669 2602; x_wconf 71' lang='lat' dir='ltr'>laboris</span> <span class='ocrx_word' id='word_1_239' title='bbox 691 2538 722 2602; x_wconf 83' lang='lat' dir='ltr'>ib</span> <span class='ocrx_word' id='word_1_240' title='bbox 745 2539 1217 2621; x_wconf 73' lang='lat' dir='ltr'>perquirendlsnrsceooeicrun</span> <span class='ocrx_word' id='word_1_241' title='bbox 1237 2543 1366 2603; x_wconf 68' lang='lat' dir='ltr'>arcanlst</span> <span class='ocrx_word' id='word_1_242' title='bbox 1400 2540 1463 2602; x_wconf 78' lang='lat' dir='ltr'>list</span> <span class='ocrx_word' id='word_1_243' title='bbox 1481 2540 1564 2602; x_wconf 82' lang='lat' dir='ltr'>enirn</span> <span class='ocrx_word' id='word_1_244' title='bbox 1589 2537 1659 2600; x_wconf 90' lang='lat' dir='ltr'>ideo</span> 
     </span>
     <span class='ocr_line' id='line_1_27' title="bbox 294 2628 1659 2711; baseline -0.001 -22"><span class='ocrx_word' id='word_1_245' title='bbox 294 2645 378 2690; x_wconf 91' lang='lat' dir='ltr'>mens</span> <span class='ocrx_word' id='word_1_246' title='bbox 402 2629 547 2708; x_wconf 82' lang='lat' dir='ltr'>adjuncta</span> <span class='ocrx_word' id='word_1_247' title='bbox 575 2629 712 2691; x_wconf 86' lang='lat' dir='ltr'>sensibus</span> <span class='ocrx_word' id='word_1_248' title='bbox 741 2629 779 2691; x_wconf 91' lang='lat' dir='ltr'>ab</span> <span class='ocrx_word' id='word_1_249' title='bbox 803 2629 920 2709; x_wconf 71' lang='lat' dir='ltr'>Opiiiee</span> <span class='ocrx_word' id='word_1_250' title='bbox 942 2637 1070 2704; x_wconf 82' lang='lat' dir='ltr'>nostro,</span> <span class='ocrx_word' id='word_1_251' title='bbox 1100 2637 1161 2692; x_wconf 80' lang='lat' dir='ltr'>nou</span> <span class='ocrx_word' id='word_1_252' title='bbox 1186 2638 1303 2694; x_wconf 89' lang='lat' dir='ltr'>tantum</span> <span class='ocrx_word' id='word_1_253' title='bbox 1327 2638 1360 2692; x_wconf 91' lang='lat' dir='ltr'>ut</span> <span class='ocrx_word' id='word_1_254' title='bbox 1382 2649 1415 2690; x_wconf 93' lang='lat' dir='ltr'>se</span> <span class='ocrx_word' id='word_1_255' title='bbox 1441 2630 1537 2708; x_wconf 86' lang='lat' dir='ltr'>ipsum</span> <span class='ocrx_word' id='word_1_256' title='bbox 1567 2628 1659 2711; x_wconf 85' lang='lat' dir='ltr'>bomo</span> 
     </span>
     <span class='ocr_line' id='line_1_28' title="bbox 294 2716 1659 2802; baseline -0.001 -24"><span class='ocrx_word' id='word_1_257' title='bbox 294 2723 488 2792; x_wconf 85' lang='lat' dir='ltr'>sustentaret,</span> <span class='ocrx_word' id='word_1_258' title='bbox 514 2717 593 2798; x_wconf 90' lang='lat' dir='ltr'>quod</span> <span class='ocrx_word' id='word_1_259' title='bbox 617 2717 704 2798; x_wconf 85' lang='lat' dir='ltr'>louge</span> <span class='ocrx_word' id='word_1_260' title='bbox 728 2718 870 2781; x_wconf 90' lang='lat' dir='ltr'>solertius</span> <span class='ocrx_word' id='word_1_261' title='bbox 892 2724 1020 2802; x_wconf 87' lang='lat' dir='ltr'>possunt</span> <span class='ocrx_word' id='word_1_262' title='bbox 1042 2718 1091 2780; x_wconf 90' lang='lat' dir='ltr'>vel</span> <span class='ocrx_word' id='word_1_263' title='bbox 1114 2721 1221 2780; x_wconf 90' lang='lat' dir='ltr'>brutae</span> <span class='ocrx_word' id='word_1_264' title='bbox 1240 2719 1349 2780; x_wconf 89' lang='lat' dir='ltr'>mentis</span> <span class='ocrx_word' id='word_1_265' title='bbox 1369 2717 1536 2779; x_wconf 88' lang='lat' dir='ltr'>ministerio</span> <span class='ocrx_word' id='word_1_266' title='bbox 1560 2716 1659 2778; x_wconf 88' lang='lat' dir='ltr'>multa</span> 
     </span>
     <span class='ocr_line' id='line_1_29' title="bbox 295 2799 1656 2887; baseline -0.002 -20"><span class='ocrx_word' id='word_1_267' title='bbox 295 2805 491 2867; x_wconf 79' lang='lat' dir='ltr'>&#39;animantium</span> <span class='ocrx_word' id='word_1_268' title='bbox 514 2799 644 2887; x_wconf 69' lang='lat' dir='ltr'>genera:</span> <span class='ocrx_word' id='word_1_269' title='bbox 670 2805 849 2883; x_wconf 77' lang='lat' dir='ltr'>sedetiam,</span> <span class='ocrx_word' id='word_1_270' title='bbox 873 2815 907 2868; x_wconf 91' lang='lat' dir='ltr'>ut</span> <span class='ocrx_word' id='word_1_271' title='bbox 929 2807 967 2867; x_wconf 72' lang='lat' dir='ltr'>eb</span> <span class='ocrx_word' id='word_1_272' title='bbox 991 2807 1037 2881; x_wconf 80' lang='lat' dir='ltr'>lit,</span> <span class='ocrx_word' id='word_1_273' title='bbox 1063 2801 1148 2886; x_wconf 73' lang='lat' dir='ltr'>quae,</span> <span class='ocrx_word' id='word_1_274' title='bbox 1174 2807 1252 2886; x_wconf 88' lang='lat' dir='ltr'>quod</span> <span class='ocrx_word' id='word_1_275' title='bbox 1274 2808 1351 2882; x_wconf 70' lang='lat' dir='ltr'>sint,</span> <span class='ocrx_word' id='word_1_276' title='bbox 1376 2807 1470 2868; x_wconf 84' lang='lat' dir='ltr'>oculis</span> <span class='ocrx_word' id='word_1_277' title='bbox 1494 2804 1656 2878; x_wconf 79' lang='lat' dir='ltr'>cernimus,</span> 
     </span>
     <span class='ocr_line' id='line_1_30' title="bbox 294 2893 1658 2976; baseline -0.001 -21"><span class='ocrx_word' id='word_1_278' title='bbox 294 2893 334 2956; x_wconf 81' lang='lat' dir='ltr'>&#39;ad</span> <span class='ocrx_word' id='word_1_279' title='bbox 357 2897 465 2956; x_wconf 75' lang='lat' dir='ltr'>causas</span> <span class='ocrx_word' id='word_1_280' title='bbox 490 2893 581 2976; x_wconf 83' lang='lat' dir='ltr'>qnare</span> <span class='ocrx_word' id='word_1_281' title='bbox 606 2895 667 2956; x_wconf 79' lang='lat' dir='ltr'>&#39;sint</span> <span class='ocrx_word' id='word_1_282' title='bbox 688 2903 721 2956; x_wconf 92' lang='lat' dir='ltr'>et</span> <span class='ocrx_word' id='word_1_283' title='bbox 741 2897 832 2972; x_wconf 88' lang='lat' dir='ltr'>liant,</span> <span class='ocrx_word' id='word_1_284' title='bbox 858 2895 1125 2957; x_wconf 78' lang='lat' dir='ltr'>contenderemus:</span> <span class='ocrx_word' id='word_1_285' title='bbox 1150 2896 1285 2975; x_wconf 77' lang='lat' dir='ltr'>thmris</span> <span class='ocrx_word' id='word_1_286' title='bbox 1310 2895 1382 2957; x_wconf 89' lang='lat' dir='ltr'>nihil</span> <span class='ocrx_word' id='word_1_287' title='bbox 1406 2895 1486 2956; x_wconf 85' lang='lat' dir='ltr'>alind</span> <span class='ocrx_word' id='word_1_288' title='bbox 1511 2893 1658 2955; x_wconf 71' lang='lat' dir='ltr'>utilitatis</span> 
     </span>
     <span class='ocr_line' id='line_1_31' title="bbox 291 2981 1657 3066; baseline -0.001 -22"><span class='ocrx_word' id='word_1_289' title='bbox 291 2981 363 3044; x_wconf 88' lang='lat' dir='ltr'>lrlde</span> <span class='ocrx_word' id='word_1_290' title='bbox 387 2983 571 3062; x_wconf 75' lang='lat' dir='ltr'>ctpbr&#39;einus.</span> <span class='ocrx_word' id='word_1_291' title='bbox 619 2985 721 3064; x_wconf 85' lang='lat' dir='ltr'>Atque</span> <span class='ocrx_word' id='word_1_292' title='bbox 741 2985 822 3045; x_wconf 76' lang='lat' dir='ltr'>adeo</span> <span class='ocrx_word' id='word_1_293' title='bbox 846 2983 880 3045; x_wconf 83' lang='lat' dir='ltr'>nt</span> <span class='ocrx_word' id='word_1_294' title='bbox 903 2981 1046 3046; x_wconf 79' lang='lat' dir='ltr'>animtlia</span> <span class='ocrx_word' id='word_1_295' title='bbox 1069 2991 1187 3059; x_wconf 78' lang='lat' dir='ltr'>cetera,</span> <span class='ocrx_word' id='word_1_296' title='bbox 1212 2990 1380 3066; x_wconf 77' lang='lat' dir='ltr'>corpusque</span> <span class='ocrx_word' id='word_1_297' title='bbox 1399 2985 1564 3045; x_wconf 80' lang='lat' dir='ltr'>&#39;homanum</span> <span class='ocrx_word' id='word_1_298' title='bbox 1587 2981 1657 3044; x_wconf 90' lang='lat' dir='ltr'>cibo</span> 
     </span>
     <span class='ocr_line' id='line_1_32' title="bbox 290 3069 1656 3153; baseline 0 -21"><span class='ocrx_word' id='word_1_299' title='bbox 290 3069 426 3151; x_wconf 67' lang='lat' dir='ltr'>potuque</span> <span class='ocrx_word' id='word_1_300' title='bbox 450 3073 679 3134; x_wconf 85' lang='lat' dir='ltr'>sustentantbr:</span> <span class='ocrx_word' id='word_1_301' title='bbox 710 3073 757 3135; x_wconf 79' lang='lat' dir='ltr'>tic</span> <span class='ocrx_word' id='word_1_302' title='bbox 778 3071 897 3134; x_wconf 87' lang='lat' dir='ltr'>animus</span> <span class='ocrx_word' id='word_1_303' title='bbox 920 3071 985 3152; x_wconf 85' lang='lat' dir='ltr'>ipse</span> <span class='ocrx_word' id='word_1_304' title='bbox 1014 3071 1162 3147; x_wconf 82' lang='lat' dir='ltr'>bominis,</span> <span class='ocrx_word' id='word_1_305' title='bbox 1184 3073 1344 3135; x_wconf 78' lang='lat' dir='ltr'>&#39;ditiersnllr</span> <span class='ocrx_word' id='word_1_306' title='bbox 1368 3073 1509 3153; x_wconf 80' lang='lat' dir='ltr'>quiddam</span> <span class='ocrx_word' id='word_1_307' title='bbox 1534 3071 1574 3132; x_wconf 86' lang='lat' dir='ltr'>ab</span> <span class='ocrx_word' id='word_1_308' title='bbox 1592 3071 1656 3132; x_wconf 85' lang='lat' dir='ltr'>llo·</span> 
     </span>
    </p>
   </div>
   <div class='ocr_carea' id='block_1_3' title="bbox 166 3149 1656 3241">
    <p class='ocr_par' dir='ltr' id='par_1_5' title="bbox 166 3149 1656 3241">
     <span class='ocr_line' id='line_1_33' title="bbox 166 3149 1656 3241; baseline 0 -21"><span class='ocrx_word' id='word_1_309' title='bbox 166 3235 169 3240; x_wconf 26' lang='grc'><strong>,</strong></span> <span class='ocrx_word' id='word_1_310' title='bbox 293 3159 372 3222; x_wconf 88' lang='lat' dir='ltr'>mine</span> <span class='ocrx_word' id='word_1_311' title='bbox 387 3161 432 3234; x_wconf 78' lang='lat'>⁰),</span> <span class='ocrx_word' id='word_1_312' title='bbox 465 3149 643 3240; x_wconf 71' lang='lat' dir='ltr'>vegetatur,</span> <span class='ocrx_word' id='word_1_313' title='bbox 674 3164 820 3240; x_wconf 78' lang='lat' dir='ltr'>angetur,</span> <span class='ocrx_word' id='word_1_314' title='bbox 852 3167 883 3222; x_wconf 89' lang='lat' dir='ltr'>et</span> <span class='ocrx_word' id='word_1_315' title='bbox 914 3161 1065 3223; x_wconf 76' lang='lat' dir='ltr'>adolescit</span> <span class='ocrx_word' id='word_1_316' title='bbox 1095 3163 1315 3241; x_wconf 84' lang='lat' dir='ltr'>quodammodo</span> <span class='ocrx_word' id='word_1_317' title='bbox 1344 3159 1526 3240; x_wconf 83' lang='lat' dir='ltr'>cognitionis</span> <span class='ocrx_word' id='word_1_318' title='bbox 1554 3159 1656 3221; x_wconf 78' lang='lat' dir='ltr'>isthoc</span> 
     </span>
    </p>
   </div>
   <div class='ocr_carea' id='block_1_4' title="bbox 290 3238 1655 3349">
    <p class='ocr_par' dir='ltr' id='par_1_6' title="bbox 290 3238 1655 3349">
     <span class='ocr_line' id='line_1_34' title="bbox 290 3238 1655 3349; baseline 0.001 -42"><span class='ocrx_word' id='word_1_319' title='bbox 290 3245 423 3330; x_wconf 87' lang='lat' dir='ltr'>pabulo:</span> <span class='ocrx_word' id='word_1_320' title='bbox 449 3245 630 3329; x_wconf 74' lang='lat' dir='ltr'>&#39;mortuoque</span> <span class='ocrx_word' id='word_1_321' title='bbox 647 3255 743 3349; x_wconf 73' lang='lat' dir='ltr'>&#39;quarn</span> <span class='ocrx_word' id='word_1_322' title='bbox 765 3249 835 3311; x_wconf 80' lang='lat' dir='ltr'>tivo</span> <span class='ocrx_word' id='word_1_323' title='bbox 860 3249 985 3312; x_wconf 88' lang='lat' dir='ltr'>similior</span> <span class='ocrx_word' id='word_1_324' title='bbox 1005 3255 1067 3322; x_wconf 86' lang='lat' dir='ltr'>est,</span> <span class='ocrx_word' id='word_1_325' title='bbox 1096 3251 1122 3311; x_wconf 90' lang='lat' dir='ltr'>si</span> <span class='ocrx_word' id='word_1_326' title='bbox 1145 3250 1251 3312; x_wconf 77' lang='lat' dir='ltr'>haruin</span> <span class='ocrx_word' id='word_1_327' title='bbox 1271 3261 1372 3312; x_wconf 81' lang='lat' dir='ltr'>rernm</span> <span class='ocrx_word' id='word_1_328' title='bbox 1388 3238 1547 3311; x_wconf 66' lang='lat' dir='ltr'>&#39;desiderit</span> <span class='ocrx_word' id='word_1_329' title='bbox 1565 3249 1655 3310; x_wconf 73' lang='lat' dir='ltr'>‘nullo</span> 
     </span>
    </p>
   </div>
   <div class='ocr_carea' id='block_1_5' title="bbox 292 3327 1755 3418">
    <p class='ocr_par' dir='ltr' id='par_1_7' title="bbox 292 3327 1755 3418">
     <span class='ocr_line' id='line_1_35' title="bbox 292 3327 1755 3418; baseline 0.002 -23"><span class='ocrx_word' id='word_1_330' title='bbox 292 3334 438 3414; x_wconf 86' lang='lat' dir='ltr'>tangitur.</span> <span class='ocrx_word' id='word_1_331' title='bbox 477 3327 579 3406; x_wconf 73' lang='lat' dir='ltr'>Qu&#39;are</span> <span class='ocrx_word' id='word_1_332' title='bbox 603 3338 647 3398; x_wconf 87' lang='lat' dir='ltr'>uti</span> <span class='ocrx_word' id='word_1_333' title='bbox 669 3347 796 3401; x_wconf 87' lang='lat' dir='ltr'>naturae</span> <span class='ocrx_word' id='word_1_334' title='bbox 818 3337 1010 3418; x_wconf 82' lang='lat' dir='ltr'>providentia</span> <span class='ocrx_word' id='word_1_335' title='bbox 1031 3339 1172 3418; x_wconf 76' lang='lat' dir='ltr'>pabulam</span> <span class='ocrx_word' id='word_1_336' title='bbox 1196 3340 1399 3401; x_wconf 85' lang='lat' dir='ltr'>animantibus</span> <span class='ocrx_word' id='word_1_337' title='bbox 1422 3351 1575 3418; x_wconf 84' lang='lat' dir='ltr'>nunqnam</span> <span class='ocrx_word' id='word_1_338' title='bbox 1600 3337 1655 3398; x_wconf 84' lang='lat' dir='ltr'>de-</span> <span class='ocrx_word' id='word_1_339' title='bbox 1750 3351 1755 3360; x_wconf 94' lang='grc'><strong><em>·</em></strong></span> 
     </span>
    </p>
   </div>
   <div class='ocr_carea' id='block_1_6' title="bbox 281 3421 1672 4844">
    <p class='ocr_par' dir='ltr' id='par_1_8' title="bbox 281 3421 1672 4844">
     <span class='ocr_line' id='line_1_36' title="bbox 290 3421 1655 3506; baseline 0.001 -22"><span class='ocrx_word' id='word_1_340' title='bbox 290 3422 374 3484; x_wconf 81' lang='lat' dir='ltr'>neit:</span> <span class='ocrx_word' id='word_1_341' title='bbox 406 3423 453 3484; x_wconf 90' lang='lat' dir='ltr'>ita</span> <span class='ocrx_word' id='word_1_342' title='bbox 479 3443 537 3486; x_wconf 92' lang='lat' dir='ltr'>uon</span> <span class='ocrx_word' id='word_1_343' title='bbox 562 3421 709 3487; x_wconf 80' lang='lat' dir='ltr'>immerito</span> <span class='ocrx_word' id='word_1_344' title='bbox 734 3427 832 3489; x_wconf 78' lang='lat' dir='ltr'>didere</span> <span class='ocrx_word' id='word_1_345' title='bbox 855 3438 1028 3506; x_wconf 83' lang='lat' dir='ltr'>possumne,</span> <span class='ocrx_word' id='word_1_346' title='bbox 1057 3431 1219 3506; x_wconf 79' lang='lat' dir='ltr'>propteret</span> <span class='ocrx_word' id='word_1_347' title='bbox 1247 3437 1363 3490; x_wconf 76' lang='lat' dir='ltr'>tantam</span> <span class='ocrx_word' id='word_1_348' title='bbox 1388 3427 1416 3488; x_wconf 89' lang='lat' dir='ltr'>iu</span> <span class='ocrx_word' id='word_1_349' title='bbox 1436 3427 1532 3488; x_wconf 69' lang='lat' dir='ltr'>rebus</span> <span class='ocrx_word' id='word_1_350' title='bbox 1556 3427 1655 3488; x_wconf 85' lang='lat' dir='ltr'>inesse</span> 
     </span>
     <span class='ocr_line' id='line_1_37' title="bbox 289 3509 1655 3595; baseline 0.001 -23"><span class='ocrx_word' id='word_1_351' title='bbox 289 3509 491 3588; x_wconf 70' lang='lat' dir='ltr'>barietatem,</span> <span class='ocrx_word' id='word_1_352' title='bbox 521 3515 642 3595; x_wconf 79' lang='lat' dir='ltr'>tamque</span> <span class='ocrx_word' id='word_1_353' title='bbox 668 3515 842 3577; x_wconf 73' lang='lat' dir='ltr'>reconditos</span> <span class='ocrx_word' id='word_1_354' title='bbox 865 3515 896 3577; x_wconf 90' lang='lat' dir='ltr'>in</span> <span class='ocrx_word' id='word_1_355' title='bbox 920 3517 1071 3577; x_wconf 87' lang='lat' dir='ltr'>coelorum</span> <span class='ocrx_word' id='word_1_356' title='bbox 1088 3515 1209 3578; x_wconf 72' lang='lat' dir='ltr'>‘fabrica</span> <span class='ocrx_word' id='word_1_357' title='bbox 1232 3517 1410 3590; x_wconf 80' lang='lat' dir='ltr'>thesauros,</span> <span class='ocrx_word' id='word_1_358' title='bbox 1438 3523 1473 3576; x_wconf 85' lang='lat' dir='ltr'>ut</span> <span class='ocrx_word' id='word_1_359' title='bbox 1499 3527 1655 3594; x_wconf 74' lang='lat' dir='ltr'>nunqnam</span> 
     </span>
     <span class='ocr_line' id='line_1_38' title="bbox 292 3599 1654 3684; baseline 0.003 -24"><span class='ocrx_word' id='word_1_360' title='bbox 292 3599 416 3662; x_wconf 79' lang='lat' dir='ltr'>deesset</span> <span class='ocrx_word' id='word_1_361' title='bbox 438 3601 586 3664; x_wconf 72' lang='lat' dir='ltr'>humanae</span> <span class='ocrx_word' id='word_1_362' title='bbox 608 3605 702 3665; x_wconf 83' lang='lat' dir='ltr'>menti</span> <span class='ocrx_word' id='word_1_363' title='bbox 726 3605 830 3664; x_wconf 82' lang='lat' dir='ltr'>recens</span> <span class='ocrx_word' id='word_1_364' title='bbox 851 3603 1008 3684; x_wconf 80' lang='lat' dir='ltr'>pabulum,</span> <span class='ocrx_word' id='word_1_365' title='bbox 1039 3623 1076 3666; x_wconf 91' lang='lat' dir='ltr'>ue</span> <span class='ocrx_word' id='word_1_366' title='bbox 1093 3604 1255 3667; x_wconf 74' lang='lat' dir='ltr'>&#39;fastidiret</span> <span class='ocrx_word' id='word_1_367' title='bbox 1274 3605 1459 3678; x_wconf 70' lang='lat' dir='ltr'>obsoletum,</span> <span class='ocrx_word' id='word_1_368' title='bbox 1483 3615 1543 3665; x_wconf 51' lang='lat' dir='ltr'>¹nen</span> <span class='ocrx_word' id='word_1_369' title='bbox 1561 3605 1654 3684; x_wconf 70' lang='lat' dir='ltr'>&#39;quie-</span> 
     </span>
     <span class='ocr_line' id='line_1_39' title="bbox 295 3687 1590 3773; baseline 0.003 -24"><span class='ocrx_word' id='word_1_370' title='bbox 295 3696 407 3764; x_wconf 86' lang='lat' dir='ltr'>sceret,</span> <span class='ocrx_word' id='word_1_371' title='bbox 437 3690 491 3750; x_wconf 86' lang='lat' dir='ltr'>sed</span> <span class='ocrx_word' id='word_1_372' title='bbox 514 3691 640 3752; x_wconf 77' lang='lat' dir='ltr'>baberet</span> <span class='ocrx_word' id='word_1_373' title='bbox 663 3691 692 3752; x_wconf 90' lang='lat' dir='ltr'>in</span> <span class='ocrx_word' id='word_1_374' title='bbox 718 3693 772 3754; x_wconf 84' lang='lat' dir='ltr'>bbc</span> <span class='ocrx_word' id='word_1_375' title='bbox 791 3693 905 3754; x_wconf 61' lang='lat' dir='ltr'>&#39;mundo</span> <span class='ocrx_word' id='word_1_376' title='bbox 924 3701 1106 3773; x_wconf 88' lang='lat' dir='ltr'>perpetuam</span> <span class='ocrx_word' id='word_1_377' title='bbox 1130 3693 1288 3756; x_wconf 82' lang='lat' dir='ltr'>exercendi</span> <span class='ocrx_word' id='word_1_378' title='bbox 1313 3694 1358 3755; x_wconf 84' lang='lat' dir='ltr'>sui</span> <span class='ocrx_word' id='word_1_379' title='bbox 1382 3687 1544 3768; x_wconf 79' lang='lat' dir='ltr'>officinam.</span> <span class='ocrx_word' id='word_1_380' title='bbox 1560 3690 1590 3766; x_wconf 69' lang='lat' dir='ltr'>a)</span> 
     </span>
     <span class='ocr_line' id='line_1_40' title="bbox 381 3777 1655 3862; baseline 0.002 -24"><span class='ocrx_word' id='word_1_381' title='bbox 381 3777 486 3856; x_wconf 86' lang='lat' dir='ltr'>Neque</span> <span class='ocrx_word' id='word_1_382' title='bbox 509 3780 580 3841; x_wconf 73' lang='lat' dir='ltr'>iero</span> <span class='ocrx_word' id='word_1_383' title='bbox 604 3779 709 3842; x_wconf 76' lang='lat' dir='ltr'>hainin</span> <span class='ocrx_word' id='word_1_384' title='bbox 733 3781 896 3860; x_wconf 83' lang='lat' dir='ltr'>epulatum,</span> <span class='ocrx_word' id='word_1_385' title='bbox 922 3798 996 3862; x_wconf 86' lang='lat' dir='ltr'>quas</span> <span class='ocrx_word' id='word_1_386' title='bbox 1020 3799 1058 3842; x_wconf 88' lang='lat' dir='ltr'>ex</span> <span class='ocrx_word' id='word_1_387' title='bbox 1078 3782 1227 3844; x_wconf 83' lang='lat' dir='ltr'>ditissimo</span> <span class='ocrx_word' id='word_1_388' title='bbox 1244 3781 1417 3845; x_wconf 86' lang='lat' dir='ltr'>Oontiitoris</span> <span class='ocrx_word' id='word_1_389' title='bbox 1441 3791 1520 3861; x_wconf 84' lang='lat' dir='ltr'>penu</span> <span class='ocrx_word' id='word_1_390' title='bbox 1544 3781 1576 3842; x_wconf 89' lang='lat' dir='ltr'>ln</span> <span class='ocrx_word' id='word_1_391' title='bbox 1601 3781 1655 3842; x_wconf 91' lang='lat' dir='ltr'>hoc</span> 
     </span>
     <span class='ocr_line' id='line_1_41' title="bbox 293 3862 1656 3952; baseline 0.004 -27"><span class='ocrx_word' id='word_1_392' title='bbox 293 3862 394 3926; x_wconf 90' lang='lat' dir='ltr'>li’oello</span> <span class='ocrx_word' id='word_1_393' title='bbox 418 3863 546 3927; x_wconf 79' lang='lat' dir='ltr'>velutin</span> <span class='ocrx_word' id='word_1_394' title='bbox 568 3870 840 3949; x_wconf 83' lang='lat' dir='ltr'>ineusa&#39;depronio,</span> <span class='ocrx_word' id='word_1_395' title='bbox 857 3878 1026 3950; x_wconf 69' lang='lat' dir='ltr'>&#39;propterea</span> <span class='ocrx_word' id='word_1_396' title='bbox 1044 3871 1140 3932; x_wconf 88' lang='lat' dir='ltr'>minor</span> <span class='ocrx_word' id='word_1_397' title='bbox 1156 3879 1208 3932; x_wconf 88' lang='lat' dir='ltr'>est</span> <span class='ocrx_word' id='word_1_398' title='bbox 1222 3871 1376 3948; x_wconf 83' lang='lat' dir='ltr'>nobilitas,</span> <span class='ocrx_word' id='word_1_399' title='bbox 1392 3872 1471 3952; x_wconf 82' lang='lat' dir='ltr'>quod</span> <span class='ocrx_word' id='word_1_400' title='bbox 1483 3881 1510 3931; x_wconf 71' lang='lat' dir='ltr'>‘a</span> <span class='ocrx_word' id='word_1_401' title='bbox 1524 3871 1656 3932; x_wconf 76' lang='lat' dir='ltr'>maxima</span> 
     </span>
     <span class='ocr_line' id='line_1_42' title="bbox 290 3953 1654 4040; baseline 0.007 -29"><span class='ocrx_word' id='word_1_402' title='bbox 290 3953 373 4032; x_wconf 80' lang='lat' dir='ltr'>vnlgi</span> <span class='ocrx_word' id='word_1_403' title='bbox 398 3961 485 4031; x_wconf 87' lang='lat' dir='ltr'>parte</span> <span class='ocrx_word' id='word_1_404' title='bbox 507 3955 557 4016; x_wconf 77' lang='lat' dir='ltr'>tel</span> <span class='ocrx_word' id='word_1_405' title='bbox 588 3959 646 4017; x_wconf 86' lang='lat' dir='ltr'>noir</span> <span class='ocrx_word' id='word_1_406' title='bbox 674 3957 888 4036; x_wconf 81' lang='lat' dir='ltr'>gustabuntur,</span> <span class='ocrx_word' id='word_1_407' title='bbox 919 3959 968 4018; x_wconf 78' lang='lat' dir='ltr'>vel</span> <span class='ocrx_word' id='word_1_408' title='bbox 997 3967 1184 4039; x_wconf 77' lang='lat' dir='ltr'>respuentur.</span> <span class='ocrx_word' id='word_1_409' title='bbox 1231 3961 1379 4023; x_wconf 76' lang='lat' dir='ltr'>Anserem</span> <span class='ocrx_word' id='word_1_410' title='bbox 1403 3959 1531 4022; x_wconf 82' lang='lat' dir='ltr'>landent</span> <span class='ocrx_word' id='word_1_411' title='bbox 1553 3961 1654 4040; x_wconf 90' lang='lat' dir='ltr'>plures</span> 
     </span>
     <span class='ocr_line' id='line_1_43' title="bbox 286 4040 1655 4128; baseline 0.005 -27"><span class='ocrx_word' id='word_1_412' title='bbox 286 4055 382 4120; x_wconf 84' lang='lat' dir='ltr'>qoam</span> <span class='ocrx_word' id='word_1_413' title='bbox 404 4040 598 4121; x_wconf 88' lang='lat' dir='ltr'>phasianum,</span> <span class='ocrx_word' id='word_1_414' title='bbox 618 4045 698 4124; x_wconf 74' lang='lat' dir='ltr'>‘quia</span> <span class='ocrx_word' id='word_1_415' title='bbox 720 4045 771 4108; x_wconf 84' lang='lat' dir='ltr'>ille</span> <span class='ocrx_word' id='word_1_416' title='bbox 796 4047 958 4109; x_wconf 86' lang='lat' dir='ltr'>communis</span> <span class='ocrx_word' id='word_1_417' title='bbox 981 4056 1044 4121; x_wconf 87' lang='lat' dir='ltr'>est,</span> <span class='ocrx_word' id='word_1_418' title='bbox 1070 4048 1134 4109; x_wconf 84' lang='lat' dir='ltr'>iste</span> <span class='ocrx_word' id='word_1_419' title='bbox 1157 4048 1262 4110; x_wconf 86' lang='lat' dir='ltr'>rarior.</span> <span class='ocrx_word' id='word_1_420' title='bbox 1310 4050 1416 4128; x_wconf 86' lang='lat' dir='ltr'>Neque</span> <span class='ocrx_word' id='word_1_421' title='bbox 1439 4056 1542 4109; x_wconf 85' lang='lat' dir='ltr'>tamen</span> <span class='ocrx_word' id='word_1_422' title='bbox 1559 4049 1655 4110; x_wconf 73' lang='lat' dir='ltr'>‘nllim</span> 
     </span>
     <span class='ocr_line' id='line_1_44' title="bbox 292 4129 1655 4219; baseline 0.006 -29"><span class='ocrx_word' id='word_1_423' title='bbox 292 4129 390 4208; x_wconf 89' lang='lat' dir='ltr'>Apltii</span> <span class='ocrx_word' id='word_1_424' title='bbox 412 4131 534 4210; x_wconf 83' lang='lat' dir='ltr'>palatus</span> <span class='ocrx_word' id='word_1_425' title='bbox 555 4131 635 4194; x_wconf 87' lang='lat' dir='ltr'>bunc</span> <span class='ocrx_word' id='word_1_426' title='bbox 657 4133 702 4196; x_wconf 94' lang='lat' dir='ltr'>illi</span> <span class='ocrx_word' id='word_1_427' title='bbox 724 4135 898 4214; x_wconf 76' lang='lat' dir='ltr'>postponet.</span> <span class='ocrx_word' id='word_1_428' title='bbox 937 4133 989 4198; x_wconf 80' lang='lat' dir='ltr'>Sic</span> <span class='ocrx_word' id='word_1_429' title='bbox 1004 4136 1098 4216; x_wconf 82' lang='lat' dir='ltr'>bajus</span> <span class='ocrx_word' id='word_1_430' title='bbox 1118 4138 1265 4199; x_wconf 80' lang='lat' dir='ltr'>materiae</span> <span class='ocrx_word' id='word_1_431' title='bbox 1288 4135 1422 4219; x_wconf 83' lang='lat' dir='ltr'>dignitas</span> <span class='ocrx_word' id='word_1_432' title='bbox 1444 4145 1534 4198; x_wconf 90' lang='lat' dir='ltr'>tanto</span> <span class='ocrx_word' id='word_1_433' title='bbox 1551 4137 1655 4216; x_wconf 76' lang='lat' dir='ltr'>major</span> 
     </span>
     <span class='ocr_line' id='line_1_45' title="bbox 284 4215 1655 4306; baseline 0.005 -27"><span class='ocrx_word' id='word_1_434' title='bbox 284 4215 367 4293; x_wconf 73' lang='lat' dir='ltr'>brit,</span> <span class='ocrx_word' id='word_1_435' title='bbox 393 4236 450 4298; x_wconf 92' lang='lat' dir='ltr'>quo</span> <span class='ocrx_word' id='word_1_436' title='bbox 474 4219 836 4300; x_wconf 72' lang='lat' dir='ltr'>pautiores&#39;laudatores</span> <span class='ocrx_word' id='word_1_437' title='bbox 861 4221 1065 4304; x_wconf 84' lang='lat' dir='ltr'>intelligentes</span> <span class='ocrx_word' id='word_1_438' title='bbox 1079 4225 1173 4287; x_wconf 58' lang='lat' dir='ltr'>‘modo</span> <span class='ocrx_word' id='word_1_439' title='bbox 1194 4226 1264 4300; x_wconf 88' lang='lat' dir='ltr'>sint,</span> <span class='ocrx_word' id='word_1_440' title='bbox 1289 4226 1430 4306; x_wconf 74' lang='lat' dir='ltr'>reperiet.</span> <span class='ocrx_word' id='word_1_441' title='bbox 1459 4225 1655 4288; x_wconf 79' lang='lat' dir='ltr'>·Nou¹esdem</span> 
     </span>
     <span class='ocr_line' id='line_1_46' title="bbox 288 4307 1653 4402; baseline 0.006 -34"><span class='ocrx_word' id='word_1_442' title='bbox 288 4307 380 4400; x_wconf 52' lang='lat' dir='ltr'>‘vulgo</span> <span class='ocrx_word' id='word_1_443' title='bbox 404 4307 586 4370; x_wconf 82' lang='lat' dir='ltr'>conveulbbt</span> <span class='ocrx_word' id='word_1_444' title='bbox 613 4319 644 4372; x_wconf 88' lang='lat' dir='ltr'>et</span> <span class='ocrx_word' id='word_1_445' title='bbox 672 4311 876 4402; x_wconf 77' lang='lat' dir='ltr'>principibus:</span> <span class='ocrx_word' id='word_1_446' title='bbox 910 4323 1006 4393; x_wconf 82' lang='lat' dir='ltr'>neque</span> <span class='ocrx_word' id='word_1_447' title='bbox 1035 4313 1114 4376; x_wconf 83' lang='lat' dir='ltr'>haee</span> <span class='ocrx_word' id='word_1_448' title='bbox 1137 4315 1287 4376; x_wconf 81' lang='lat' dir='ltr'>coelestia</span> <span class='ocrx_word' id='word_1_449' title='bbox 1306 4317 1483 4396; x_wconf 65' lang='lat' dir='ltr'>’promiscue</span> <span class='ocrx_word' id='word_1_450' title='bbox 1503 4316 1653 4387; x_wconf 81' lang='lat' dir='ltr'>cnutum,</span> 
     </span>
     <span class='ocr_line' id='line_1_47' title="bbox 281 4395 1672 4484; baseline 0.004 -28"><span class='ocrx_word' id='word_1_451' title='bbox 281 4396 345 4456; x_wconf 79' lang='lat' dir='ltr'>sed</span> <span class='ocrx_word' id='word_1_452' title='bbox 369 4397 509 4476; x_wconf 89' lang='lat' dir='ltr'>generosi</span> <span class='ocrx_word' id='word_1_453' title='bbox 533 4398 642 4460; x_wconf 78' lang='lat' dir='ltr'>saltem</span> <span class='ocrx_word' id='word_1_454' title='bbox 665 4398 756 4460; x_wconf 86' lang='lat' dir='ltr'>animi</span> <span class='ocrx_word' id='word_1_455' title='bbox 777 4400 919 4478; x_wconf 80' lang='lat' dir='ltr'>pabulum</span> <span class='ocrx_word' id='word_1_456' title='bbox 937 4405 1033 4463; x_wconf 77' lang='lat' dir='ltr'>&#39;sndtz</span> <span class='ocrx_word' id='word_1_457' title='bbox 1058 4420 1117 4463; x_wconf 89' lang='lat' dir='ltr'>non</span> <span class='ocrx_word' id='word_1_458' title='bbox 1135 4418 1202 4465; x_wconf 89' lang='lat' dir='ltr'>meo</span> <span class='ocrx_word' id='word_1_459' title='bbox 1223 4409 1296 4466; x_wconf 80' lang='lat' dir='ltr'>voto</span> <span class='ocrx_word' id='word_1_460' title='bbox 1320 4405 1368 4465; x_wconf 81' lang='lat' dir='ltr'>tel</span> <span class='ocrx_word' id='word_1_461' title='bbox 1389 4422 1491 4484; x_wconf 83' lang='lat' dir='ltr'>opera,</span> <span class='ocrx_word' id='word_1_462' title='bbox 1513 4423 1578 4466; x_wconf 85' lang='lat' dir='ltr'>non</span> <span class='ocrx_word' id='word_1_463' title='bbox 1601 4395 1672 4464; x_wconf 76' lang='lat' dir='ltr'>sua&#39;</span> 
     </span>
     <span class='ocr_line' id='line_1_48' title="bbox 286 4485 1652 4573; baseline 0.004 -29"><span class='ocrx_word' id='word_1_464' title='bbox 286 4489 408 4559; x_wconf 85' lang='lat' dir='ltr'>natura,</span> <span class='ocrx_word' id='word_1_465' title='bbox 431 4503 490 4546; x_wconf 90' lang='lat' dir='ltr'>nou</span> <span class='ocrx_word' id='word_1_466' title='bbox 505 4485 563 4546; x_wconf 85' lang='lat' dir='ltr'>Dei</span> <span class='ocrx_word' id='word_1_467' title='bbox 583 4486 704 4563; x_wconf 87' lang='lat' dir='ltr'>iiividia,</span> <span class='ocrx_word' id='word_1_468' title='bbox 725 4487 783 4550; x_wconf 88' lang='lat' dir='ltr'>sed</span> <span class='ocrx_word' id='word_1_469' title='bbox 806 4489 998 4567; x_wconf 82' lang='lat' dir='ltr'>plurimorum</span> <span class='ocrx_word' id='word_1_470' title='bbox 1023 4491 1174 4553; x_wconf 89' lang='lat' dir='ltr'>hominurn</span> <span class='ocrx_word' id='word_1_471' title='bbox 1189 4492 1238 4553; x_wconf 91' lang='lat' dir='ltr'>vel</span> <span class='ocrx_word' id='word_1_472' title='bbox 1255 4492 1436 4573; x_wconf 87' lang='lat' dir='ltr'>stupiditate</span> <span class='ocrx_word' id='word_1_473' title='bbox 1453 4493 1502 4553; x_wconf 87' lang='lat' dir='ltr'>vel</span> <span class='ocrx_word' id='word_1_474' title='bbox 1522 4493 1652 4573; x_wconf 85' lang='lat' dir='ltr'>ignavia.</span> 
     </span>
     <span class='ocr_line' id='line_1_49' title="bbox 287 4569 1654 4663; baseline 0.005 -30"><span class='ocrx_word' id='word_1_475' title='bbox 287 4569 399 4634; x_wconf 75' lang='lat' dir='ltr'>&#39;Solent</span> <span class='ocrx_word' id='word_1_476' title='bbox 421 4573 572 4654; x_wconf 80' lang='lat' dir='ltr'>principes</span> <span class='ocrx_word' id='word_1_477' title='bbox 598 4575 703 4655; x_wconf 80' lang='lat' dir='ltr'>aliqua</span> <span class='ocrx_word' id='word_1_478' title='bbox 716 4577 826 4656; x_wconf 79' lang='lat' dir='ltr'>‘magni</span> <span class='ocrx_word' id='word_1_479' title='bbox 850 4577 939 4656; x_wconf 84' lang='lat' dir='ltr'>pretii</span> <span class='ocrx_word' id='word_1_480' title='bbox 955 4578 1042 4640; x_wconf 85' lang='lat' dir='ltr'>&#39;inter</span> <span class='ocrx_word' id='word_1_481' title='bbox 1060 4572 1215 4642; x_wconf 77' lang='lat' dir='ltr'>secundas</span> <span class='ocrx_word' id='word_1_482' title='bbox 1230 4575 1351 4644; x_wconf 74' lang='lat' dir='ltr'>¹babere</span> <span class='ocrx_word' id='word_1_483' title='bbox 1374 4594 1513 4659; x_wconf 80' lang='lat' dir='ltr'>mensas,</span> <span class='ocrx_word' id='word_1_484' title='bbox 1545 4583 1654 4663; x_wconf 84' lang='lat' dir='ltr'>quibus</span> 
     </span>
     <span class='ocr_line' id='line_1_50' title="bbox 290 4659 1654 4752; baseline 0.008 -33"><span class='ocrx_word' id='word_1_485' title='bbox 290 4666 414 4722; x_wconf 69' lang='lat' dir='ltr'>nmntur</span> <span class='ocrx_word' id='word_1_486' title='bbox 430 4665 496 4722; x_wconf 81' lang='lat' dir='ltr'>‘ndu</span> <span class='ocrx_word' id='word_1_487' title='bbox 520 4663 577 4724; x_wconf 88' lang='lat' dir='ltr'>nisi</span> <span class='ocrx_word' id='word_1_488' title='bbox 601 4665 703 4738; x_wconf 69' lang='lat' dir='ltr'>emon,</span> <span class='ocrx_word' id='word_1_489' title='bbox 730 4665 981 4728; x_wconf 70' lang='lat' dir='ltr'>levdndi¹labtidli</span> <span class='ocrx_word' id='word_1_490' title='bbox 996 4673 1098 4730; x_wconf 77' lang='lat' dir='ltr'>eausa.</span> <span class='ocrx_word' id='word_1_491' title='bbox 1130 4668 1190 4731; x_wconf 71' lang='lat' dir='ltr'>‘Sic</span> <span class='ocrx_word' id='word_1_492' title='bbox 1208 4669 1286 4732; x_wconf 45' lang='lat' dir='ltr'>*llaec</span> <span class='ocrx_word' id='word_1_493' title='bbox 1302 4659 1338 4733; x_wconf 75' lang='lat' dir='ltr'>et&#39;</span> <span class='ocrx_word' id='word_1_494' title='bbox 1360 4671 1532 4752; x_wconf 79' lang='lat' dir='ltr'>hujusmodi</span> <span class='ocrx_word' id='word_1_495' title='bbox 1549 4670 1654 4733; x_wconf 88' lang='lat' dir='ltr'>studia</span> 
     </span>
     <span class='ocr_line' id='line_1_51' title="bbox 284 4749 1653 4844; baseline 0.01 -38"><span class='ocrx_word' id='word_1_496' title='bbox 284 4749 523 4828; x_wconf 79' lang='lat' dir='ltr'>‘generosissimo</span> <span class='ocrx_word' id='word_1_497' title='bbox 547 4758 579 4813; x_wconf 89' lang='lat' dir='ltr'>et</span> <span class='ocrx_word' id='word_1_498' title='bbox 599 4751 825 4834; x_wconf 81' lang='lat' dir='ltr'>‘sapientissimo</span> <span class='ocrx_word' id='word_1_499' title='bbox 848 4754 954 4838; x_wconf 85' lang='lat' dir='ltr'>coique</span> <span class='ocrx_word' id='word_1_500' title='bbox 978 4764 1041 4819; x_wconf 89' lang='lat' dir='ltr'>tum</span> <span class='ocrx_word' id='word_1_501' title='bbox 1069 4753 1189 4821; x_wconf 81' lang='lat' dir='ltr'>demum</span> <span class='ocrx_word' id='word_1_502' title='bbox 1210 4757 1350 4842; x_wconf 74' lang='lat' dir='ltr'>eapiebt,</span> <span class='ocrx_word' id='word_1_503' title='bbox 1381 4761 1432 4823; x_wconf 91' lang='lat' dir='ltr'>ubi</span> <span class='ocrx_word' id='word_1_504' title='bbox 1460 4780 1477 4824; x_wconf 89' lang='lat' dir='ltr'>e</span> <span class='ocrx_word' id='word_1_505' title='bbox 1505 4779 1581 4824; x_wconf 88' lang='lat' dir='ltr'>casa</span> <span class='ocrx_word' id='word_1_506' title='bbox 1594 4771 1653 4844; x_wconf 85' lang='lat' dir='ltr'>per</span> 
     </span>
    </p>
   </div>
   <div class='ocr_carea' id='block_1_7' title="bbox 0 0 1798 5518">
    <p class='ocr_par' dir='ltr' id='par_1_9' title="bbox 0 0 1798 5518">
     <span class='ocr_line' id='line_1_52' title="bbox 0 0 1798 5518; baseline 0 4"><span class='ocrx_word' id='word_1_507' title='bbox 0 0 1798 5518; x_wconf 95' lang='lat' dir='ltr'> </span> 
     </span>
    </p>
   </div>
  </div>
 </body>
</html>
