3586 5518
277 236 340 306 142
783 235 896 302 ldystsrll
914 233 1113 302 Cusncqrsphlci

274 397 442 479 octanguli‚
474 395 576 460 sunt
567 415 597 458 m
621 395 717 476 gradu
739 394 901 457 remotiore
925 401 957 456 et
979 393 1181 458 irrationales.
1228 389 1266 467 3)
1294 389 1411 468 Causa,
1441 393 1512 473 qnia
1538 391 1639 453 trinus

275 507 340 551 cum
360 485 477 556 sextili,
503 485 681 567 quadratum
704 501 772 548 cnm
796 485 943 565 quadrato
968 484 1100 546 efficiunt
1120 491 1236 546 rectum
1255 482 1407 562 angulum,
1431 480 1508 543 radii
1530 478 1639 560 reliqui

275 578 357 639 nullo
380 583 471 655 pacto
495 592 562 636 cum
585 573 648 636 ulla
677 581 800 654 recepta
825 573 915 636 linea.
962 568 998 646 4)
1027 573 1209 653 imperfecta
1231 569 1257 632 B
1285 571 1384 633 mollis
1414 578 1461 632 est
1488 569 1638 650 quodam·

275 667 364 728 modo
387 663 542 744 perfecta,
577 661 647 744 quia
678 661 773 725 utitur
801 662 906 724 eadem
936 661 1082 723 divisione
1111 680 1178 723 oum
1207 659 1350 740 perfectis
1378 667 1410 722 et
1437 665 1486 722 est
1513 657 1641 719 dimidia

277 754 391 836 quinta.
438 751 525 814 Unde
549 769 607 812 non
631 750 751 826 mirum,
784 752 880 812 solam
903 769 940 811 ex
964 749 1147 830 imperfectis
1171 750 1352 829 respondeus
1377 747 1513 828 aspectui
1537 745 1638 820 alicui,

277 863 318 906 sc.
346 841 464 916 sextili,
496 841 546 921 qui
575 840 679 902 itidem
708 847 756 902 est
784 839 925 901 dimidius
954 839 1061 901 trinus.
1109 838 1239 900 Ceterae
1268 837 1346 898 enim
1375 855 1430 900 nec
1454 845 1544 916 aptae
1569 841 1643 896 sunt

277 932 305 994 in
330 931 558 1004 duodenarium,
597 947 652 990 nec
680 929 807 1010 perlecti
835 928 962 1008 alicujus
988 947 1060 1009 pars
1089 935 1167 990 sunt.
1215 925 1251 1000 5)
1279 925 1416 1006 Denique
1445 945 1500 986 sex
1529 923 1641 1004 trigoni

277 1020 389 1101 auguli,
415 1026 544 1100 quatuor
566 1017 715 1100 quadrati,
739 1025 803 1079 tres
818 1016 985 1096 sexanguli,
1011 1026 1042 1078 et
1066 1016 1181 1078 duobus
1205 1015 1400 1077 semicirculis
1423 1013 1643 1094 comprehensa

276 1112 334 1173 dno
359 1108 460 1189 spatia
482 1107 610 1188 implent
633 1125 749 1168 omnem
773 1107 802 1168 in
831 1106 957 1185 planitie
983 1106 1090 1168 locum.
1137 1106 1181 1167 At
1203 1113 1265 1167 tres
1289 1103 1423 1185 anguli
1415 1123 1444 1164 ιιι
1469 1101 1637 1183 quinquan-

216 1201 218 1208 ’
278 1199 347 1280 gulo
377 1196 508 1258 minores
537 1204 608 1258 suut
640 1203 768 1276 quatuor
800 1193 909 1269 rectis,
926 1203 1076 1275 quatuor
1107 1203 1179 1270 sunt
1206 1194 1347 1272 majores.
1394 1191 1482 1256 Unde
1511 1201 1544 1253 et
1565 1190 1643 1252 illud

275 1295 376 1374 patet,
406 1304 498 1365 quare
522 1303 577 1346 nec
601 1285 821 1364 cctangularis,
831 1285 873 1358 ¹⁸)
902 1302 957 1344 nco
981 1262 1253 1362 duodecaugularis
1278 1281 1395 1358 radius,
1408 1279 1453 1355 ¹¹¹¹)
1484 1299 1540 1343 nec
1561 1280 1644 1341 nllus

276 1376 458 1456 reliquorum
474 1380 623 1453 operetur.
661 1373 763 1454 Atque
787 1372 835 1434 hic
859 1373 922 1434 iere
947 1390 1054 1452 separo
1080 1391 1189 1434 causas
1213 1379 1389 1451 aspectuum
1412 1392 1432 1432 a
1449 1369 1550 1431 causis
1565 1387 1643 1429 cou-

277 1464 456 1527 cordiamm.
468 1460 499 1536 ¹¹)
539 1460 630 1525 Certe
654 1461 733 1523 eninr
758 1479 833 1542 quas
859 1481 897 1524 ex
921 1461 1040 1541 angulis
1063 1461 1107 1535 dt,
1131 1460 1260 1542 genuina
1283 1459 1377 1524 radiis
1402 1467 1450 1520 est
1473 1456 1642 1521 ratiocina-

277 1551 395 1629 tio;¹¹¹¹)
419 1570 487 1614 cum
510 1559 633 1632 propter
657 1549 829 1628 angulum
821 1570 850 1612 m
873 1559 985 1630 puncto
1009 1549 1175 1632 superficiei
1205 1549 1356 1610 Terrenus
1381 1547 1537 1622 factum,
1528 1566 1559 1608 un
1584 1563 1644 1625 qno

278 1642 450 1716 miscentur,
477 1639 592 1702 existat
615 1639 760 1720 operatio,
786 1659 844 1702 non
870 1657 942 1702 uero
965 1648 1090 1720 propter
1113 1639 1238 1720 liguram
1261 1638 1290 1700 in
1311 1637 1435 1700 zodiaco
1455 1637 1566 1699 circulo
1585 1635 1645 1695 de-

242 1743 247 1754 ·
278 1732 441 1812 scriptam,
477 1747 553 1812 quae
587 1727 801 1809 imaginatione
834 1729 936 1808 potius
966 1747 1054 1807 quam
1083 1727 1126 1789 rei
1149 1726 1279 1789 veritate
1304 1723 1477 1802 constat.¹¹)
1524 1722 1646 1787 Divisio

277 1841 350 1882 vero
374 1818 441 1882 lidis
464 1837 519 1881 nec
543 1817 572 1880 in
601 1817 712 1880 circulo
742 1817 790 1894 tt,
825 1835 879 1879 nec
908 1817 1025 1896 angulis
1056 1817 1169 1892 utitur,
1204 1814 1256 1878 sed
1287 1815 1427 1896 inplano
1449 1820 1646 1895 perrectum

279 1911 388 1972 lineam
411 1905 573 1990 perficitur.
621 1908 754 1968 Possunt
778 1915 877 1967 tamen
903 1905 1093 1968 nihilominus
1125 1913 1157 1967 st
1187 1905 1419 1966 concordantiae
1444 1913 1476 1966 et
1499 1911 1646 1983 aspectus

278 1999 390 2061 habere
414 2015 567 2060 commune
593 1996 680 2075 quid,
706 1995 784 2076 quod
809 1995 915 2056 eadem
938 1993 1076 2077 utrinque
1102 2003 1257 2068 cuneatur,
1282 2001 1315 2054 ut
1339 2012 1431 2071 supra
1454 1992 1577 2055 dictum.
1588 1990 1646 2064 Ι““)

279 2088 314 2150 Id
340 2106 410 2148 vero
439 2085 566 2148 aliorum
594 2084 761 2146 industriae
790 2085 924 2164 relinquo
949 2084 1152 2146 scrutandum.
1199 2081 1368 2146 Ptolemaei
1390 2081 1523 2156 Musica,
1568 2097 1647 2160 quse

279 2175 538 2256 Regiomontanns
557 2191 626 2234 cum
646 2173 834 2253 expositione
856 2171 1013 2255 Porphyrii
1037 2173 1172 2235 aditurus
1196 2179 1272 2245 erat,
1298 2172 1352 2234 sed
1378 2171 1507 2254 nondum
1532 2187 1649 2236 excusa

281 2263 440 2329 Cardenus
464 2261 592 2336 asserit,
624 2261 653 2323 ιιι
686 2261 742 2323 hac
770 2262 899 2324 materia
926 2261 1030 2341 procul
1058 2261 1147 2324 dubio
1172 2267 1340 2323 versantur.
1352 2263 1397 2336 ¹¹)
1443 2245 1523 2321 Vide
1548 2259 1645 2320 stiam

280 2352 352 2435 quid
375 2371 413 2415 ex
435 2350 572 2415 Euclidis
595 2349 721 2413 Musicis
744 2351 802 2412 huc
826 2351 931 2414 referri
952 2352 1061 2431 possit.
1073 2351 1115 2424 ⁹⁰)

701 2527 745 2590 IN
770 2525 909 2590 CAPUT
932 2523 1223 2590 DUODEOIMUM

806 2647 921 2715 nouus
940 2640 1117 2700 unoculus,

362 2755 394 2830 a)
415 2760 476 2816 Hoc
489 2758 584 2814 thema
598 2775 636 2812 ex
649 2757 775 2828 professo
790 2757 932 2812 tractari
924 2775 951 2812 m
966 2757 1037 2812 libro
1051 2759 1085 2812 ds
1100 2757 1187 2813 stella
1200 2773 1278 2822 nova,
1303 2757 1385 2829 inque
1399 2775 1533 2836 responso
1548 2762 1585 2815 ad
1600 2763 1649 2816 ob·

277 2842 358 2912 jecta
375 2839 496 2902 Rustica
521 2834 618 2908 nempe
633 2845 753 2910 quatuor
766 2837 874 2908 quidem
895 2837 988 2892 circuli
1011 2837 1117 2892 zodiaci
1130 2840 1300 2910 quadrantes
1321 2840 1467 2900 monstrari
1482 2857 1501 2895 a
1514 2841 1649 2896 conditio·

281 2923 363 2978 nibus
377 2923 490 2976 duorum
505 2925 635 2982 motuum,
659 2919 749 2972 diurni
763 2918 875 2973 stSolis
890 2918 983 2982 annui,
1009 2934 1078 2988 quas
1103 2926 1255 2989 sequuntur
1278 2918 1363 2972 etiam
1386 2918 1495 2976 luminis
1519 2929 1550 2975 et
1574 2923 1649 2976 cale·

281 3000 409 3058 factionis
432 3005 540 3056 metae.
572 3007 602 3054 st
625 2999 808 3070 quadrantum
831 2999 1003 3069 singulorum
1027 2999 1270 3054 subdivisionem
1263 3017 1290 3054 ιιι
1311 3006 1392 3054 terna
1417 3001 1543 3071 praecise
1567 3002 1652 3074 signa

282 3081 351 3139 nihil
365 3081 424 3136 tale
439 3097 490 3134 nec
503 3097 540 3133 ex
554 3083 630 3134 motu
645 3097 695 3133 nec
709 3087 747 3133 'ex
760 3079 864 3132 viribus
879 3080 991 3142 habere,
1007 3078 1086 3148 ctqjus
1101 3081 1215 3133 effectus
1230 3079 1336 3133 censeri
1350 3082 1448 3150 possit,
1469 3081 1522 3135 nisi
1538 3089 1649 3136 tantum

281 3160 521 3236 generalissimam
543 3159 620 3214 illam
640 3159 850 3222 distinctionem,
876 3159 972 3228 quanti
993 3158 1209 3230 uniuscujusque
1233 3159 1261 3214 in
1282 3159 1454 3230 principium,
1480 3162 1601 3216 medinm
1621 3171 1651 3216 et

280 3243 374 3297 fluam:
400 3256 468 3312 quas
482 3247 576 3294 tamen
590 3245 687 3309 partes
701 3238 780 3294 nulla
793 3239 945 3292 necessitas
965 3237 1050 3308 jubet
1069 3239 1201 3310 aequales
1215 3256 1277 3293 esse
1301 3255 1335 3293 ee
1356 3259 1389 3294 ne
1412 3249 1509 3311 partes
1524 3243 1649 3312 quidem:

282 3321 385 3378 sufficit
399 3320 478 3384 enim,
503 3326 536 3374 ut
556 3335 606 3390 pro
620 3319 708 3374 medio
723 3325 871 3374 censeatur
884 3325 947 3374 tota
960 3320 1121 3390 quadrantis
1144 3320 1228 3386 linea,
1252 3335 1303 3390 pro
1323 3321 1458 3391 principio
1479 3328 1509 3375 et
1526 3323 1582 3376 flne
1597 3325 1650 3377 duc

283 3403 375 3456 lineae
389 3399 499 3455 termini
513 3415 564 3454 seu
577 3409 690 3469 puncta,
707 3415 778 3470 quaa
793 3415 847 3453 uun
861 3406 927 3453 sunt
941 3415 1007 3469 pars
1021 3401 1054 3453 de
1068 3399 1153 3455 linea

364 3477 393 3548 b)
414 3480 543 3536 Ridicula
563 3480 629 3534 milui
652 3480 793 3535 sententia
814 3479 927 3544 excidit,
951 3497 1017 3534 vere
1040 3497 1096 3534 nou
1110 3479 1260 3535 sententia.
1303 3479 1467 3546 Quidsuim
1481 3489 1535 3546 est,
1560 3483 1651 3538 nihil

283 3568 425 3634 praeter
439 3560 570 3616 omnia?
612 3560 781 3624 Numeratio,
803 3560 876 3614 actio
890 3559 998 3624 mentis,
1014 3561 1175 3630 supervenit
1188 3561 1271 3616 rebus
1286 3560 1418 3624 omnibus,
1439 3561 1538 3616 divinis
1554 3571 1585 3617 et
1599 3565 1650 3618 lm·

282 3643 387 3698 manis:
412 3642 499 3706 nulla,
515 3658 549 3695 ns
563 3641 705 3695 levissima
719 3639 827 3712 quidem
841 3640 980 3694 distinctio
995 3647 1047 3706 est,
1073 3657 1123 3694 seu
1137 3640 1230 3702 realis,
1255 3657 1304 3694 seu
1322 3641 1513 3695 intentionalis
1536 3643 1588 3711 (sit
1601 3645 1653 3698 illa

284 3722 389 3795 primae
403 3722 448 3776 ιιι
460 3722 606 3786 secundae,
622 3722 668 3774 ιιι
682 3721 793 3784 tertiae,
808 3721 853 3774 ιιι
869 3728 971 3792 quotae
987 3719 1059 3775 libet
1073 3715 1248 3790 intentionis)
1267 3737 1339 3792 quae
1353 3738 1408 3774 non
1422 3724 1562 3792 quandem
1577 3723 1651 3778 sinri-

284 3803 430 3857 litudinem
450 3801 556 3856 habeat
579 3818 638 3854 cum
662 3799 794 3854 divisione
818 3807 913 3855 rectae
932 3801 960 3853 in
983 3807 1089 3869 partes.
1130 3801 1209 3866 Vide,
1233 3816 1305 3871 quse
1328 3802 1361 3854 de
1376 3802 1494 3856 numeris
1509 3803 1652 3874 disputavi

285 3882 333 3936 lib.
350 3881 396 3935 lv.
412 3880 638 3935 Harmonicorum
653 3881 720 3950 Cap.
736 3881 757 3934 1.
799 3881 859 3934 Hoc
878 3889 972 3934 autem
993 3879 1059 3933 mihi
1073 3887 1136 3935 erat
1154 3879 1296 3945 inanimo,
1321 3897 1381 3934 cum
1395 3881 1468 3936 hanc
1482 3885 1652 3938 sententiam

285 3961 470 4030 conciperem:
493 3959 621 4032 quidquid
636 3969 798 4015 numeratur
812 3975 829 4014 a
843 3961 922 4014 uobis
938 3954 1065 4031 (praeter
1078 3959 1184 4016 divinas
1199 3975 1333 4031 personas
1354 3961 1381 4014 in
1395 3961 1443 4016 SS.
1458 3961 1611 4031 Trinitate)
1625 3965 1653 4018 id

256 4111 264 4122 ⁶
285 4047 443 4111 respectum
457 4041 577 4110 aliquem
591 4042 696 4095 habere
711 4039 934 4112 quantitativum,
950 4040 1050 4095 saltem
1064 4041 1092 4095 iu
1106 4041 1260 4095 intentione
1274 4043 1455 4098 numerantis.

212 4125 216 4134 '
366 4116 395 4188 c)
419 4121 473 4174 Per
486 4121 711 4191 imaginationem
725 4121 803 4190 plani
818 4135 869 4190 per
878 4120 1015 4175 sectiones
1029 4121 1094 4175 illas
1109 4120 1229 4176 laterum
1248 4127 1278 4176 et
1296 4137 1348 4192 per
1361 4127 1485 4176 centrum
1497 4125 1653 4194 figurarum

286 4200 405 4254 omnium
419 4201 540 4254 traducti
564 4210 593 4255 et
611 4217 701 4271 usque
715 4201 767 4254 sub
786 4202 858 4254 lixas
880 4201 1001 4266 extensi,
1026 4201 1105 4271 cujus
1129 4202 1216 4256 sectio
1230 4217 1291 4255 cunr
1305 4203 1428 4270 sphaera
1439 4204 1559 4258 dixu-um
1573 4205 1652 4260 nobis

286 4279 399 4352 peperit
412 4281 440 4334 in
454 4281 633 4351 conceptione
647 4281 700 4334 illa
712 4281 877 4350 eclipticam.

240 4377 250 4392 ·
368 4356 399 4430 d)
422 4360 452 4415 Si
472 4361 597 4416 nimirum
615 4377 653 4415 ex
667 4366 762 4415 canuc
776 4361 910 4416 communi
923 4361 1076 4432 figurarum
1089 4367 1183 4416 rectae
1202 4377 1253 4430 per
1266 4361 1403 4416 sectiones
1418 4361 1484 4416 dicti
1497 4364 1578 4434 plani
1592 4379 1654 4419 cnm

287 4439 423 4496 lateribus
437 4441 588 4513 figurarum
602 4440 748 4510 ejiciantur
761 4457 848 4512 usque
862 4442 914 4495 sub
927 4443 1012 4504 lixas:
1028 4443 1181 4495 addendum
1195 4448 1302 4496 autem:
1322 4442 1350 4496 Si
1365 4443 1450 4496 etiam
1464 4459 1559 4498 omnes
1574 4445 1653 4516 quiu-

288 4537 341 4592 que
364 4521 472 4592 dgurae
495 4521 549 4576 tali
571 4520 721 4592 irrefflulari
743 4521 799 4575 situ
821 4521 937 4576 invicem
959 4529 1137 4592 coaptentur,
1173 4526 1206 4576 ut
1227 4521 1398 4594 singularum
1422 4522 1538 4594 singnrla
1559 4525 1654 4580 latera

288 4601 457 4655 sectionibus
472 4599 529 4654 suis
543 4605 620 4654 stent
633 4599 661 4653 in
673 4615 731 4654 una
744 4600 796 4654 tali
810 4607 889 4655 recta
900 4601 990 4656 linea:
1012 4608 1079 4656 tnnc
1097 4600 1168 4656 euim
1186 4601 1315 4655 zodiacus
1334 4601 1522 4675 distinguetur
1545 4605 1574 4658 in
1588 4621 1652 4676 par·

157 4731 171 4748 ,
290 4683 334 4732 ιιι
348 4680 429 4745 tales,
455 4695 524 4752 quas
543 4697 598 4733 non
611 4679 724 4733 metitur
744 4679 797 4734 nisi
812 4685 921 4736 eentum
935 4688 966 4734 et
979 4680 1111 4736 vicesima
1128 4681 1224 4737 totius.
1268 4681 1335 4737 Cum
1354 4689 1447 4737 autem
1461 4683 1532 4738 sibus
1548 4685 1602 4738 iste
1617 4685 1654 4739 sit

290 4755 463 4830 irregularis,
484 4757 625 4832 regularis
639 4775 705 4814 uere
727 4775 779 4831 per
799 4761 917 4832 angulos
933 4762 1097 4816 dodecaedri
1120 4768 1151 4816 st
1172 4761 1309 4818 iaceatdri
1332 4769 1446 4819 octonos
1470 4763 1602 4838 ιιιιιιιςιιι
1624 4765 1653 4820 in
