3542 5528
320 283 363 352 32
913 282 1074 352 mouentum

320 443 476 518 titatihns,
501 463 555 508 een
577 464 651 508 snae
674 441 798 523 origini:
822 440 860 504 ab
883 442 930 504 hie
953 461 1012 523 qno
1034 443 1151 524 longius
1174 442 1319 524 quidlibet
1341 442 1468 528 recedit,
1492 451 1581 506 tanto
1602 441 1670 522 plns

321 535 513 597 tenebrarum
536 540 568 595 et
590 551 722 598 errorum
744 531 859 594 existit.
899 533 999 594 Affert
1022 532 1100 604 enim
1123 551 1206 595 mens
1229 540 1334 596 nostra
1356 540 1463 616 suapte
1485 539 1597 594 natura
1619 551 1671 592 se·

321 643 387 689 cum
407 622 449 706 ad
473 621 638 684 divinarum
660 640 758 685 rernm
781 619 882 700 studia
905 621 1040 684 notiones
1071 639 1142 683 suae
1171 621 1200 683 in
1223 621 1465 702 praedicamento
1489 619 1672 702 quantitatis

322 719 494 776 extructas:
526 710 631 791 quibus
655 711 681 773 si
705 709 864 791 spolietur,
890 709 962 772 nihil
986 711 1043 772 nisi
1066 710 1156 772 meris
1179 711 1389 791 negationibus
1414 710 1534 773 delinire
1557 715 1672 788 potest.

321 804 399 864 Hine
418 801 471 864 illa
485 799 720 863 calvinistarum
738 795 854 871 ιιιςασις
877 798 916 860 ad
939 818 1044 861 nomen
1066 799 1305 879 praesentiae
1324 791 1503 863 illocalis.
1535 799 1617 863 Nam
1641 806 1675 858 et

320 911 380 954 vox
405 889 606 976 (praesentia)
631 898 661 952 et
684 909 732 952 res
755 889 910 950 intellecta
928 888 984 950 snb
1002 906 1075 950 voce
1099 888 1237 951 desumta
1262 897 1311 950 est
1333 909 1371 951 ex
1389 887 1559 951 conditione
1583 887 1672 966 hujus

321 979 423 1056 seculi,
447 979 514 1040 loco
537 985 569 1040 et
590 987 724 1059 tempore
748 978 925 1048 constantis,
950 977 1133 1058 digitumque
1156 979 1205 1040 uel
1228 977 1408 1040 cautissimis
1428 977 1466 1039 ad
1485 977 1673 1057 quantitates

321 1069 460 1132 intendit.
495 1067 579 1130 Haec
598 1069 632 1130 et'
648 1067 758 1130 similia
776 1067 802 1128 si
822 1067 947 1148 quilibet
960 1067 1115 1131 occasione
1135 1087 1172 1128 ex
1194 1086 1260 1130 meo
1285 1067 1386 1130 libello
1410 1067 1549 1130 desumte
1573 1085 1674 1127 secum

320 1158 535 1239 perpenderet3
559 1157 672 1237 opinor,
697 1175 755 1218 uno
777 1155 873 1235 gradu
896 1157 1018 1236 propius
1036 1165 1235 1222 conventurae
1258 1164 1361 1236 partes
1385 1157 1414 1219 in
1439 1155 1593 1236 religione·
1609 1155 1674 1217 die-

321 1249 464 1310 sidentes.
511 1245 574 1308 Sed
598 1246 676 1308 enim
700 1264 738 1306 ex
759 1262 863 1306 musca
890 1246 941 1307 liet
970 1245 1025 1306 hoc
1047 1252 1138 1326 pacto
1163 1246 1288 1326 deniqne
1311 1246 1446 1326 elephas.
1491 1243 1560 1325 Ego
1584 1263 1676 1324 qnam

321 1337 378 1400 sim
401 1337 456 1398 hoo
479 1335 582 1396 nuntio
605 1342 768 1407 recreatus,
793 1332 891 1396 dicere
914 1335 1025 1412 rectius
1048 1353 1105 1396 non
1128 1351 1260 1414 possum,
1284 1353 1371 1416 quam
1397 1335 1422 1398 si
1444 1333 1500 1396 tibi
1522 1333 1676 1396 sollicitu-

203 1477 212 1498 ,
322 1426 421 1488 ιιιοιιιι
445 1424 545 1488 mariti
566 1443 620 1505 pro
640 1423 779 1505 pariente
802 1440 902 1499 uxore,
928 1423 1125 1503 gaudiumque
1149 1443 1187 1484 err
1206 1424 1332 1504 deniqne
1355 1430 1427 1486 nato
1449 1442 1541 1503 puero
1565 1441 1677 1504 ponam

259 1541 262 1548 ι
322 1517 359 1578 ob
374 1515 486 1576 oculos.
526 1512 671 1585 Quamvis
687 1512 765 1574 haud
779 1530 885 1590 parum
898 1531 994 1574 meam
1013 1510 1212 1576 festivitatem
1230 1513 1417 1576 interturbat
1432 1531 1561 1586 remora,
1587 1530 1676 1593 qnam

321 1623 406 1666 mens
428 1603 487 1665 iste
510 1610 615 1682 partus
639 1611 690 1664 tuo
715 1601 827 1682 scripto
851 1600 970 1682 objecit,
994 1601 1138 1681 simulque
1163 1602 1255 1664 totius
1273 1601 1413 1682 Europae
1433 1601 1679 1714 espectationem

323 1695 359 1755 de
383 1693 435 1755 illo
460 1691 570 1756 diutins
594 1690 760 1772 suspendit.

411 1780 499 1853 Quod
520 1781 559 1842 ds
577 1779 738 1842 offensione
756 1783 880 1841 senatus
895 1776 1058 1839 academici
1074 1777 1213 1858 quereris,
1239 1779 1352 1858 opinor,
1377 1786 1408 1840 te
1431 1786 1533 1846 tatuen
1558 1777 1678 1859 aliquos

323 1891 361 1932 ex
383 1871 434 1933 illo
458 1869 628 1932 habiturum
659 1887 770 1948 aequos
798 1876 914 1930 tuorum
945 1865 1079 1929 laborum
1106 1885 1255 1931 censores.
1301 1863 1446 1942 Memini,
1479 1886 1547 1929 cnm
1571 1867 1611 1928 D.
1638 1867 1677 1928 D.

323 1959 605 2042 superattendentes
636 1956 780 2037 superiori
810 1963 928 2017 aestate
961 1973 998 2015 ex
1030 1975 1076 2018 me
1105 1964 1301 2036 quaererent,
1336 1957 1442 2040 ecquid
1470 1957 1507 2018 de
1534 1956 1597 2018 isto
1626 1963 1679 2018 tuo

323 2049 436 2130 scripto
463 2049 567 2123 lieret3
595 2046 776 2126 respondere
803 2063 870 2106 me:
901 2043 979 2125 quod
1002 2045 1137 2124 equidem
1159 2052 1277 2108 tantum
1305 2046 1416 2109 laboris
1439 2045 1496 2109 tihi
1520 2063 1625 2106 sumas
1647 2045 1680 2106 in

324 2158 392 2200 mea
422 2157 530 2212 causa,
564 2143 598 2199 ut
629 2135 739 2215 partim
767 2135 875 2216 pudor,
909 2132 1017 2212 partim
1045 2143 1141 2195 metus
1171 2154 1217 2196 me
1246 2134 1404 2214 prohibeat
1425 2135 1456 2200 iu
1480 2142 1534 2196 tua
1555 2134 1680 2214 privata

325 2227 427 2290 studia
449 2225 594 2288 curiosius
619 2223 775 2304 inquirere.
823 2221 890 2293 Quo
913 2221 957 2284 illi
981 2222 1082 2285 andito
1106 2230 1263 2286 tacuerunt
1286 2232 1317 2286 et
1339 2223 1443 2305 procul
1466 2223 1555 2286 dubio
1582 2223 1681 2285 adhuc

324 2333 471 2378 memores
495 2321 573 2377 sunt.
620 2314 688 2376 Non
711 2312 803 2392 igitur
824 2319 982 2391 tantopere
1004 2311 1061 2372 tibi
1083 2320 1201 2373 metuas
1225 2313 1263 2375 ab
1286 2313 1339 2375 ills
1362 2320 1485 2376 senatus
1510 2313 1679 2393 repreben-

327 2407 425 2481 sione,
456 2422 578 2485 eamque
606 2410 726 2482 praeter
754 2400 994 2463 adhortationem
1027 2399 1139 2462 nihil
1132 2419 1161 2462 ιιι
1189 2419 1221 2463 se
1246 2403 1397 2464 continere
1420 2402 1550 2483 cogites
1598 2399 1679 2472 Quin

327 2513 383 2575 ego
406 2501 457 2556 tuo
481 2493 525 2557 illi
545 2491 683 2573 symbolo
711 2490 791 2552 alind
815 2507 941 2570 oppono.
989 2485 1132 2559 Quereris
1160 2498 1190 2551 ιι
1217 2491 1351 2554 consumi
1377 2490 1446 2553 aliis
1471 2491 1678 2553 inserviendo.

327 2587 373 2647 At
396 2583 486 2660 alius,
515 2581 644 2661 regium,
673 2581 728 2655 ait,
759 2579 825 2640 aliis
855 2577 1042 2640 inserviendo
1066 2579 1142 2641 male
1166 2579 1304 2641 audire.
1323 2571 1430 2642 Crede
1444 2579 1532 2654 mihi,
1562 2599 1602 2642 ex
1623 2579 1682 2642 hac

326 2671 531 2735 consumtione
554 2669 610 2732 tibi
634 2676 758 2732 aeterna
780 2668 862 2730 sama
884 2667 1035 2728 nascitur:
1060 2667 1143 2748 eujus
1158 2667 1274 2747 quidem
1290 2686 1335 2730 me
1351 2675 1436 2731 tanto
1459 2669 1681 2770 diligentiorem

328 2763 549 2826 buccinatorem
572 2778 639 2821 esee
664 2757 819 2820 convenit.
844 2762 956 2838 quanto
980 2763 1013 2817 tn
1036 2754 1102 2835 plns
1126 2756 1195 2818 mihi
1220 2775 1307 2837 qnam
1331 2757 1409 2833 eliis,
1433 2765 1526 2839 atque
1550 2757 1661 2820 adeo'
1652 2775 1681 2817 ιο

328 2853 384 2914 hoc
407 2870 477 2914 casu
501 2849 557 2912 tibi
578 2849 637 2930 ipsi
651 2845 838 2910 benefecisti.
877 2845 922 2908 Ac
945 2844 1045 2906 hercle
1069 2845 1178 2914 nescio,
1203 2863 1259 2927 qno
1278 2855 1367 2926 pacto
1391 2852 1421 2908 te
1445 2847 1543 2927 ipsum
1567 2847 1679 2908 multo-

327 2939 606 3005 ties-beneficentia
633 2946 664 3000 et
686 2936 870 2999 humanitate
892 2935 1007 2996 vincas.
1052 2931 1127 2998 Cum
1149 2934 1254 3014 ingens
1276 2935 1468 3015 praestiteris
1491 2937 1565 2998 mihi
1588 2935 1683 2998 hene-

328 3031 435 3106 ficium,
460 3047 586 3091 excusas
609 3035 641 3088 te
664 3025 745 3100 mihi,
770 3024 848 3106 quod
871 3023 968 3103 majus
991 3023 1064 3084 illud
1087 3041 1146 3085 non
1170 3024 1268 3098 inerit,
1293 3024 1428 3105 quodque
1448 3025 1583 3086 tamdiu
1602 3025 1683 3087 dila-

287 3174 289 3185 .
329 3129 393 3184 tum
407 3117 449 3180 sit
463 3118 646 3198 opusculum,
670 3116 788 3193 culpam
810 3134 829 3173 a
851 3120 882 3174 te
903 3129 1048 3173 removes
1082 3109 1188 3183 Quasi
1200 3121 1254 3175 aut
1276 3114 1350 3174 haec
1373 3113 1461 3193 culpa
1485 3113 1606 3189 fnisset,
1630 3120 1685 3175 ant

330 3228 386 3290 ego
409 3205 624 3270 beneficentiae
648 3213 718 3265 tuae
744 3201 855 3263 arbiter
878 3209 968 3280 atque
991 3200 1146 3302 legislator
1169 3200 1347 3276 existerem3
1371 3201 1489 3264 omnino
1515 3203 1605 3285 quasi
1627 3202 1684 3263 de-

329 3297 424 3360 bitum
437 3296 494 3357 hoc
514 3301 606 3355 esset.
639 3291 782 3372 Agnosco
806 3307 878 3351 sane
902 3297 934 3349 et
957 3289 1130 3352 reminiscor
1151 3291 1243 3352 verba
1265 3291 1507 3354 ιιοιιιιιιιιιιιιιιι
1523 3292 1683 3372 epistolae,

332 3385 437 3466 quibus
458 3383 578 3445 isthaec
601 3378 756 3442 excusatio
779 3378 960 3458 respondere
987 3377 1114 3440 videtur.
1161 3379 1273 3441 Verum
1305 3378 1379 3442 illud
1411 3387 1443 3443 te
1475 3399 1603 3444 moneo:
1637 3380 1686 3461 qui

332 3472 458 3536 candido
472 3471 578 3533 scribit
596 3469 704 3544 animo,
728 3485 795 3529 enm
810 3466 905 3529 multa
926 3466 1094 3547 incogitant
1095 3485 1127 3529 er
1080 3468 1278 3532 tseribere
1298 3477 1329 3529 et
1348 3469 1462 3532 semina
1480 3469 1687 3550 suspicionum

332 3579 450 3636 serere;
473 3579 528 3622 nec
551 3566 653 3621 tamen
676 3557 744 3620 ideo
768 3575 869 3619 earnm
891 3554 996 3619 teneri.
1030 3555 1111 3618 Sane
1129 3555 1200 3619 mihi
1218 3576 1301 3619 mens
1326 3557 1397 3620 ahbi
1420 3577 1479 3621 non
1503 3567 1572 3620 erut
1595 3577 1631 3621 ιο
1656 3558 1685 3620 in

332 3652 417 3726 loco,
452 3668 539 3729 quam
569 3649 599 3710 in
627 3645 774 3708 sumtibus
803 3663 892 3726 parce
925 3644 1069 3706 iaciendis
1102 3646 1231 3708 emtione
1258 3665 1419 3727 pancorum
1446 3647 1685 3728 exemplarium:

332 3747 421 3819 etque
446 3738 484 3800 ad
507 3739 564 3800 hoc
588 3735 757 3798 institutum
780 3733 880 3796 omnia
903 3733 1017 3814 reliqua
1039 3734 1198 3796 referenda
1219 3743 1299 3797 sunt.
1343 3734 1423 3807 Quid
1443 3737 1588 3817 quaeris?
1619 3735 1687 3817 Ego

330 3828 456 3890 totidem
480 3823 577 3888 sentio
600 3824 748 3898 stimulos,
773 3823 889 3904 quoties
912 3830 946 3884 tu
968 3822 1017 3883 vel
1039 3828 1156 3902 tempus
1180 3842 1317 3900 excusas,
1341 3824 1390 3886 vel
1405 3833 1551 3906 quantum
1574 3827 1606 3888 in
1630 3844 1685 3886 ex-

331 3917 452 3980 cnsione
478 3914 688 3995 praestiteris,
720 3932 868 3978 recenses.
916 3909 1026 3974 Obruis
1047 3930 1099 3974 me
1128 3931 1200 3974 saue
1222 3912 1318 3977 'nimio
1346 3913 1407 3975 mei
1433 3915 1555 3977 studio:
1590 3932 1686 3996 neque

331 4007 447 4068 calamo
470 4005 501 4066 id
524 4023 652 4086 aequare
675 4003 802 4082 amplius
825 4019 956 4082 possum.
993 4001 1058 4064 Nec
1081 3999 1177 4063 minue
1198 4010 1303 4081 gratae
1327 4021 1417 4082 quam
1439 4004 1594 4070 salutares
1618 4011 1689 4066 sunt

330 4095 533 4173 intersparsae
567 4091 794 4155 admonitiones.
840 4090 891 4152 Ad
919 4087 1036 4152 unicum
1064 4089 1100 4152 de
1131 4089 1222 4152 nimia
1249 4109 1317 4153 mea
1343 4090 1493 4154 brevitate
1528 4100 1561 4155 et
1594 4113 1688 4174 uapu-

332 4185 438 4262 βασισι
460 4182 627 4262 respondeo
650 4183 680 4243 in
703 4197 827 4261 genere3
851 4197 909 4241 non
932 4178 1110 4258 obloquendi
1133 4179 1244 4255 auimo,
1269 4179 1324 4241 sed
1346 4190 1380 4241 nt
1403 4179 1510 4242 videas
1535 4182 1689 4246 fomnnam

333 4291 439 4334 meam.
487 4270 563 4334 Onrn
586 4270 732 4332 neminem
759 4269 852 4329 sciam
880 4266 909 4328 in
936 4267 990 4330 illo
1017 4267 1183 4330 clarissimo
1213 4269 1320 4330 ιιιιιιιιιι
1349 4278 1469 4332 νοιιιιι
1499 4271 1688 4346 academiae,

319 4363 383 4444 .qni
405 4379 474 4422 mea
501 4361 644 4438 dogmata
672 4356 747 4419 dett
773 4358 931 4437 impeteret
959 4355 1068 4436 opert:
1102 4357 1239 4420 inventus
1271 4367 1320 4420 est
1350 4358 1379 4420 iu
1413 4359 1470 4420 hac
1499 4359 1632 4422 obseura
1659 4367 1691 4420 et

334 4448 495 4513 tenebrosa
518 4447 665 4522 barbarie,
690 4445 749 4525 qni,
774 4463 838 4506 enm
861 4445 929 4524 plne
952 4443 1121 4525 intelligere
1144 4464 1201 4507 non
1225 4453 1341 4525 posset,
1365 4447 1461 4510 solum
1480 4447 1555 4510 illud
1571 4450 1691 4512 calum·

334 4540 409 4602 niati
432 4538 471 4600 ad
493 4553 633 4618 proceres
657 4553 748 4596 ausus
772 4540 833 4607 est,
858 4534 999 4616 pleraque
1024 4551 1060 4594 ex
1084 4533 1249 4613 Copernico
1273 4537 1412 4598 desumta
1434 4544 1465 4598 et
1489 4537 1528 4598 ab
1554 4555 1592 4600 eo
1617 4545 1689 4600 ante

334 4631 444 4692 multos
469 4643 563 4687 annos
587 4623 676 4685 dieta.
715 4620 794 4692 Quid
818 4621 930 4698 agam?
961 4622 1065 4722 Neque
1084 4623 1266 4704 hypotheses
1285 4643 1369 4686 meae
1389 4633 1469 4700 snut,
1494 4645 1596 4707 neque
1622 4647 1689 4689 cnr-

334 4737 418 4800 porn.
456 4715 587 4777 Tantum
609 4730 664 4792 ego
688 4711 785 4773 nexui.
822 4711 868 4771 At
890 4709 955 4789 quis
980 4729 1017 4770 ea
1039 4709 1184 4791 imperitis
1208 4711 1311 4774 harum
1331 4733 1437 4790 rernm,
1462 4714 1592 4778 audiens
1613 4717 1690 4778 hanc

336 4806 515 4872 calumniam
539 4819 576 4862 ex
599 4819 644 4877 eo,
670 4818 756 4881 quem
778 4799 898 4862 doctum
920 4805 1066 4873 autumat,
1091 4800 1147 4910 hoo
1165 4807 1259 4881 pacto
1282 4801 1401 4866 institui
1423 4810 1535 4884 potest,
1563 4815 1602 4867 ιιι
1625 4825 1689 4869 enm
