3586 5518
723 261 885 316 Prooemium.
1444 261 1489 332 89

122 421 238 544 m,
264 420 296 474 da
315 423 411 488 quibua
432 429 519 476 tamen
536 423 572 476 illi
589 427 646 490 ipsi,
665 425 712 476 nlri
729 425 777 476 hoc
794 424 866 475 modo
886 424 1005 478 admoniti
1027 416 1146 483 minant,
1170 436 1295 491 nunquam
1314 427 1425 494 cogltrre
1443 441 1487 492 po·

193 508 208 542 n

187 601 332 664 Antequam
352 610 493 668 acceparat
510 604 634 669 Keplerur
651 605 723 654 modo
741 605 891 668 praemissa,
910 605 1073 668 superioribus
1092 606 1142 654 auls
1160 604 1225 654 haec
1244 604 1355 654 addidit:

204 687 390 754 Clarissime
415 694 455 755 D.
480 693 671 773 Praeceptor.
719 695 796 756 Dum
821 695 899 756 ultro
931 695 1064 774 citroque
1088 701 1237 755 commeat
1259 693 1401 768 nuncius,
1437 693 1486 759 iu-

122 778 183 839 veni
199 778 295 841 locum
312 781 451 862 aliquem
466 783 495 844 in
512 781 669 854 Cardono,
694 783 743 863 qui
766 801 830 844 rem
852 791 988 845 nostram
1013 782 1245 845 automatariam
1268 783 1390 844 mirifice
1414 783 1486 845 illu-

122 873 203 930 strat.
251 867 306 929 Sic
333 870 434 950 igitur
466 872 516 932 ille
552 871 603 934 lib.
631 869 671 933 17
696 873 732 932 de
754 871 942 934 Subtilitate.
991 872 1113 951 ,Nuper
1137 872 1228 933 etiam
1253 871 1373 952 quidam
1406 871 1487 934 illam

121 957 308 1032 „machinam
334 959 440 1021 mundi
464 960 681 1034 universalem,
706 959 779 1022 oliui
802 981 820 1021 a
837 959 998 1022 Guilielmo
1015 961 1180 1022 Zelandino
1201 960 1380 1022 fabricatam
1396 967 1487 1041 atqua

121 1047 337 1122 ‚,dissolutam,
364 1049 393 1110 in
408 1049 599 1130 tenebrisque
611 1069 664 1131 per
676 1050 822 1112 incuriam
838 1057 1086 1123 marcescentem,
1112 1067 1178 1112 oum
1194 1069 1249 1129 ego
1266 1049 1394 1130 quodam
1409 1050 1486 1110 bono

120 1138 200 1210 „lato
227 1137 266 1196 ad
293 1137 531 1199 instaurandum
559 1139 654 1200 bonas
685 1147 768 1200 artes
806 1139 899 1200 etiarn
932 1139 1030 1201 obiter
1060 1158 1116 1201 uon
1141 1139 1237 1200 minus
1262 1157 1352 1218 quam
1376 1157 1414 1198 ex
1437 1138 1486 1200 in-

120 1226 252 1298 „dustria
284 1235 383 1288 natus
418 1227 445 1288 iu
480 1226 574 1288 lucem
604 1246 812 1302 revocassem,
846 1228 875 1288 in
899 1229 1050 1307 integrum
1074 1227 1218 1290 restituit.
1267 1225 1361 1306 Cujus
1381 1245 1486 1289 exem-

120 1313 185 1394 ..plo
210 1314 304 1376 aliam
339 1314 453 1378 Carolo
477 1313 590 1386 Quinto
616 1315 742 1378 Caesari
771 1316 814 1378 ita
843 1319 1028 1391 constmxit,
1063 1325 1095 1378 ut
1127 1317 1157 1378 in
1189 1335 1225 1377 ea
1258 1324 1289 1378 et
1321 1324 1487 1396 temporum

120 1411 290 1476 „momenta
326 1413 360 1466 et
390 1410 495 1484 partes
524 1406 676 1484 signorum
700 1405 835 1484 singulas
861 1406 965 1467 videas
998 1413 1029 1467 et
1057 1406 1156 1466 octavi
1180 1405 1261 1467 orbis
1284 1411 1397 1466 motum
1421 1412 1487 1466 tar-

121 1491 296 1566 „dissimum
321 1493 483 1556 intuearis.
532 1495 705 1556 Divisiones
731 1513 845 1575 quoque
870 1495 951 1556 orbis
976 1495 1126 1575 signorum
1141 1494 1262 1567 varias,
1289 1513 1362 1574 quas
1383 1494 1487 1554 domur

120 1591 267 1657 „vocaut,
294 1583 451 1663 horasque
474 1585 615 1664 aequales
641 1591 672 1644 et
689 1583 884 1664 inaequales,
909 1593 940 1646 et
964 1585 1041 1664 quod
1060 1584 1157 1664 majus
1172 1591 1234 1653 est,
1259 1582 1389 1645 universi
1405 1577 1486 1645 orbis

122 1672 275 1749 „partibus
307 1672 529 1746 inservientes,
555 1681 588 1733 ut
612 1673 687 1734 haec
711 1691 780 1734 vere
805 1673 945 1735 machina
969 1673 1071 1736 orbem
1094 1673 1264 1734 universum
1293 1673 1424 1746 referat,
1456 1672 1486 1732 iu

122 1781 175 1834 „ea
198 1761 354 1840 inspicere
381 1761 463 1822 licet.
510 1760 627 1824 Omitto
656 1780 834 1842 progressus
868 1780 1082 1842 regressusque
1111 1762 1294 1842 singulorum
1325 1761 1488 1822 errantium

122 1849 286 1923 „siderum,
322 1850 501 1912 latitudines
526 1849 778 1930 altitudinesque,
811 1852 929 1930 aliaque
953 1852 1124 1926 innumera,
1154 1858 1188 1912 ut
1209 1867 1332 1934 prorsus
1357 1867 1405 1910 rea
1429 1869 1487 1912 non

122 1939 234 2012 „minus
267 1941 357 2001 lama
390 1959 478 2020 quam
511 1941 567 2000 fide
596 1941 694 2020 major
717 1939 766 2001 sit.
813 1940 962 2002 Referunt
985 1939 1084 2002 Sabor
1116 1957 1216 2018 regern
1241 1941 1400 2001 Persarum
1429 1938 1486 2000 hu-

122 2028 309 2106 ,Jusoemodi
344 2029 512 2090 ruachinam
547 2038 610 2090 tam
642 2029 787 2106 grandem
821 2029 938 2092 evltro
971 2030 1104 2091 construi
1137 2029 1259 2102 fecisse,
1294 2035 1327 2088 nt
1359 2027 1387 2088 in
1421 2028 1487 2106 ejus

122 2125 244 2190 „centro
258 2117 400 2192 sederet,
425 2125 569 2198 tauquam
588 2117 617 2179 in
633 2117 744 2179 Terrae
765 2118 940 2196 sphaerula,
965 2125 1154 2197 spectantem
1174 2117 1229 2179 sub
1248 2116 1375 2196 pedibus
1395 2118 1487 2178 etiarn

123 2215 242 2281 ,‚astra,
269 2207 501 2288 exorientiaqne
526 2226 560 2268 ac
576 2207 748 2269 occidentia
763 2208 878 2282 sidera,
904 2215 938 2268 nt
953 2207 1012 2282 sic,
1037 2207 1173 2269 mortalis
1188 2225 1254 2269 cum
1274 2215 1371 2276 esset,
1396 2223 1488 2284 supra

123 2302 241 2368 „tamen
267 2315 390 2358 omnem
414 2297 609 2358 mortalitatis
634 2297 747 2357 fastum
770 2303 802 2356 et
825 2298 1065 2377 expectationem
1085 2317 1152 2358 esse
1172 2295 1357 2358 videretur.“
1402 2295 1488 2356 Haeo

124 2385 319 2464 transscripsi
349 2393 475 2465 propter
504 2387 560 2446 duo
589 2385 720 2446 illustria
744 2386 881 2465 exempla
906 2387 1100 2465 sphaerarum
1129 2393 1161 2446 et
1188 2385 1312 2447 alterius
1341 2392 1486 2446 autorem.

124 2471 266 2544 Quamvis
302 2474 478 2536 incredibile
510 2475 546 2535 de
571 2473 697 2552 Sapore.
747 2473 837 2536 Certe
870 2475 1051 2536 universalis
1080 2475 1209 2554 sphaera
1241 2493 1298 2534 non
1329 2473 1401 2544 luit,
1436 2481 1489 2534 aut

125 2572 201 2624 mota
224 2583 285 2625 non
312 2565 383 2635 fuit,
410 2563 587 2642 praesertim
612 2563 719 2624 vitrea.
768 2565 872 2644 Neque
887 2564 959 2625 mihi
984 2563 1086 2625 divina
1100 2563 1162 2625 ista
1185 2563 1222 2624 de
1246 2561 1376 2623 barbara
1395 2570 1487 2641 gente

124 2654 300 2732 persuadeo.
351 2653 453 2732 Atque
478 2672 513 2713 en
536 2652 591 2714 tibi
617 2652 782 2714 sessionem
808 2653 887 2732 regis
912 2653 940 2714 in
965 2653 1111 2733 sphaera,
1134 2671 1217 2738 rquae
1242 2650 1364 2713 barbari
1388 2653 1487 2712 fastus

126 2761 158 2801 an
181 2741 281 2804 civilis
307 2741 520 2802 delectationis
550 2751 758 2820 argumentum
789 2743 845 2814 sit,
878 2742 906 2803 in
931 2751 1048 2822 promtu
1073 2751 1121 2804 est
1146 2740 1294 2820 judicare.
1343 2739 1405 2801 Sed
1430 2759 1486 2800 nec

125 2837 254 2892 monstro
280 2839 367 2891 caret
392 2831 486 2891 moles
509 2829 563 2892 illa
587 2831 703 2909 ingens.
750 2831 896 2911 Equidem
912 2831 1066 2905 existimo,
1090 2837 1213 2910 praeter
1227 2847 1337 2889 vanam
1363 2835 1395 2889 et
1414 2828 1486 2888 bar-

125 2919 222 2980 baram
248 2918 488 2981 ostentationem
512 2927 544 2980 et
567 2918 803 2998 magnitudinem
829 2919 910 2998 globi
930 2919 1019 2980 vitrei
1045 2918 1223 2981 insolentem
1250 2917 1321 2978 nibil
1346 2924 1507 2996 spectatu

125 3009 305 3070 continuisse
340 3007 473 3085 dignum.
523 3009 554 3069 ln
584 3007 682 3068 altera
705 3008 773 3070 vide
804 3009 874 3070 mihi
904 3008 1041 3070 inutilem
1072 3007 1205 3069 laborem
1239 3007 1267 3068 in
1294 3004 1487 3086 exprimendo

126 3105 201 3159 motu
226 3098 329 3159 octavi
355 3097 451 3169 orbis,
489 3097 537 3177 qui
566 3105 628 3157 tum
658 3097 786 3157 nondum
811 3107 878 3159 erat
906 3097 963 3158 rite
992 3096 1141 3177 cognitus.
1188 3097 1222 3158 In
1251 3094 1340 3155 laude
1372 3104 1487 3173 ponunt

127 3185 292 3266 hujusmodi
308 3187 457 3260 artifices,
483 3186 592 3247 imitari
609 3185 754 3247 calculum
775 3186 966 3248 multitudiue
981 3195 1129 3260 motuum,
1154 3203 1210 3264 ego
1229 3191 1387 3264 praestare
1401 3189 1484 3262 puto,
1502 3202 1510 3212 ·

127 3287 155 3335 nt
177 3286 317 3338 naturam
343 3275 444 3336 imiter
467 3274 495 3335 in
520 3275 593 3347 situ,
620 3274 677 3334 etsi
704 3275 894 3336 tardissimos
917 3272 986 3336 illos
1001 3283 1100 3337 motus
1119 3282 1257 3354 exparte
1273 3273 1339 3353 quis
1354 3273 1484 3334 omittat.

208 3365 317 3444 Pergit
347 3362 521 3432 Cardenus,
564 3371 595 3424 et
630 3362 767 3425 recitatis
800 3362 960 3426 Claudiani
993 3365 1144 3438 versibus,
1186 3363 1292 3444 quibus
1322 3361 1485 3440 descriptio

128 3451 343 3516 Archimedcae
368 3452 515 3531 sphaerae
539 3453 723 3524 continetur,
749 3453 823 3514 haec
848 3453 986 3532 subjicit:
1017 3451 1151 3528 „Causa
1176 3472 1227 3514 cur
1251 3471 1288 3513 ex
1312 3451 1391 3512 vitro
1415 3451 1485 3512 olim

129 3541 229 3608 ..lieret
251 3541 395 3604 machina
418 3541 560 3604 coelestis
584 3541 682 3615 orbis,
708 3550 793 3616 erat,
820 3542 959 3622 quoniam
983 3549 1148 3603 comesset
1172 3542 1290 3602 aemula
1315 3557 1383 3600 vare
1399 3537 1485 3612 coeli,

128 3631 378 3700 „includebantur
401 3630 529 3692 minores
554 3630 732 3709 majoribus:
759 3649 846 3710 quam
872 3631 909 3691 ob
934 3649 995 3691 rem
1024 3631 1072 3711 qui
1102 3631 1181 3692 intus
1211 3637 1298 3691 erant
1332 3635 1364 3688 et
1387 3627 1487 3688 sidera

128 3721 274 3798 „spectari
300 3739 361 3781 non
385 3721 570 3799 potuissent,
592 3719 648 3780 nisi
673 3736 775 3780 omnes
799 3738 837 3780 ex
861 3719 989 3781 materia
1017 3720 1176 3799 perspicua
1200 3717 1320 3779 conflati
1347 3717 1485 3779 luissent.

129 3808 247 3890 „ltaque
273 3809 325 3890 qui
359 3827 434 3870 nunc
458 3809 514 3868 has
542 3809 636 3868 moles
663 3808 794 3882 faciunt,
827 3809 898 3871 vitri
930 3808 1128 3886 fragilitatem
1151 3815 1307 3881 verentes,
1342 3814 1488 3885 coguntur

130 3917 202 3970 „non
224 3897 397 3961 naturalem
420 3897 521 3958 mundi
545 3897 714 3958 machinam
734 3897 892 3972 aemulari,
917 3897 1018 3958 orbern
1038 3897 1101 3959 orbi
1122 3896 1385 3975 circumponendo,
1410 3912 1487 3976 quo-

131 3986 223 4060 „niam
256 4007 326 4050 cum
350 4005 388 4047 ex
408 3988 531 4048 metallo
556 3985 616 4046 sint
645 3985 737 4046 videri
763 4005 819 4048 non
847 3995 989 4067 possent:
1024 3987 1077 4048 sed
1102 3993 1176 4066 quot
1202 3994 1274 4046 sunt
1302 3983 1405 4060 orbes,
1439 3991 1486 4046 tot

131 4077 277 4148 „efficiunt
302 4074 440 4148 tabulas,
465 4083 518 4136 aut
542 4076 650 4136 saltem
674 4093 776 4149 senas,
803 4075 884 4136 Solis
909 4074 1011 4138 orbem
1031 4074 1160 4138 Veneris
1184 4073 1247 4135 orbi
1272 4073 1486 4148 immiscentes,
1580 4135 1582 4142 ,

132 4163 176 4236 ,in
199 4165 415 4244 circuitumque
439 4165 666 4244 compaginarit,
701 4171 735 4225 ut
759 4164 836 4244 quod
861 4171 908 4226 est
937 4173 1083 4238 rotarum,
1116 4164 1295 4243 ponderum,
1329 4163 1486 4234 molarum,

26 4273 30 4286 ·
132 4273 298 4328 „cunnum
336 4253 566 4328 denticulorum,
597 4253 747 4326 nolarum,
777 4253 942 4332 virgarum,
973 4253 1084 4314 iunium
1110 4260 1201 4333 atque
1224 4252 1355 4313 aliorum'
1372 4253 1486 4313 instru-

133 4353 328 4415 „mentorum,
356 4343 454 4403 lateat
477 4341 590 4403 intus.“
636 4341 733 4402 Audis
749 4339 937 4415 Cardanum‚
963 4349 1083 4403 veteres
1108 4341 1251 4402 aemulari
1271 4349 1409 4402 naturam
1434 4356 1486 4400 so-

133 4429 208 4506 litos,
232 4430 422 4493 recentiores
445 4438 618 4493 construere
635 4430 857 4506 domunculam,
883 4433 959 4492 forte
977 4431 1173 4508 sexangulam
1193 4438 1246 4490 aut
1260 4437 1329 4490 octo
1349 4429 1484 4495 laterum,

133 4529 161 4580 et
190 4520 260 4582 loris
295 4521 324 4580 in
360 4517 505 4580 luteribus
533 4520 755 4598 circumponere
788 4519 836 4581 hie
867 4521 1027 4598 sphaeram
1058 4519 1199 4586 Saturni,
1230 4516 1293 4578 illie
1315 4515 1402 4577 Jovis
1426 4519 1484 4572 eto.

134 4605 171 4669 Et
196 4609 250 4670 hnc
280 4608 357 4672 dicit
386 4605 543 4670 Cardenus
582 4607 729 4687 sphaerae
759 4609 1003 4670 Zelandiuianae'
1028 4607 1254 4668 commendator
1285 4610 1319 4664 ut
1357 4598 1486 4664 omnium

134 4695 429 4776 praestantissimae,
454 4703 567 4757 utnon
591 4695 741 4775 possimos
766 4697 921 4772 dubitare,
955 4697 1024 4776 quin
1048 4697 1102 4758 illa
1126 4709 1242 4776 quoque
1265 4691 1294 4749 in
1319 4688 1396 4749 hunc
1419 4703 1485 4746 mo-

136 4785 210 4864 dum,
244 4805 304 4848 uon
332 4785 372 4847 ad
399 4785 629 4850 aemulationem
659 4793 784 4848 naturae
814 4785 855 4847 sit
877 4793 1032 4870 coaptata.
1079 4778 1237 4856 Quomodo
1270 4775 1340 4856 quid
1373 4790 1485 4857 quaeso
