3586 5518
746 281 828 348 capnt
844 283 989 339 xt-xn..
1480 283 1545 356 139

169 442 256 508 habet,
272 459 327 498 cur
340 459 440 514 presa
454 445 500 510 sit,
515 462 599 518 quarn
613 443 835 514 ejus‘eontraria,
850 447 904 502 hoc
917 445 986 516 ipso,
1007 445 1073 518 quia
1086 445 1228 502 contraris
1241 445 1303 516 eJ'us
1318 445 1471 518 erumpitur
1484 465 1546 504 esse

169 523 268 577 innon
293 531 387 580 ento:
414 543 491 597 quae
513 525 538 579 si
551 525 635 580 etiam
658 541 741 596 prosa
763 527 840 581 facta
862 532 946 590 esset,
970 529 1085 580 mundus
1100 533 1193 580 tamen
1208 525 1303 580 similis
1326 527 1390 581 huic
1403 527 1546 597 praesenti

170 603 251 656 bom
266 609 362 658 esset.
411 605 593 676 Comparatio
615 607 704 660 locum
718 607 874 660 nonhabet
888 608 1055 670 mundorum,
1078 606 1126 660 ubi
1146 623 1217 660 unus
1238 606 1314 661 solus
1329 612 1382 661 est.
1422 608 1547 662 Valeant

170 683 255 754 itaque
277 685 478 754 quaestiones
501 686 656 755 hujusmodi
675 686 845 750 materiales,
870 695 900 742 et
923 703 983 741 cnm
997 685 1094 741 iisdem
1116 687 1339 741 summerseta
1358 687 1472 751 zodiaci,
1497 705 1547 742 seu

169 761 252 834 potins
269 759 360 836 (quia
369 765 422 819 bie
438 765 507 820 locis
522 766 578 820 suis
593 765 702 820 excedit
719 765 781 820 ocri
801 761 944 836 successu)
959 765 1021 820 riae
1034 765 1131 838 regiae
1155 783 1175 820 a
1187 766 1293 821 Solaria
1308 768 1429 838 corporis
1445 767 1547 822 circulo

169 843 311 914 interejus
335 847 426 914 polos
447 845 538 900 medio
552 851 732 900 monstratae.
776 847 848 901 Nam
871 848 894 902 si
908 847 966 918 poli
989 853 1020 900 et
1039 846 1101 902 axis
1126 845 1249 916 corporis
1262 847 1368 902 Solaria
1392 847 1419 902 in
1442 848 1546 920 plagas

169 923 248 977 nundi
276 923 358 978 alias
385 925 467 980 versi
490 925 614 990 fuissent,
638 925 723 980 etism
745 926 793 980 ria
806 925 888 999 regin
911 927 970 981 alia
992 927 1091 980 fuisset
1104 929 1244 982 traducta.
1286 927 1364 989 Quod
1384 927 1455 982 idem
1469 930 1546 982 etde

167 1003 254 1075 lguria
268 1006 464 1060 dodeeaedro
480 1015 511 1062 et
524 1006 662 1061 ieosatdro
677 1006 828 1062 dicendum.
869 1008 971 1062 Demus
993 1007 1073 1071 eninr,
1098 1023 1194 1060 munus
1215 1005 1422 1076 ipsarumesse,
1447 1007 1547 1064 metari

167 1084 302 1138 zodiacum
329 1086 517 1141 sectionibus
539 1087 639 1141 mutuis
661 1087 790 1152 laterum,
814 1093 844 1142 et
858 1087 926 1141 certi
941 1087 1048 1157 quidem
1072 1086 1182 1151 ordinis,
1206 1104 1322 1151 exrex,
1347 1104 1415 1157 quos
1428 1087 1546 1142 diximus

165 1180 218 1218 esee
230 1164 416 1234 possibiles:
445 1173 524 1221 certe
537 1168 675 1222 translato
688 1170 840 1242 figurarum
862 1167 916 1222 situ
939 1168 968 1222 in
986 1169 1084 1223 mundo
1103 1166 1199 1222 sensili
1222 1169 1301 1221 sedes
1321 1167 1405 1221 etiam
1428 1167 1486 1222 alia
1500 1185 1546 1220 zo·

162 1243 230 1299 diaco
251 1245 452 1319 obtingeret.

780 1435 952 1446 ——-—-—

750 1653 870 1754 Caput
896 1653 984 1728 XII.

612 1813 744 1878 nrum
766 1813 894 1876 socrus
914 1821 944 1876 u
965 1777 1117 1894 seems

243 1957 350 2020 Multi
388 1954 575 2018 divisionem
607 1955 750 2018 zodiaci
783 1955 813 2018 iu
846 1955 1002 2042 duodecim
1033 1953 1174 2036 praecisa
1204 1951 1292 2032 signa
1318 1970 1372 2032 pro
1403 1951 1546 2032 figmento

166 2047 295 2110 humano
325 2045 495 2118 habuere,
526 2043 580 2106 tali
607 2043 731 2127 uerhpe,
764 2045 810 2106 cui
839 2044 912 2107 nihil
941 2045 984 2106 rei
1013 2041 1159 2105 naturalis
1185 2041 1292 2102 subsit.
1339 2041 1444 2122 Neque
1469 2040 1546 2104 euim

172 2138 244 2200 baec
277 2157 379 2214 μορια
410 2133 529 2198 viribus
561 2140 614 2198 aut
642 2133 850 2196 affectionibus
883 2133 1001 2196 differre
1033 2130 1222 2194 naturalibus
1254 2129 1458 2204 arbitrentur,
1492 2127 1546 2190 sed

178 2233 310 2288 assumta
333 2230 469 2304 propter
493 2221 605 2284 numeri
629 2224 668 2284 ad
691 2223 824 2284 rationes
849 2221 1058 2300 aptitudinem.
1105 2217 1222 2290 Quibus
1252 2218 1311 2280 etsi
1339 2238 1396 2281 non
1426 2216 1545 2280 omnino

181 2331 327 2393 repugno,
361 2319 470 2374 temen
498 2329 535 2372 ne
564 2309 632 2390 quid
663 2319 776 2374 temere
805 2310 988 2391 rejiciatur,
1010 2329 1048 2371 ex
1075 2309 1183 2370 iisdem
1209 2307 1364 2390 principiis
1388 2306 1545 2369 divisionis

181 2403 263 2481 hujus
296 2419 429 2464 cansam
463 2417 647 2479 proponam,
681 2400 719 2462 ad
753 2419 842 2482 quam
866 2397 1041 2463 Creatorem
1072 2396 1273 2478 proprietates
1307 2397 1348 2468 (si
1377 2415 1452 2478 quas
1476 2395 1547 2458 illae

183 2489 346 2552 distinctas
370 2489 503 2562 habeut)
527 2489 773 2552 accommodasse
798 2508 868 2552 vero
892 2507 951 2550 non
976 2487 1033 2549 erit
1056 2485 1205 2548 absimile.
1221 2489 1248 2560 ⁸)

266 2579 477 2642 Numerorum
499 2577 664 2658 subjectum
689 2577 837 2660 quodnam
865 2577 921 2648 sit,
951 2596 1043 2657 supra
1073 2573 1210 2638 vidimus.
1257 2573 1299 2637 Et
1322 2580 1402 2634 certe
1425 2577 1548 2651 praeter

184 2676 328 2746 quantum
353 2675 409 2730 ant
427 2674 539 2748 quanto
558 2667 666 2742 simile,
690 2667 829 2747 potentia
842 2666 1040 2748 qualicunque
1054 2663 1234 2744 praeditum,
1258 2661 1332 2724 nihil
1356 2659 1455 2722 estin
1480 2667 1545 2722 toto

184 2757 324 2818 universo
348 2755 544 2830 numerabile,
568 2763 690 2836 praeter
712 2755 820 2828 Deum,
845 2757 893 2838 qui
917 2754 1070 2836 ipsissima
1093 2751 1265 2815 veneranda
1287 2749 1421 2813 Trinitas
1443 2756 1501 2810 est.
1515 2745 1545 2820 1’)

182 2845 252 2908 Jeru
276 2845 372 2924 igitur
396 2862 523 2924 corpora
546 2845 646 2907 omnia
671 2844 867 2906 disseruimus
889 2864 944 2926 per
972 2843 1138 2906 zodiacum.
1155 2843 1181 2914 ⁰)
1227 2838 1412 2911 Videamus,
1442 2835 1546 2915 ecquid

183 2935 321 2996 sectione
345 2933 404 2996 bac
427 2933 569 2996 zodiacus
592 2933 658 3014 ipse
681 2932 809 3012 adeptus
833 2935 881 2998 vel
905 2953 1014 3014 passus
1038 2931 1090 2993 sit.
1105 2929 1133 3004 ἃ)
1172 2927 1328 2990 Sectorum
1353 2925 1445 3003 igitur
1467 2924 1547 2986 dicto

182 3023 271 3084 modo
304 3021 375 3084 cubi
403 3021 498 3083 iacies
522 3023 717 3085 exsectione
741 3022 892 3085 resultans
917 3021 974 3084 erit
997 3021 1156 3101 quadrata,
1180 3025 1214 3080 ut
1237 3023 1270 3078 et
1287 3012 1431 3088 octaedri,
1456 3032 1548 3094 pyre-

182 3111 273 3172 rnidis
299 3110 471 3188 triangula,
500 3111 680 3190 reliquorum
709 3111 832 3174 duorum
861 3110 1038 3192 decaogula.
1086 3107 1203 3179 Quater
1226 3105 1286 3168 trie
1309 3103 1410 3166 decies
1435 3101 1550 3163 faciunt

185 3217 341 3274 summam¹
360 3208 479 3262 centum
504 3206 537 3262 et
559 3199 675 3280 viginti.
723 3199 819 3279 Igitur
841 3201 987 3279 inscripta
1010 3199 1120 3261 circulo
1145 3194 1329 3276 quadratum,
1356 3189 1548 3271 triangulum,

184 3287 388 3368 decaoguluur
418 3286 456 3348 ad
485 3288 564 3350 idem
596 3297 739 3369 punctum
769 3307 856 3352 arcus
885 3290 986 3350 varios
1018 3283 1322 3349 in'ciroumferentia
1350 3279 1548 3362 distinguunt,

186 3397 263 3460 quos
287 3395 393 3439 omnes
418 3377 540 3440 metitur
562 3377 661 3459 portio
689 3395 747 3438 non
775 3377 873 3457 major
903 3376 1067 3439 centesima
1089 3377 1175 3437 vice·
1337 3388 1382 3436 us·
1397 3379 1432 3424 ¹⁷·

183 3467 262 3527 sima
286 3465 384 3527 totins
407 3465 520 3528 circuli.
566 3465 725 3529 Naturalis
748 3465 841 3546 igitur
868 3465 975 3528 divisio
1003 3465 1118 3528 zodiaci
1142 3465 1170 3525 in

187 3552 251 3618 ¹20
274 3573 315 3616 ex
337 3553 469 3634 regulari
493 3555 553 3616 situ
577 3573 733 3636 corporum
757 3555 836 3617 inter
859 3556 957 3619 orbes.
998 3551 1090 3634 Cujus
1114 3553 1170 3614 tri-

183 3643 268 3723 plum
292 3661 362 3705 cnm
385 3641 427 3704 sit
451 3635 531 3717 360,
561 3643 695 3706 videmus
723 3643 801 3706 hauc
825 3643 1001 3706 divisionem
1024 3662 1082 3704 non
1107 3661 1172 3704 om-

182 3731 254 3794 uino
270 3731 357 3794 nulla
369 3731 486 3794 ratione
501 3733 567 3794 niti.
599 3732 671 3795 Jam
690 3733 717 3794 si
735 3733 913 3812 quadratum
937 3741 969 3794 et
991 3729 1173 3812 triangulum

182 3839 305 3883 rursum
328 3839 368 3882 ex
392 3820 496 3881 eodem
518 3830 630 3902 puncto
654 3822 817 3901 seperatim
836 3821 1049 3895 describamus,
1073 3819 1172 3901 portio

182 3909 290 3972 circuli
323 3908 449 3971 minima
479 3909 538 3972 erit
568 3928 640 3990 pers
673 3909 851 3972 duodecima
883 3910 1031 3986 ambitus,
1067 3927 1173 3990 nempe

182 3999 338 4078 signnm.
387 3997 432 4060 Ut
462 3998 567 4062 mirum
599 3999 659 4072 sit,
692 4005 725 4060 et
754 4007 867 4062 motum
896 3997 977 4061 Solis
1007 4009 1039 4062 et
1069 3999 1173 4062 Lunae

182 4096 375 4150 menstruum
390 4087 419 4160 ·)
439 4093 481 4148 et
503 4087 729 4167 conjunctiones
754 4105 880 4168 magnas
904 4088 1090 4168 superiorum
1113 4097 1175 4150 tem

182 4187 257 4258 apte
281 4176 434 4258 quadrare
458 4174 497 4237 ad
520 4177 689 4256 portiones,
720 4194 796 4257 quae
824 4176 862 4239 ab
891 4179 1052 4240 eorundem
1081 4179 1255 4257 corporibus
1282 4198 1338 4262 per
1368 4180 1550 4262 triangulum

182 4276 216 4329 et
240 4264 422 4348 quadratum
447 4261 719 4343 distinguunturt)

274 4353 379 4436 Atque
405 4351 597 4433 adeovquam
620 4353 696 4415 haec
720 4353 905 4416 duodenaria
929 4352 1036 4415 divisio
1055 4373 1148 4435 penes
1163 4363 1301 4417 naturam
1325 4355 1354 4418 in
1379 4353 1475 4434 pretio
1499 4351 1551 4424 sit,

185 4443 323 4524 exemplo
348 4460 427 4522 cape
453 4447 611 4517 extraneo,
642 4450 675 4504 ut
699 4441 834 4520 quemvis
858 4460 952 4504 causa
974 4462 1032 4504 nou
1056 4443 1174 4505 omnino
1203 4443 1327 4523 cognita
1354 4443 1414 4516 sit,
1447 4447 1548 4500 tamen

184 4533 304 4596 occasio
328 4537 451 4613 pateat.
477 4529 602 4592 subinde
626 4530 810 4610 praeclarius
835 4530 872 4591 de
896 4529 943 4592 his
968 4531 1094 4612 quinque
1118 4531 1220 4612 figuris
1244 4529 1446 4599 sentiendi.¹)

270 4621 351 4684 Esto
374 4617 539 4702 proposita
563 4619 636 4682 fides
660 4619 770 4700 aliqua,
794 4619 919 4698 eJusqut
943 4639 1034 4682 sonus
1054 4621 1081 4682 Γ
1099 4626 1141 4680 ut.
1174 4619 1273 4700 Igitur
1295 4625 1369 4698 quot
1445 4618 1548 4664 Ξῖ

181 4717 345 4775 occurrunt
364 4725 462 4769 voces
483 4709 657 4790 esusque
680 4709 719 4770 ad
743 4716 880 4770 octavam
904 4715 1105 4771 consonantes
1125 4726 1192 4769 cum
1208 4710 1241 4778 Γ,
1264 4705 1365 4775 toties,
1388 4621 1550 4794 ὲ

178 4817 237 4864 nec
260 4799 400 4888 saepius,
425 4801 518 4884 potes
541 4795 629 4868 tidem
652 4795 843 4866 rationaliter
866 4794 1013 4880 dividere,
1038 4795 1082 4856 sic
1106 4803 1140 4857 nt
1162 4793 1277 4860 divisae
1299 4789 1367 4850 tidie
1389 4793 1493 4866 partes
1517 4795 1552 4847 et
