3718 5520
725 301 846 352 derebus
866 301 1025 366 astrologicis.
1183 325 1188 328 ·
1490 301 1553 368 381

190 455 331 540 pudiant,
357 463 394 518 ut
416 455 617 520 dissonantes.
665 454 718 520 Sic
741 457 834 538 igitur
856 458 905 522 hic
928 479 1029 521 ramus
1053 457 1294 520 ratiocinationis
1319 459 1475 521 absolutus
1491 468 1554 523 est:

193 565 285 607 aurea
311 545 407 620 enim,
438 547 514 626 q'nae
538 547 686 610 hactenus
708 547 792 610 illum
815 548 983 610 continuari
1008 555 1078 610 suut
1100 565 1225 626 passae,
1255 549 1321 629 jam
1344 549 1458 610 sistunt
1479 549 1556 610 hanc

193 633 464 696 continuationem.
507 635 591 697 Idem
607 635 727 711 accidit,
753 636 790 711 si,
813 644 849 698 nt
870 654 942 716 pars
967 634 988 698 2
1012 655 1079 698 cnm
1098 642 1164 697 tota
1179 633 1198 696 5
1215 645 1371 711 consonat,
1396 635 1440 698 sic
1460 644 1556 698 totam

194 719 267 784 137
293 721 374 784 velis
398 722 548 798 dividere;
580 743 651 785 nam
674 732 745 785 tuno
769 725 888 806 quidem
911 744 982 805 pars
1007 722 1028 786 2
1055 744 1122 786 oum
1145 731 1232 808 parte
1257 725 1276 788 5
1301 724 1496 802 consonabit,
1523 733 1556 787 at

195 829 291 892 neque
315 829 389 891 pars
413 810 445 886 2,
468 831 564 893 neque
587 831 659 893 pars
682 810 702 875 5
727 814 905 876 consonabit
928 833 996 876 cnm
1019 812 1136 875 total.
1173 811 1216 874 Et
1239 814 1310 893 quia
1323 814 1481 876 verbosum
1496 822 1554 888 est,

195 900 315 980 reliqua
339 900 478 964 similiter
506 901 629 982 exsequi
657 901 745 982 hujus
769 902 1028 977 ratiocinationis,
1063 903 1165 980 accipe
1190 909 1286 964 totam
1317 903 1401 964 illam
1429 903 1458 964 in
1482 908 1555 983 typo

196 988 280 1069 (vide
304 1005 397 1069 supra
419 1008 448 1068 p.
469 985 560 1065 373).
608 990 769 1070 Tantisper
793 992 872 1053 enirn
894 990 1031 1071 procedit
1053 989 1253 1066 ratiocinatio,
1279 991 1377 1070 quoad
1395 991 1556 1070 impegerit

196 1080 225 1138 in
249 1095 392 1140 numeros
418 1079 451 1154 7,
477 1075 512 1154 9,
540 1077 596 1154 11,
625 1076 675 1141 13.
723 1078 759 1142 Si
783 1079 861 1142 enim
885 1087 953 1142 tota
976 1079 1089 1141 chorda
1120 1078 1149 1139 iu
1181 1087 1228 1142 tot
1259 1089 1363 1160 partes
1392 1079 1553 1155 dividatur,

193 1168 259 1246 jam
282 1173 389 1246 partes
412 1168 675 1248 quomodocunque
700 1176 817 1230 sumtae
842 1189 860 1230 a
882 1177 950 1231 tota
973 1168 1141 1231 dissonant.

291 1253 456 1326 Quaeritur
479 1256 527 1318 hic
551 1258 600 1330 (ut
622 1257 763 1319 immorer
786 1258 1014 1338 aliquantisper,
1037 1258 1211 1337 priusquam
1235 1255 1274 1316 ad
1298 1263 1395 1318 totam
1418 1275 1472 1318 roo
1495 1261 1554 1318 dru-

195 1366 301 1406 uacus
325 1345 504 1408 divisionem
526 1346 727 1426 progrediar),
752 1365 829 1427 quae
852 1366 946 1409 causa
970 1347 1019 1422 sit,
1044 1365 1096 1408 cnr
1120 1363 1208 1406 aures
1230 1345 1326 1424 primo
1351 1345 1427 1406 inter
1450 1356 1554 1426 partes

199 1435 211 1495 1
242 1440 274 1494 et
300 1432 328 1510 1,
355 1441 505 1496 ettotam
530 1433 568 1507 2,
591 1443 701 1514 postea
724 1436 804 1498 inter
826 1444 930 1514 partos
956 1433 989 1510 1,
1015 1433 1035 1498 2
1060 1443 1091 1496 31
1114 1441 1211 1496 totam
1234 1430 1268 1509 3,
1293 1433 1372 1496 iuter
1393 1441 1498 1513 partes
1526 1435 1553 1508 1,

197 1519 217 1586 3
242 1529 275 1583 et
298 1519 448 1596 taum-t,
473 1531 577 1602 partes
607 1524 631 1597 1,
656 1519 678 1585 4
701 1531 733 1586 et
756 1532 852 1586 totam
876 1523 906 1600 5,
931 1532 1035 1604 partes
1062 1523 1094 1598 1,
1120 1520 1139 1585 5
1165 1530 1196 1583 et
1219 1529 1316 1583 totam
1339 1519 1369 1597 6,
1394 1530 1498 1602 partes
1523 1520 1552 1597 2,

197 1608 217 1674 3
243 1619 275 1672 et
297 1619 395 1672 totam
419 1609 449 1684 5,
473 1619 577 1691 partes
601 1609 633 1686 3,
657 1608 676 1674 5
702 1619 853 1675 ettotam
877 1611 906 1688 8,
932 1613 1102 1693 approbent
1125 1610 1363 1685 consonantiam,
1388 1611 1467 1673 iuter·
1481 1629 1553 1674 vero

194 1707 293 1761 totam
320 1699 348 1775 7,
374 1696 405 1775 9,
434 1698 496 1774 11,·
515 1699 555 1765 13
580 1707 611 1762 et
632 1709 737 1781 partes
761 1720 952 1783 quascunque
975 1701 1088 1763 nnllam
1120 1700 1276 1762 inveniant
1298 1699 1553 1762 concordantiam.

194 1789 327 1850 Putares
351 1807 475 1850 causam
498 1789 576 1861 esse,
601 1791 679 1870 quod
704 1787 733 1866 7,
760 1787 791 1864 9,
819 1789 868 1862 11,
896 1788 937 1854 13
961 1798 1032 1852 sunt
1054 1790 1197 1868 impares.
1243 1789 1290 1850 At
1311 1807 1369 1850 non
1394 1797 1458 1863 est;
1483 1807 1553 1850 nam

196 1887 230 1938 et
253 1874 273 1940 3
298 1885 331 1938 et
355 1875 375 1939 5
400 1885 470 1938 sunt
491 1879 638 1957 impares,
670 1898 724 1940 nec
752 1877 918 1959 impediunt
946 1879 1184 1941 concordantias.
1231 1878 1337 1957 Neque
1362 1877 1437 1939 haec
1461 1895 1554 1939 causa

195 1973 254 2042 est,
280 1965 360 2045 quod
383 1965 445 2027 sint
465 1967 570 2048 primi3
594 1985 664 2028 narn
687 1963 708 2030 9
732 1985 789 2028 uon
814 1975 862 2028 est
885 1985 1023 2028 numerus
1045 1967 1169 2046 primus,
1195 1973 1351 2027 ettamen
1376 1966 1553 2027 discordans

195 2063 253 2130 est,
279 2065 312 2116 et
335 2063 441 2116 contra
463 2051 493 2130 3,
519 2053 539 2118 5
564 2063 634 2118 sunt
656 2055 754 2136 primi,
779 2075 834 2118 nco
858 2065 959 2120 tamen
983 2054 1156 2116 discordant
1180 2054 1276 2116 asnis
1291 2053 1437 2132 partibus.
1475 2053 1551 2116 Dico

194 2143 287 2223 igitur
311 2161 433 2205 causam
461 2143 540 2206 hanc
570 2163 657 2219 esse,
692 2145 762 2226 quia
794 2144 948 2206 circularis
981 2142 1061 2206 linea
1093 2145 1185 2223 (quae
1218 2143 1391 2222 aequivalet
1422 2143 1552 2206 chordae

193 2240 298 2294 rectae
322 2239 355 2293 et
377 2233 602 2313 aequisonaret,
637 2233 663 2294 si
687 2233 874 2296 circulariter
905 2231 988 2295 tendi
1012 2232 1124 2312 possit)
1157 2232 1188 2292 in
1212 2229 1252 2306 2,
1278 2229 1314 2304 3,
1338 2229 1378 2305 4,
1403 2230 1451 2305 5,
1468 2227 1552 2306 6,8

194 2320 289 2382 dividi
313 2322 495 2400 geometrice
519 2330 630 2402 potest,
656 2323 685 2383 in
709 2321 739 2397 7,
765 2319 794 2395 9,
827 2321 872 2396 ll,
900 2318 939 2383 13
955 2321 1136 2398 geometrice
1152 2320 1243 2382 dividi
1263 2321 1376 2400 nequit,
1400 2339 1458 2382 non
1477 2319 1552 2380 vitio

195 2409 371 2471 intellectus
395 2409 500 2484 nostri,
525 2429 582 2472 non
605 2409 830 2491 imperfectione
855 2410 1000 2472 scientiae
1024 2409 1235 2489 geometricae,
1260 2410 1313 2470 sed
1330 2417 1449 2470 natura.
1487 2409 1551 2470 lm-

192 2498 290 2578 plicat
314 2497 423 2578 quippe
446 2499 731 2574 contradictionem,
765 2498 906 2560 circulum
939 2499 969 2560 in
995 2496 1014 2559 7
1038 2498 1177 2576 aequalia
1200 2499 1382 2577 geometrice
1407 2497 1550 2560 dividere.

193 2585 304 2666 Itaque
319 2587 450 2650 facultas
464 2587 526 2661 illa,
552 2606 629 2668 quae
648 2594 772 2667 praeest
792 2587 915 2662 auditui,
942 2605 1074 2648 samniae
1089 2587 1216 2648 rationis
1231 2605 1342 2666 capax,
1367 2587 1436 2648 illos
1461 2605 1552 2648 sonos

193 2676 356 2754 improbat,
382 2676 432 2754 qui
455 2677 551 2738 fluunt
575 2697 593 2737 a
616 2676 852 2756 longitudinibus
876 2675 1127 2755 dyeoperpqaou3
1152 2675 1311 2754 approbat,
1335 2675 1385 2755 qui
1408 2695 1427 2735 3
1450 2675 1550 2755 longi·

193 2762 349 2825 tudinibus
373 2764 564 2854 geometricis
587 2766 730 2845 pendent.
769 2763 838 2834 Qua
862 2765 890 2826 in
914 2784 946 2826 re
971 2773 1137 2826 creatorem
1160 2764 1295 2824 imitatur
1309 2772 1457 2837 creatura,
1483 2783 1552 2826 narn

193 2860 226 2914 et
249 2851 302 2912 ille
327 2871 424 2914 rerum
448 2853 533 2914 ideas
558 2852 706 2915 desumsit
729 2871 745 2914 e
768 2871 846 2933 penu
869 2853 1061 2932 geometrico,
1085 2871 1144 2913 non
1168 2869 1206 2912 ex
1220 2852 1440 2930 quantitatibus
1464 2851 1551 2930 ereo·

192 2959 370 3019 μετρητοιςς
394 2960 470 3021 pene
494 2941 648 3017 dixissem,
673 2942 745 3004 illud
770 2941 894 3018 creavit,
919 2943 997 3022 quod
1017 2959 1119 3002 creare
1138 2939 1252 3020 potuit;
1277 2940 1355 3019 qnod
1369 2959 1428 3000 non
1442 2941 1551 3020 potuit,

194 3030 306 3092 omisit.
329 3077 333 3084 .
354 3028 435 3092 Sane
465 3031 620 3093 fatendum
645 3038 712 3104 est,
747 3031 824 3109 quod
858 3030 1014 3092 contendit
1041 3031 1130 3091 Plato
1167 3036 1197 3090 et
1227 3048 1265 3089 ex
1288 3046 1323 3089 eo
1348 3026 1454 3091 Cicero
1487 3024 1550 3109 (De

191 3117 387 3194 Divinatione
407 3119 483 3191 11.):
508 3121 595 3182 nefas
620 3139 686 3180 esse
711 3119 855 3197 cogitare,
880 3127 914 3180 ut
932 3119 1016 3180 Deus
1036 3117 1205 3209 condiderit
1223 3117 1364 3178 mundum
1387 3135 1446 3178 non
1462 3135 1551 3197 quarn

192 3205 256 3269 lieri
280 3208 380 3287 potuit
403 3207 558 3286 optimum,
594 3207 658 3289 ipse
682 3208 814 3289 optimos
844 3215 876 3268 ct
905 3207 1154 3286 perfectissimus.
1201 3208 1235 3267 In
1259 3206 1315 3267 hoc
1339 3206 1404 3266 solo
1427 3206 1552 3268 offendit

190 3296 304 3377 pietas,
329 3297 409 3375 qnod
431 3296 576 3358 bonitatis
601 3298 684 3377 leges
708 3305 740 3358 et
763 3295 976 3358 necessitatem
992 3296 1076 3357 videt
1089 3295 1232 3357 collocari
1255 3313 1313 3356 non
1337 3294 1367 3355 in
1381 3294 1437 3356 Dei
1462 3313 1550 3356 crea-

86 3461 92 3470 ,
191 3384 268 3446 toris
293 3385 427 3460 arbitrio,
452 3387 505 3447 sed
530 3394 625 3460 extra,
651 3385 680 3446 in
704 3385 774 3446 idea
797 3385 991 3464 geometrica.
1029 3384 1126 3464 Atqui
1149 3385 1263 3464 cogitet
1282 3383 1450 3462 theologus,
1474 3385 1552 3444 hanc

191 3473 291 3554 ipsam
314 3493 413 3535 rerum
437 3475 684 3554 geometricorum
710 3475 876 3546 familiam,
909 3493 947 3535 ex
975 3492 1034 3553 qua
1069 3473 1138 3534 idea
1169 3472 1271 3535 mundi
1303 3472 1462 3552 depromta
1491 3479 1547 3546 est,

192 3563 277 3642 prius
312 3563 341 3624 io
365 3563 433 3642 ipsa
456 3564 590 3624 essentia
622 3562 725 3624 divina
756 3563 867 3635 fuisse,
900 3582 989 3643 quam
1021 3563 1050 3623 in
1084 3562 1223 3624 materia.
1268 3562 1298 3622 A
1322 3560 1449 3623 materia
1472 3561 1551 3622 enirn

192 3659 296 3712 mente
319 3659 424 3731 potest
447 3651 593 3726 abstrahi,
618 3671 636 3712 a
659 3660 759 3713 mente
776 3651 878 3713 divina
902 3650 1038 3712 abstrahi
1057 3651 1241 3730 cogitatione
1261 3669 1317 3710 non
1333 3657 1446 3729 potest.
1486 3649 1550 3732 lgi-

193 3749 243 3801 tur
266 3740 297 3801 in
321 3741 387 3800 Deo
405 3739 468 3811 ,fuit
490 3740 694 3802 essentialiter
717 3740 756 3801 ab
780 3749 917 3813 aeterno,
946 3741 976 3802 in
1000 3741 1169 3808 materiam
1183 3757 1220 3799 ex
1242 3738 1300 3800 Dei
1323 3738 1458 3799 essentia
1481 3757 1549 3800 cre·

193 3827 272 3890 ando
298 3829 427 3890 influxit.
474 3829 614 3905 Diceres,
643 3828 809 3892 essentiam
834 3830 967 3890 divinam
991 3848 1058 3890 esse
1083 3829 1287 3908 sphaericum,
1312 3845 1425 3888 vacans
1448 3829 1549 3906 spatio

193 3927 224 3978 et
246 3916 388 3989 materia,
413 3917 457 3979 sic
480 3917 611 3979 utDeus
634 3927 723 3998 pater
746 3918 788 3980 sit
810 3925 955 3994 centrum,
979 3917 1057 3978 tilius
1082 3917 1264 3996 superficies,
1289 3916 1414 3996 spiritus
1429 3916 1549 3978 distan-

193 4009 256 4069 tiae
281 4005 452 4087 aequalitas
475 4007 570 4068 centri
594 4019 613 4067 3
636 4006 800 4086 superficie.
846 4007 916 4068 Jam
940 4023 1049 4091 novum
1079 4006 1109 4066 in
1132 4005 1286 4084 theologia
1309 4024 1368 4066 non
1393 4011 1459 4080 est,
1493 4024 1573 4086 vo-¹

192 4097 343 4157 lontatem
367 4102 398 4156 et
422 4094 577 4157 arbitrium
600 4095 658 4158 Dei
682 4095 746 4174 regi
769 4117 789 4157 a
811 4095 928 4175 legibus
957 4095 1108 4156 essentiae
1139 4113 1225 4166 suae,
1259 4102 1293 4155 ut
1320 4093 1441 4156 mentiri
1464 4095 1553 4166 nolit,

191 4185 261 4266 quia
285 4203 345 4246 non
369 4191 492 4265 potest,
527 4185 763 4246 contradictoria
787 4185 878 4256 nolit,
913 4183 983 4262 quia
1010 4190 1148 4263 pugnant
1180 4201 1246 4244 cnm
1278 4183 1374 4262 ipsius
1403 4183 1547 4244 essentia.

190 4273 296 4335 Noluit
319 4273 412 4353 igitur
435 4273 524 4335 aliam
547 4272 650 4335 indere
675 4274 799 4333 fonnem
823 4272 931 4334 mundo
955 4273 1126 4346 materiato,
1152 4290 1241 4350 quarn
1265 4273 1349 4352 cujus
1375 4271 1473 4332 ideam
1497 4290 1548 4332 re-

189 4363 268 4442 perit
292 4362 529 4424 immaterialem
553 4371 585 4423 et
607 4369 641 4424 nt
664 4362 708 4423 ita
731 4361 829 4422 dicam
852 4360 1051 4441 inspatiosam
1074 4363 1103 4422 io
1138 4379 1193 4421 sua
1212 4361 1355 4422 essentia.
1399 4360 1459 4420 llla
1477 4377 1548 4420 vero

189 4471 245 4513 non
271 4451 410 4513 admittit
434 4451 662 4532 septaugnlum,
696 4450 916 4528 nonangolum,
940 4449 1062 4510 'nullum
1090 4449 1182 4528 igitur
1205 4448 1374 4529 hujusmodi
1397 4465 1493 4527 neque
1517 4447 1547 4507 in

189 4541 377 4622 corporibus,
402 4557 500 4620 noque
524 4539 553 4600 in
578 4539 718 4611 motibus,
742 4557 837 4618 neque
861 4540 890 4600 in
906 4557 1048 4600 sensuum
1071 4536 1260 4618 praesidibus
1286 4534 1480 4598 facultatibus
1500 4542 1549 4596 est

188 4649 377 4712 expressum.
427 4627 560 4693 Causam
583 4628 635 4703 rei,
663 4646 751 4709 quam
775 4627 921 4708 detegunt
944 4645 1048 4701 aures,
1075 4644 1185 4707 quaere
1209 4626 1316 4700 aliam,
1340 4623 1367 4684 si
1389 4621 1464 4683 haec
1487 4639 1546 4684 nou
1662 4615 1668 4627 “

185 4721 296 4799 placet.
