3628 5518
685 204 879 324 caamnss
1395 230 1467 324 res

120 418 197 479 draus.
243 415 350 499 Oapnt
374 425 476 482 antem
498 419 531 482 in
554 417 670 492 libram,
696 426 728 480 et
751 419 877 481 caudam
900 419 929 481 in
954 421 1078 482 arietem
1102 421 1209 495 refero,
1235 427 1268 483 ut
1291 419 1384 482 sitin
1408 439 1461 482 ra-

121 507 202 569 tionali
224 507 287 570 situ
310 527 381 570 cnm
404 508 510 580 Luna,
542 507 655 588 absque
688 507 793 588 eclipsi
821 516 943 582 tamen,
976 517 1009 572 et
1035 517 1069 572 ut
1092 510 1179 572 Luna
1208 509 1249 570 sit
1277 508 1308 570 in
1332 508 1462 570 maximo

121 595 193 658 limite
214 597 319 660 boreo.
367 595 437 658 Erit
464 595 555 676 igitur
578 595 673 658 Terra
701 596 812 658 oculari
845 597 935 659 etiam
969 599 1068 679 positu
1102 599 1203 660 media
1234 597 1313 659 inter
1345 599 1462 672 stellas,

120 685 179 747 sicut
200 685 282 748 orbis
307 685 374 766 ejus
397 685 477 749 inter
500 685 587 746 orbes
610 685 739 746 medinm
764 686 861 747 locum
884 695 966 750 certo
989 687 1047 750 Dei
1071 687 1197 750 consilio
1220 685 1364 760 obtinuit,
1394 685 1464 767 qnia

120 774 198 835 onnia
219 782 345 856 propter
368 774 527 837 hominem.
574 771 662 845 Quod
686 773 712 836 si
736 773 840 837 Solem
864 775 955 837 etiam
985 775 1033 838 hic
1057 775 1088 838 in
1111 775 1148 854 Υ
1170 777 1269 848 luces,
1303 775 1362 838 erit
1389 771 1409 855 ij
1434 775 1463 836 in

121 873 163 938 ὲ,
183 869 213 924 et
234 865 261 936 b
284 863 314 925 iu
330 877 373 937 ee,
399 863 568 944 etreliqua
591 862 739 926 similiter.
773 862 917 925 Sumendi
941 872 1040 928 autern
1065 873 1164 927 motus
1187 865 1289 938 medii,
1314 883 1384 926 nam
1407 864 1464 926 bos

120 952 142 1014 in
160 951 300 1032 principio
324 970 429 1014 cursus
452 971 541 1014 veros
564 971 632 1014 esse
658 951 808 1023 convenit,
832 971 936 1033 nempe
956 955 995 1016 ab
1011 953 1175 1016 absidibus.
1192 953 1221 1027 ιι)
1252 953 1338 1015 Haeo
1361 953 1465 1035 palma

121 1041 142 1100 in
160 1041 252 1102 medio
277 1041 387 1122 posita,
412 1059 500 1122 quarn
525 1047 578 1103 aut
600 1041 727 1103 similem
750 1041 777 1103 si
800 1041 867 1121 quis
891 1048 944 1104 aut
968 1063 1006 1105 ex
1029 1043 1145 1106 calculo
1169 1049 1222 1106 aut
1245 1061 1283 1104 ex
1306 1049 1464 1104 restaura-

121 1131 186 1192 tione
208 1129 413 1193 astronomiae
434 1131 564 1213 adeptus
579 1129 678 1206 inerit,
702 1132 729 1192 is
747 1129 889 1213 Phyllida
913 1132 995 1194 solus
1020 1131 1154 1194 habebit.
1201 1131 1287 1194 Haec
1310 1133 1347 1193 de
1371 1130 1466 1194 initio.

192 1219 296 1280 Finem
323 1219 418 1282 motui
445 1219 558 1281 nullum
585 1237 653 1280 cnm
682 1218 799 1281 ratione
833 1220 948 1294 statui,
981 1222 1153 1300 nullumque
1186 1221 1250 1282 fore
1278 1219 1467 1282 Platonicum

122 1327 213 1370 annmn
236 1327 274 1369 ex
293 1309 447 1387 postulato
462 1327 518 1369 uno
533 1307 678 1388 probabo.
694 1310 722 1382 ⁸)
756 1307 854 1370 Detur
873 1327 1001 1390 namque
1024 1307 1282 1372 eccentricitatem
1306 1327 1375 1370 esse
1400 1327 1467 1372 cum

122 1395 177 1458 orbe
199 1396 228 1457 in
251 1397 444 1480 proportione
466 1395 622 1470 rationali,
647 1403 736 1458 erunt
757 1395 850 1476 igitur
873 1397 987 1461 orbium
1010 1398 1088 1460 radii
1111 1397 1239 1460 invicem
1262 1397 1465 1470 irrationales,

123 1483 177 1565 qnia
196 1485 308 1547 habent
331 1505 364 1546 se
387 1493 421 1548 ut
442 1484 579 1564 inscripti
602 1491 634 1547 et
656 1485 872 1566 circumscripti
892 1487 1075 1568 corporibus,
1100 1487 1150 1567 qui
1172 1485 1366 1550 irrationales
1385 1493 1465 1560 sunt,

123 1573 178 1654 qnia
198 1581 361 1654 sequnntur
384 1593 421 1635 en
444 1573 561 1636 ratione
585 1573 748 1636 subteusas
771 1573 801 1636 in
826 1577 984 1656 quadrato,
1010 1583 1042 1638 et
1065 1576 1208 1638 sectionis
1224 1576 1387 1638 secundnm
1410 1594 1467 1636 ex-

122 1670 288 1724 tremam-et
310 1663 442 1726 mediam
464 1661 628 1737 rationem,
655 1681 731 1743 quae
756 1663 813 1726 duo
837 1671 908 1726 sunt
931 1666 1070 1746 exempla
1092 1664 1314 1728 irrationalium
1336 1664 1367 1726 in
1390 1682 1467 1744 geo-

124 1752 222 1814 metria.
257 1752 329 1814 Jam
352 1759 452 1814 antem
476 1759 576 1813 motus
599 1771 667 1814 cum
690 1751 783 1814 radiis
802 1752 833 1815 in
847 1753 1039 1834 proportione
1054 1760 1145 1829 sunt;
1169 1771 1241 1834 ergo
1264 1759 1364 1815 motus
1387 1752 1468 1816 inter

124 1861 150 1904 se
168 1841 364 1912 irrationales,
387 1841 485 1904 etsie
508 1859 659 1922 nunqnam
683 1841 723 1904 ad
745 1841 824 1904 idern
847 1843 986 1906 redibunt
1008 1841 1140 1918 initium,
1166 1843 1225 1904 etsi
1251 1843 1395 1904 durarent
1417 1841 1465 1904 in-

125 1929 200 1992 finitis
222 1929 354 1994 seculis:
386 1930 457 2010 qnia
479 1948 643 2009 nunqnam,
672 1949 708 1991 ne
732 1929 761 1992 in
785 1931 902 1994 infinita
925 1931 1044 2012 quidem
1065 1931 1200 1994 sectione
1223 1929 1383 2012 temporis,
1413 1949 1467 1993 oc-

125 2026 239 2082 curreret
260 2019 428 2082 communis
442 2037 590 2094 mensura,
615 2037 675 2099 qna
693 2018 814 2098 saepius
835 2021 967 2100 repetita
988 2029 1122 2084 motuum
1146 2020 1275 2083 omnium
1298 2039 1375 2082 unus
1400 2026 1466 2082 ter-

126 2107 215 2182 ninus,
239 2116 271 2172 et
293 2117 377 2172 meta
391 2108 470 2170 anni
485 2107 636 2172 Platonici
660 2108 874 2172 constituatur.
907 2109 951 2172 Et
969 2110 1034 2189 jam
1059 2111 1106 2171 vel
1130 2111 1252 2172 tandem
1276 2127 1343 2172 cum
1366 2107 1469 2172 divino

127 2194 274 2276 Cupernico
307 2197 383 2260 libet
415 2197 604 2260 exclamare:
645 2196 765 2271 ,Tanta
797 2197 935 2260 nimirum
969 2199 1071 2262 divina
1103 2199 1179 2260 haec
1209 2207 1258 2260 est
1286 2197 1359 2279 Opt.
1384 2199 1469 2260 Max.

127 2285 263 2360 labrica;“
288 2295 321 2348 et
335 2305 402 2348 cum
416 2286 533 2349 Plinio:
560 2283 675 2361 ,Sacer
694 2293 744 2348 est
766 2286 926 2362 (mundus)
949 2286 1121 2356 immensus,
1146 2294 1229 2350 totns
1253 2287 1283 2348 in
1308 2294 1385 2362 toto,
1408 2286 1470 2348 imo

127 2393 185 2435 rero
205 2373 267 2456 ipse
291 2383 405 2447 totum,
428 2375 529 2436 finitus
554 2381 584 2436 et
607 2375 721 2438 infinito
745 2375 883 2438 similis.“

200 2465 242 2526 Tu
265 2483 355 2537 nnnc,
385 2464 480 2526 amice
504 2464 630 2537 Lector,
660 2463 748 2525 finem
772 2464 903 2526 omnium
926 2465 1030 2526 borum
1053 2481 1096 2539 ne
1119 2464 1317 2538 obliviscare,
1347 2461 1396 2544 qni
1425 2469 1474 2524 est

128 2553 256 2631 cognitio,
285 2552 448 2616 admiratio
476 2560 507 2614 et
535 2552 691 2614 veneratio
715 2550 939 2632 sapientissimi
965 2551 1098 2633 Opificis.
1145 2553 1230 2616 Nihil
1259 2552 1338 2614 enim
1361 2559 1410 2613 est
1434 2551 1472 2613 ab

128 2641 208 2704 oculis
230 2641 267 2704 ad
290 2650 435 2716 mentem,
461 2662 480 2703 a
503 2640 569 2702 visu
593 2642 631 2702 ad
656 2641 954 2721 contemplationem,
980 2662 998 2703 a
1022 2661 1108 2704 cursu
1135 2641 1314 2724 aspectabili
1337 2639 1377 2702 ad
1399 2658 1471 2721 pro·

129 2729 319 2793 fundissimnm
343 2728 498 2795 Creatoris
522 2728 680 2793 consilium
702 2732 909 2809 processisse:
939 2733 963 2794 si
987 2729 1035 2792 bic
1060 2730 1213 2810 quiescere
1238 2730 1329 2804 velis,
1359 2735 1392 2790 et
1414 2747 1472 2790 non

128 2837 176 2882 mo
196 2820 306 2901 impetn
333 2827 457 2900 totaque
486 2818 578 2882 animi
602 2818 762 2880 devotione
787 2838 904 2882 sursum
927 2821 956 2882 in
982 2818 1138 2882 Creatoris
1161 2819 1317 2893 notitiam,
1342 2835 1474 2878 amorem

128 2908 280 2989 cultumque
304 2910 438 2973 efferare.
477 2905 579 2979 Quare
602 2915 808 2970 santamente
833 2915 865 2970 et
888 2917 978 2987 grato
1001 2910 1100 2970 animo
1124 2927 1237 2970 mecum
1261 2903 1474 2986 perfectissimi

129 2997 215 3076 operis
236 2997 412 3061 Architecto
436 3004 609 3078 sequentem
633 2995 775 3078 hymnum
799 2997 912 3060 accine.

368 3173 448 3235 Jova
470 3171 564 3235 Sator
586 3173 708 3246 Mundi,
732 3181 925 3253 nostrumque
950 3182 1076 3237 aeterna
1097 3179 1252 3253 potestas,

326 3261 450 3334 Quanta
472 3268 526 3323 tua
549 3269 597 3324 est
621 3280 738 3324 ornnem
762 3263 924 3325 Terrarum
948 3265 1030 3326 fama
1052 3282 1107 3344 per
1130 3261 1256 3324 orbem?

327 3349 435 3413 Gloria
458 3357 572 3432 quanta
594 3357 649 3412 tna
672 3351 744 3412 est?
782 3350 868 3414 Coeli
892 3371 967 3431 quae
992 3351 1090 3414 didita
1113 3370 1204 3432 supra

327 3439 449 3502 Moenia
473 3439 626 3501 concussis
650 3439 735 3501 volat
758 3440 945 3503 admirabilis
969 3439 1036 3503 alis.

328 3527 480 3609 Agnoscit
502 3546 575 3608 puer
599 3536 630 3590 et
654 3536 757 3610 spreto
781 3538 867 3592 satur
889 3530 979 3592 ubere
1003 3529 1102 3592 balbis
1190 3585 1196 3596 .

327 3619 369 3679 'l'e
393 3617 528 3680 dictante
552 3617 643 3680 struit
665 3617 769 3680 valida
791 3626 970 3698 argumenta
993 3617 1132 3682 labellis:

327 3707 528 3787 Argumenta,
555 3705 660 3786 quibus
684 3707 816 3769 tumidus
839 3706 1031 3770 contunditur
1054 3705 1152 3768 hostis

328 3793 562 3875 Contemtorque
586 3795 644 3871 tui,
669 3803 701 3857 et
723 3803 890 3858 contemtor
909 3796 986 3876 juris
1010 3804 1043 3858 et
1066 3795 1173 3876 aequi:

327 3885 388 3947 Ast
410 3903 481 3963 ego,
507 3901 564 3963 qno
587 3885 707 3946 credam
731 3885 868 3964 spatioso
890 3885 1007 3948 Numen
1032 3886 1061 3946 in
1085 3885 1175 3956 orbs,

329 3972 498 4054 Suspiciam
522 3973 672 4035 attonitus
695 3973 775 4036 rasti
800 3974 955 4036 molimina
978 3974 1068 4046 coeli,

328 4062 432 4142 Magni
455 4079 530 4141 opus
554 4061 705 4135 Artificis,
729 4062 850 4124 validae
874 4061 1019 4124 miracula
1043 4064 1188 4134 dextrae3

330 4147 467 4232 Quinque
491 4149 692 4213 nti'sidereos
717 4151 829 4214 normis
853 4151 1027 4214 distinxeris
1053 4151 1157 4223 orbes,

331 4235 414 4310 Quos
436 4241 518 4302 intra
541 4238 658 4302 medius
682 4239 814 4320 lucisque
839 4240 1014 4321 animaeque
1039 4239 1176 4300 minister

331 4325 399 4399 Qua
421 4329 488 4408 lege
511 4327 627 4390 aeterni
651 4347 754 4391 cursus
778 4331 948 4392 moderetur
973 4329 1123 4400 habenas,

331 4415 414 4488 Quas
438 4415 543 4497 capiat
564 4417 684 4479 variata
707 4417 805 4492 vices,
831 4437 906 4499 quos
929 4417 1016 4480 Luna
1040 4417 1175 4492 labores,

333 4503 488 4587 Sparseris
510 4505 654 4568 immenso
679 4523 768 4586 quam
790 4507 920 4587 plurima
942 4506 1043 4568 sidera
1067 4525 1183 4585 campo.

375 4681 508 4744 Maxime
531 4681 637 4743 Mundi
661 4681 787 4763 Opiter,
812 4689 926 4762 quate
950 4681 1065 4744 ratione
1090 4679 1191 4760 coegit

334 4769 462 4847 Parrus,
488 4770 588 4854 inops,
612 4770 746 4848 humilis,
771 4779 892 4856 tamque
917 4770 1044 4852 exiguae
1068 4768 1166 4830 incola
1189 4763 1295 4845 glebas
