3698 5516
354 297 421 370 244
898 295 1020 364 Aedem·
1037 293 1161 358 masau

355 459 554 544 hypotheses,
579 455 643 518 sine
667 453 807 517 veritatis
830 441 1024 516 necessitate.
1072 451 1115 514 At
1143 451 1296 515 enimvero
1324 469 1378 512 nec
1407 452 1464 514 hoc
1491 451 1612 532 quidem
1636 449 1719 513 Urso

356 549 454 624 facilc,
479 546 595 620 talium,
621 543 725 623 quales
749 542 814 623 ipse
836 541 996 616 describit,
1023 541 1134 602 formas
1157 539 1302 622 plurimas
1326 539 1504 620 confingere.
1550 539 1634 602 Nam
1659 537 1718 599 etsi

355 655 413 700 non
445 642 546 704 curat,
578 650 707 694 veraens
739 633 815 706 sint,
849 631 914 692 vult
936 639 1037 692 tamen
1067 637 1100 690 ut
1131 634 1360 709 repraesentent
1387 629 1535 692 calculum
1563 633 1718 688 motuum:

354 725 433 806 quod
451 742 510 786 nou
533 721 627 784 cnivis
651 719 757 782 obvias
781 730 814 781 et
835 719 959 782 fictitiae
983 718 1144 799 hypothesi
1168 717 1326 796 contingit.

445 810 583 891 Septimo
607 809 744 870 sufficere
768 807 821 880 ait,
845 817 878 869 ut
901 807 1085 890 hypotheses
1101 805 1280 868 coelestium
1294 813 1427 868 motuum
1450 804 1567 866 calculo
1586 821 1719 883 respon-

356 902 459 975 deant,
483 899 556 962 licet
578 917 636 960 nou
659 897 733 976 ipsis
757 896 897 960 motibus.
944 895 1083 956 Mirabile
1107 896 1225 975 dogma,
1250 893 1397 974 siquidem
1420 911 1505 955 mens
1518 893 1593 955 Ursi
1614 911 1654 954 ex
1671 891 1721 953 his

355 989 456 1051 verbis
480 987 597 1050 censeri
621 986 722 1048 debet.
769 983 849 1056 Quid
873 992 923 1046 est
945 983 1050 1062 igitur,
1075 983 1168 1060 Urse,
1197 982 1351 1044 calculus?
1398 979 1432 1044 Si
1456 981 1552 1044 bonus
1576 989 1629 1042 est
1651 981 1720 1043 cal-

354 1077 439 1140 cnlus
478 1075 507 1138 h.
532 1094 560 1136 e.
588 1074 748 1136 methodus
777 1072 971 1153 computandi
1011 1071 1079 1132 loca
1111 1072 1257 1144 siderum,
1296 1079 1367 1132 tunc
1400 1087 1473 1132 sane
1506 1071 1642 1132 motibus
1671 1077 1723 1130 est

355 1181 504 1230 consonus
528 1171 560 1225 st
583 1181 621 1224 ex
644 1161 804 1244 hypothesi
827 1161 1002 1234 exstruitur,
1027 1178 1102 1240 quae
1126 1160 1230 1222 itidem
1254 1166 1303 1220 est
1325 1157 1456 1221 motibus
1478 1177 1623 1221 consona.
1664 1156 1720 1220 Sin

356 1255 423 1335 quis
447 1252 581 1315 calculus
604 1259 704 1314 motus
727 1269 785 1312 non
809 1255 1032 1329 repraesentat,
1067 1267 1161 1329 aeque
1190 1247 1286 1308 fallax
1308 1247 1437 1310 habetur
1464 1263 1500 1309 ac
1532 1246 1722 1331 hypotheses

356 1341 525 1422 exquibus
549 1339 752 1402 derivabatur.
798 1339 849 1400 Ita
877 1338 904 1399 si
927 1336 1013 1398 nobis
1042 1337 1084 1399 nil
1112 1355 1202 1399 curae
1225 1344 1288 1412 est,
1322 1343 1420 1398 utrum
1451 1335 1559 1416 aliquis
1583 1333 1721 1397 calculus

356 1431 486 1493 motibus
510 1427 701 1509 respondeat,
726 1425 800 1488 nihil
819 1445 892 1488 sane
915 1424 1052 1504 impedit,
1077 1445 1135 1506 quo
1158 1425 1254 1487 minus
1276 1425 1423 1506 plurimas
1445 1425 1594 1506 fingamus
1618 1425 1720 1506 hypo-

354 1518 475 1593 theses,
509 1517 589 1597 quod
621 1515 679 1578 sibi
712 1514 800 1577 facile
834 1515 997 1576 dictitabat
1024 1514 1140 1590 Ursus,
1174 1513 1360 1594 totidemque
1391 1513 1574 1576 calculomm
1604 1513 1721 1574 formas

355 1606 589 1680 constituamus,
613 1603 741 1666 vitiosas
764 1621 871 1683 nempe
896 1611 927 1664 et
950 1624 969 1664 a
991 1603 1076 1664 coelo
1100 1603 1249 1665 dissonas.
1296 1603 1399 1664 Macte
1425 1603 1500 1664 Urse
1524 1603 1584 1665 hac
1606 1603 1720 1664 inven-

354 1696 470 1758 tionum
488 1693 638 1756 ubertate.
686 1693 800 1754 Forsan
826 1691 937 1754 ethos
961 1693 1037 1770 agis,
1062 1700 1096 1753 ut
1119 1690 1303 1772 hypotheses
1326 1690 1356 1751 in
1373 1691 1456 1752 solas
1471 1691 1593 1752 scholas
1613 1699 1719 1752 astro-

358 1783 492 1846 nomicas
526 1781 701 1855 concludas,
735 1788 770 1843 ut
797 1797 921 1860 quarum
950 1799 1020 1841 usus
1048 1779 1077 1841 in
1107 1779 1163 1841 hoc
1194 1781 1258 1842 solo
1282 1778 1445 1858 consistat,
1478 1786 1512 1841 ut
1538 1787 1722 1859 praeceptor

356 1878 505 1934 monstret
527 1869 673 1948 discipulo
697 1869 726 1930 in
751 1868 952 1930 delineatione
976 1867 1180 1950 hypothetica,
1205 1886 1281 1947 quas
1305 1867 1343 1928 oh
1357 1887 1467 1930 causas
1490 1867 1719 1948 singulaprae-

356 1967 447 2041 cepta
469 1959 500 2021 in
524 1957 711 2021 calculandis
734 1955 918 2019 coelestibus
952 1956 1082 2018 motibus
1106 1957 1268 2018 observare
1297 1953 1417 2020 debeat.
1464 1954 1525 2026 Qui
1554 1975 1626 2017 naus
1660 1955 1721 2016 etsi

357 2067 416 2110 non
440 2048 556 2110 alienus
580 2054 628 2108 est
651 2046 689 2106 ab
713 2045 941 2126 hypothesibus,
974 2044 1125 2125 posterior
1148 2053 1250 2107 tamen
1274 2053 1325 2106 est
1347 2052 1379 2106 et
1401 2045 1541 2108 inferiore
1557 2043 1721 2124 dignitatis

357 2136 485 2218 gradun
510 2134 643 2196 Primum
667 2133 799 2194 enimin
823 2132 1041 2215 hypothesibus
1065 2153 1163 2196 rerum
1188 2141 1327 2195 naturam
1351 2133 1555 2215 depingimus,
1584 2141 1659 2213 post
1682 2151 1721 2192 ex

357 2225 394 2286 iis
428 2223 575 2286 calculum
603 2221 785 2282 exstruimus
815 2222 843 2283 h.
868 2241 896 2282 e.
921 2230 1021 2283 motus
1046 2222 1304 2296 demonstramus,
1336 2221 1464 2302 denique
1488 2221 1621 2285 indidem
1645 2239 1722 2282 vera

357 2310 466 2373 calculi
489 2317 653 2390 praecepta
676 2309 727 2370 via
748 2310 903 2388 reciproca
926 2309 1112 2372 discentibus
1136 2311 1332 2389 explicamus.

446 2397 565 2460 Octavo
588 2398 630 2459 nil
653 2404 742 2476 putat
770 2398 890 2460 officere
920 2417 1025 2459 sacras
1055 2399 1159 2460 literas
1187 2398 1405 2479 hypothesibus
1429 2396 1721 2460 contradicentibus.

358 2488 413 2561 Aa,
436 2505 511 2567 quas
534 2487 599 2566 ipse
618 2486 718 2566 jactat
741 2485 935 2568 hypotheses,
959 2505 997 2547 ex
1021 2485 1169 2566 scriptura
1192 2505 1225 2547 se
1244 2488 1470 2549 demonstrasse
1486 2494 1586 2566 putat.
1629 2482 1722 2555 Quod

358 2576 384 2638 si
397 2575 549 2655 proprium
573 2582 623 2635 est
644 2573 865 2656 hypothesium,
890 2581 923 2635 ut
947 2575 1008 2635 siut
1033 2574 1149 2636 salsae:
1174 2573 1359 2656 hypotheses
1384 2575 1447 2654 ipse
1467 2575 1567 2636 nullas
1582 2571 1720 2646 habebit,

357 2665 437 2744 quia,
462 2681 537 2744 quas
548 2664 659 2743 jactat,
684 2661 836 2724 infallibili
851 2661 1018 2741 scripturae
1043 2664 1225 2726 auctoritate
1242 2663 1373 2724 munitas
1388 2663 1552 2726 contendit.
1599 2662 1651 2723 Ita
1674 2660 1723 2722 sni

357 2753 452 2832 ipsius
475 2751 631 2814 immemor
654 2758 717 2824 est,
751 2749 780 2811 id
804 2750 901 2830 magis
918 2760 920 2765 “
936 2751 1028 2812 etiam
1058 2751 1089 2812 in
1120 2771 1155 2812 eo
1189 2750 1281 2830 quod,
1315 2769 1383 2813 cum
1411 2751 1563 2832 proprium
1593 2749 1726 2812 fecisset

357 2840 576 2924 hypotheseon,
600 2846 633 2901 ut
656 2839 717 2900 sint
740 2837 849 2911 falsae,
881 2839 1004 2900 undem
1027 2839 1150 2920 aequior
1173 2840 1355 2902 astronomis
1379 2839 1469 2902 licere
1493 2839 1601 2920 inquit,
1629 2836 1724 2900 effin-

355 2947 426 3010 gere
450 2927 635 3010 hypotheses
658 2927 722 2988 sive
746 2945 835 2988 veras
860 2927 924 2988 sive
949 2927 1057 2988 salsas.

446 3017 544 3080 Nono.
600 3015 686 3086 Quae
718 3016 755 3076 de
779 3015 916 3077 falsitate
944 3015 1155 3096 hypothesium
1184 3017 1452 3078 astronomicarum
1480 3015 1574 3088 dixit,
1613 3013 1660 3074 ait
1692 3013 1725 3073 in

357 3105 507 3185 plerisque
531 3104 600 3167 aliis
624 3103 770 3166 doctrinis
793 3103 866 3166 fleri.
914 3103 950 3164 Id
974 3103 1093 3182 quidem
1116 3104 1159 3180 fit,
1185 3104 1240 3165 sed
1264 3104 1342 3166 male
1367 3113 1399 3165 et
1419 3103 1457 3165 ab
1481 3101 1640 3183 imperitis,
1665 3119 1726 3163 nec

358 3211 460 3255 verum
486 3199 538 3254 aut
562 3192 688 3267 bonum,
714 3191 771 3253 nisi
794 3192 947 3254 rarissime
972 3201 1004 3254 et
1027 3192 1166 3267 fortuito,
1201 3191 1254 3253 sed
1278 3194 1388 3255 salsum
1413 3200 1443 3254 et
1466 3191 1615 3272 pemiciss
1635 3189 1725 3269 justo

360 3281 466 3341 ordine
495 3281 697 3359 consequitur.
746 3281 788 3342 Ut
816 3281 844 3341 in
869 3279 1034 3353 medicina,
1069 3280 1095 3341 si
1125 3289 1274 3360 quartana
1306 3281 1372 3360 quis
1401 3280 1518 3342 laboret
1550 3287 1581 3340 et
1611 3278 1726 3340 falsam

360 3367 438 3428 hanc
465 3367 645 3448 hypothesin
670 3368 825 3447 imperitus
848 3369 982 3430 medicus
1006 3369 1185 3449 conceperit,
1210 3389 1334 3431 causam
1359 3367 1451 3432 lebria
1470 3388 1538 3430 esse
1562 3367 1727 3446 asangui-

359 3455 406 3518 nis
429 3455 642 3529 redundantia,
665 3456 691 3517 is
715 3475 793 3518 vena
817 3465 902 3518 secta
924 3475 984 3518 non
1009 3476 1081 3518 sane
1097 3456 1213 3520 felicius
1232 3457 1347 3539 juverit
1363 3476 1495 3538 aegrum,
1522 3475 1611 3537 quam
1626 3455 1727 3518 Ursus

362 3563 400 3607 ex
424 3545 504 3606 salsa
528 3543 688 3624 hypothesi
711 3551 811 3606 motus
835 3547 985 3608 coelorum
1009 3545 1174 3625 colligeret.
1222 3545 1285 3608 Sed
1303 3545 1412 3608 Ursum
1435 3565 1490 3625 per
1512 3543 1654 3624 exempla
1669 3561 1729 3606 sus

361 3651 531 3713 sequamur.
579 3631 719 3711 Exempli
742 3651 869 3712 namque
893 3635 959 3695 loco
984 3635 1103 3712 regulas
1128 3634 1318 3713 algebraicas
1346 3634 1500 3713 producit,
1529 3634 1579 3695 ubi
1601 3632 1729 3712 ponitur

362 3722 397 3796 is,
422 3721 470 3799 qui
495 3720 648 3799 quaeritur
671 3739 819 3794 numerus,
843 3723 944 3783 valere
968 3721 1115 3783 unitatem
1139 3723 1254 3784 cossice
1270 3722 1504 3798 denominatam,
1529 3741 1596 3784 cum
1620 3727 1726 3782 umen

361 3809 387 3870 is
410 3827 468 3870 non
502 3807 542 3869 sit
564 3807 673 3870 unitas.
718 3809 766 3870 Ex
794 3811 850 3871 hac
881 3819 980 3872 tamen
1010 3810 1089 3872 falsa
1115 3812 1265 3890 positione
1297 3810 1328 3872 in
1358 3811 1560 3892 cognitionem
1582 3809 1728 3872 veritatis
1824 3877 1825 3880 Ἴ

363 3896 523 3975 perveniri.
570 3897 628 3968 Aa,
654 3915 672 3958 o
697 3897 790 3973 Urse,
814 3917 869 3960 nec
894 3899 1024 3978 quadrat
1047 3899 1215 3978 exemplum
1240 3918 1294 3960 nec
1317 3907 1399 3962 recte
1424 3901 1602 3980 explicatur.
1646 3895 1728 3960 Cum

362 3983 513 4045 nesciatur
544 4003 682 4046 numerus
715 3986 741 4046 is
776 4005 863 4065 quem
894 3987 1078 4067 quaerimus,
1116 3988 1251 4066 ignotum
1278 3987 1324 4049 illi
1352 4007 1458 4051 nomen
1492 3988 1599 4049 damus
1627 4005 1727 4067 eoque

363 4071 479 4133 nomine
508 4074 659 4153 pergimus
688 4074 725 4134 ad
756 4075 838 4153 leges
869 4075 1088 4154 praescriptas,
1123 4075 1218 4136 donec
1246 4083 1313 4137 arte
1336 4095 1442 4138 nomen
1467 4075 1498 4138 id
1521 4075 1609 4138 uobis
1632 4076 1726 4136 inno-

361 4167 470 4222 tescat.
516 4159 605 4232 Quod
628 4161 720 4241 igitur
742 4163 880 4242 ponimus
904 4165 1049 4225 unitatem
1074 4182 1140 4226 esse
1161 4164 1402 4238 denominatam,
1432 4166 1544 4226 salsum
1566 4183 1624 4226 non
1645 4162 1727 4224 dici-

361 4267 437 4310 mus.
485 4249 563 4310 Nam
593 4269 628 4311 eo
656 4251 739 4329 ipso,
775 4252 851 4331 quod
880 4270 987 4313 nomen
1017 4251 1138 4314 additur
1167 4253 1292 4327 unitati,
1322 4253 1454 4315 innuitur
1476 4263 1577 4316 certus
1602 4250 1727 4332 quidam

362 4354 510 4412 numems,
535 4338 671 4417 quernis
696 4339 746 4418 qui
769 4341 922 4419 quaeritur
944 4341 1037 4402 semel
1067 4341 1182 4402 valeat.
1228 4341 1286 4422 llic
1306 4359 1377 4421 ergo
1397 4342 1481 4403 nulla
1504 4341 1584 4404 lalsa
1597 4341 1726 4421 positio.

362 4427 408 4490 At
429 4427 459 4488 in
484 4425 692 4503 astronomicis
717 4428 932 4510 hypothesibus
955 4429 1030 4490 nihil
1053 4429 1160 4491 simile.
1206 4429 1306 4499 Quam
1326 4430 1403 4492 enim
1418 4431 1542 4511 quisque
1566 4429 1729 4510 profitetur

363 4513 558 4597 hypothesin,
590 4532 649 4576 non
678 4515 767 4578 aliter
794 4517 852 4578 nisi
876 4525 909 4578 ut
931 4525 1036 4580 notam
1065 4525 1097 4580 et
1120 4518 1308 4598 exploratam
1335 4519 1502 4599 profitetur.
1548 4519 1583 4580 In
1606 4517 1726 4598 regula,

307 4681 309 4684 .
362 4620 451 4683 quam
475 4602 543 4665 lalsi
569 4601 681 4675 dicunt,
705 4623 763 4684 quo
787 4605 884 4666 altero
908 4607 1044 4686 exemplo
1068 4615 1184 4686 pugnat
1198 4607 1303 4681 Ursus,
1328 4624 1386 4668 non
1415 4607 1475 4668 alio
1499 4624 1589 4687 quam
1605 4607 1728 4669 nomine

362 4691 484 4780 gloriari
507 4699 619 4771 potest.
667 4691 735 4753 lton
758 4692 838 4756 enim
859 4693 927 4755 ideo
952 4694 1047 4756 falsus
1071 4695 1180 4758 dicitur
1202 4713 1341 4757 numerus
1364 4697 1497 4774 positus,
1528 4697 1599 4776 quia
1620 4713 1729 4758 verum

362 4777 432 4842 inde
456 4780 601 4866 sequitur,
627 4779 706 4862 quod
729 4779 756 4844 si
779 4781 874 4860 lieret,
898 4801 957 4846 non
980 4783 1037 4847 hoc
1060 4783 1105 4846 illi
1126 4803 1235 4848 nomen
1258 4792 1360 4848 esset:
1384 4784 1440 4848 sed
1463 4782 1543 4863 ideo,
1568 4783 1641 4868 qaia
1664 4783 1727 4847 isl-
