3674 5528
675 271 709 332 'de
728 249 801 332 rebus
820 281 981 352 analogicis.
1443 282 1506 350 325

147 438 237 558 aig·
265 444 293 487 et
318 437 541 490 electionibus
559 437 668 490 statuis?
705 439 778 490 Multi
804 455 921 506 magnam
947 440 994 490 illls
1022 441 1161 495 efficaciam
1189 441 1318 520 tribuuntv
1345 443 1397 508 Ego
1422 450 1510 496 contra

212 522 234 556 o.

235 596 470 676 Keplerusr·
490 596 536 658 De
571 597 824 662 inclinationibus.
878 598 1125 673 Consideremus,
1158 601 1226 682 qnid
1261 601 1301 662 sit
1333 603 1506 666 inclinatio:

147 685 306 749 Inclinatio
336 693 384 748 est
403 686 586 765 promritudo
616 689 654 748 ad
680 696 792 752 certum
822 689 942 768 aliquod
973 689 1124 769 negotium
1153 691 1200 752 vel
1225 691 1383 766 affectum,
1413 702 1446 753 ut
1470 695 1508 754 ad

148 777 238 852 iram,
274 775 420 848 caedem,
455 774 566 836 furtum
591 777 643 838 irc.
690 777 789 838 Vides
813 779 851 840 ad
877 778 945 839 illas
975 778 1163 840 occasionem
1197 779 1320 858 requiri:
1354 800 1425 860 ergo
1450 802 1507 842 non

147 873 230 928 totae
255 865 295 926 ab
318 863 454 926 humore.
504 865 546 926 At
569 866 598 926 in
623 885 742 944 genere,
767 867 791 928 si
818 864 943 928 definias
967 867 1182 947 promtitudine
1202 868 1240 927 ad
1265 888 1312 930 res
1332 870 1506 932 melancho-

145 954 221 1016 licas
246 953 317 1025 fro„
347 952 427 1014 idern
451 971 504 1033 per
527 953 606 1015 idem
630 953 816 1036 explicatum
856 955 927 1016 nihil
961 975 1066 1035 nempe
1100 955 1172 1017 fiunt
1196 956 1293 1026 aliud,
1330 977 1418 1038 quarn
1441 959 1507 1038 ipse

146 1043 264 1104 humor.
311 1040 468 1104 Austriaci
492 1042 612 1104 dicunt:
648 1043 712 1106 Das
735 1043 863 1105 istacin
888 1045 1011 1107 Humor.
1054 1043 1169 1106 Humor
1194 1045 1303 1106 transit
1328 1067 1346 1107 a
1368 1048 1505 1126 parenti·
1538 1119 1540 1126 ‚

146 1135 211 1206 bus,
238 1130 436 1210 implantatur
459 1129 733 1212 imaginationibus,
757 1134 896 1212 provenit
910 1133 1000 1194 certis
1015 1133 1100 1206 loeis,
1125 1141 1252 1214 augetur
1266 1135 1355 1210 victu,
1381 1144 1415 1197 at
1434 1145 1505 1198 tan-

145 1221 301 1282 tummodo
325 1219 522 1283 materialiter
545 1229 577 1283 et
600 1221 696 1302 magis
718 1221 950 1301 particulariter.
999 1223 1095 1284 Astra
1112 1241 1182 1282 uero
1202 1242 1309 1284 revera
1328 1233 1506 1287 concurrunt

145 1308 202 1371 sub
227 1308 434 1389 generationis
459 1309 574 1372 formali
598 1311 725 1372 ratione.
772 1311 852 1374 Nam
882 1311 907 1372 si
933 1311 995 1372 vita
1028 1310 1155 1373 hominis
1181 1312 1248 1372 fusa
1280 1312 1320 1373 sit
1344 1313 1443 1376 Marte
1477 1313 1507 1374 iu

145 1407 216 1460 ortu
239 1404 393 1473 versante,
419 1397 547 1462 facultas
572 1399 684 1475 vitalis,
708 1410 829 1480 recepto
846 1401 901 1461 hoo
921 1400 1106 1471 charactere,
1132 1401 1241 1461 format
1258 1401 1411 1462 consimile
1435 1421 1504 1463 cor·-

145 1508 202 1566 pus
228 1499 260 1549 et
282 1486 454 1560 humorem3
486 1481 670 1550 nontamen
695 1497 727 1550 ut
754 1490 874 1568 penitus
898 1489 981 1550 eluat
1004 1498 1159 1568 acceptum
1184 1489 1414 1567 aparentibus,
1441 1491 1505 1564 sed,

145 1576 383 1657 qualemcunque
412 1574 453 1636 sit
482 1585 587 1650 nacta,
621 1577 747 1640 inflectit
777 1586 809 1639 et
833 1585 920 1657 aptat
951 1578 988 1637 ad
1013 1578 1173 1638 coelestem
1198 1578 1412 1640 characterem.
1432 1603 1442 1620 ·
1459 1579 1505 1640 Tu

145 1673 232 1726 astra
256 1663 367 1744 insigni
391 1673 477 1744 parte
497 1665 583 1745 ponis
604 1665 846 1728 exordinatione
866 1665 982 1740 divina3
1007 1685 1062 1745 ego
1087 1665 1196 1746 insigni
1219 1676 1306 1745 parte
1331 1688 1368 1728 ex
1395 1667 1504 1747 imagi-

145 1754 290 1826 natione,
315 1753 524 1832 impressione,
550 1754 736 1835 receptione,
765 1755 942 1816 formatione
967 1754 1144 1817 facultatum
1165 1753 1349 1830 animalium,
1374 1756 1504 1817 indidem

144 1841 338 1918 ordinatione
363 1841 473 1904 divina.
521 1841 665 1918 Quaeris,
695 1862 746 1908 cur
770 1862 827 1905 non
852 1845 879 1904 in
909 1863 1017 1923 corpus
1042 1843 1247 1926 imprimatur?
1295 1841 1375 1914 Quia
1397 1863 1504 1925 corpus

145 1930 307 1993 materiale
340 1939 371 1992 et
400 1931 531 1993 crassius
564 1941 620 1993 est.
668 1933 780 2011 Figura
809 1933 884 1994 coeli
919 1939 1039 1993 constat
1068 1931 1233 1995 rationibus
1261 1932 1440 1994 harmonicis
1474 1941 1505 1994 et

145 2017 399 2099 intelligibilibus.
447 2017 532 2100 Opus
556 2021 647 2100 igitur
670 2019 712 2082 illi
738 2021 884 2085 consimili
909 2021 1054 2099 subjecto,
1080 2021 1127 2083 cui
1162 2021 1362 2102 irnprimatur·;
1396 2022 1426 2083 id
1458 2030 1505 2083 est

146 2109 278 2172 facultas
303 2107 440 2170 animalis
464 2108 522 2172 luci
546 2118 578 2172 et
602 2109 764 2173 harmoniis
789 2119 927 2189 cognata.

238 2197 567 2277 Interrogationes
591 2199 717 2261 damnas
742 2208 775 2260 ut
799 2217 872 2278 opus
888 2197 999 2259 liber'ae
1015 2198 1188 2260 voluntatis.
1237 2199 1319 2260 Nota
1335 2199 1410 2261 harro
1426 2219 1501 2260 cau-

145 2307 227 2360 sam,
263 2305 319 2349 nec
343 2305 472 2366 unquam
496 2295 603 2350 contra
624 2289 702 2350 hanc
727 2287 837 2362 facies;
871 2287 914 2349 sic
938 2305 1053 2348 mecum
1076 2287 1164 2367 plane
1190 2287 1291 2348 facies.
1334 2287 1504 2349 Electic-

147 2393 377 2452 nesterone
409 2375 439 2437 in
463 2377 588 2438 eundem
612 2396 732 2439 censum
762 2376 915 2456 conjicies.
963 2373 1079 2456 Scripsi
1106 2375 1203 2436 dalis
1236 2387 1337 2437 antea.
1384 2377 1429 2438 De
1455 2377 1503 2437 irr-

145 2463 305 2543 gressibus
330 2470 361 2525 et
384 2465 587 2527 lunationibus
610 2467 677 2530 vide
702 2485 799 2528 meam
822 2464 1129 2527 dissertatiunculam.

218 2552 430 2602 Fabricius:
459 2552 606 2616 Quaeritur,
631 2569 663 2604 au
681 2553 837 2618 planetarum
856 2555 920 2603 vires
939 2552 970 2602 ab
989 2552 1039 2602 alie
1057 2552 1130 2602 stella
1149 2553 1235 2616 augeri
1252 2552 1290 2602 vel
1309 2553 1429 2602 debilitari
1449 2561 1504 2617 pos·
1552 2558 1554 2562 ’

147 2621 220 2672 siuti
257 2621 339 2672 Credo
358 2638 442 2673 omnes
461 2624 546 2675 stelles
565 2631 590 2675 et
608 2625 722 2688 planetas
742 2641 796 2676 esse
816 2625 922 2684 calidas,
949 2629 975 2673 et
993 2622 1085 2673 nullum
1103 2623 1218 2688 frigidum
1236 2624 1274 2672 rel
1293 2623 1419 2673 humidum
1439 2639 1503 2681 esse,

146 2695 191 2745 sed
211 2699 284 2745 esna
301 2695 397 2744 ratione
416 2697 538 2759 respicere
557 2696 665 2760 aliquam
682 2696 828 2761 qualitatem
852 2698 879 2745 iu
898 2696 1089 2746 elementaribus
1107 2694 1191 2752 rebus,
1221 2707 1294 2757 quern
1313 2695 1400 2744 astreli
1418 2697 1441 2743 ri
1461 2709 1503 2744 ex·

146 2767 211 2816 citet
228 2773 256 2816 et
274 2766 377 2822 animm
395 2773 424 2816 ut
441 2768 564 2831 quaedam
583 2768 683 2828 herbae,
703 2783 767 2832 quae
786 2767 868 2818 Solem
887 2767 1028 2830 respiciunt,
1047 2763 1170 2829 quaedam
1185 2763 1274 2816 Lunae
1292 2771 1386 2814 ructum
1404 2766 1503 2816 imitan-

145 2844 186 2888 tur
206 2842 233 2886 et
251 2843 379 2886 mutantur
396 2838 480 2901 quovis
497 2853 590 2895 mense,
621 2844 649 2887 nt
667 2845 693 2888 et
711 2837 774 2902 lapis
793 2839 924 2888 selenites:
948 2837 1048 2887 minime
1067 2835 1199 2886 absurdum
1217 2837 1279 2896 erit,
1306 2833 1401 2886 calidas
1417 2836 1504 2886 stellas
1546 2852 1550 2860 ¹

146 2909 260 2956 excitare
281 2913 326 2956 snt
342 2915 459 2972 segetare
478 2908 634 2973 qualitatem,
663 2925 719 2958 curn
737 2911 763 2959 iu
780 2909 906 2959 medicine
923 2909 1049 2958 rideamus
1068 2907 1150 2957 calida
1180 2919 1254 2969 saepe
1274 2907 1384 2955 animare
1403 2907 1503 2971 frigidos

146 2979 272 3028 humores.
309 2976 336 3028 Si
359 2993 421 3042 quas
439 2994 543 3044 geneses
562 2994 618 3030 curn
636 2980 806 3032 accidentibus
824 2979 947 3030 nonnullis
966 2979 1101 3044 collegeris.
1122 2990 1213 3042 quaeso
1232 2977 1291 3026 mihi
1311 2977 1365 3026 illas
1385 2977 1416 3026 ad
1436 2991 1502 3025 corn·

146 3061 223 3098 mnne
247 3050 338 3098 bonurn
362 3052 552 3113 promovendum
575 3053 748 3102 eommunices.
785 3051 892 3115 'l'empus
916 3051 1000 3100 mortis
1019 3049 1127 3099 Gardsui
1155 3050 1217 3098 seire
1242 3048 1361 3098 desidero.
1405 3048 1504 3098 Fratres

146 3120 179 3170 de
197 3119 400 3182 Bru-ediderunt
417 3121 491 3172 libros
510 3123 604 3186 aliquot
620 3125 719 3174 iconum
737 3123 864 3172 doctorum
891 3123 1010 3176 virorum.
1040 3121 1064 3169 iu
1083 3119 1131 3168 illis
1159 3120 1221 3168 forte
1240 3127 1336 3182 tempus
1354 3119 1501 3170 invenietur.

238 3191 445 3270 Kepl‘erus:
481 3192 538 3254 Vis
562 3193 644 3256 Solis
668 3196 706 3256 ad
730 3213 786 3255 nos
810 3193 951 3254 debiliter
973 3193 1124 3271 pervenit,
1149 3209 1215 3252 curn
1239 3192 1265 3253 is
1289 3190 1413 3251 declivis
1437 3198 1502 3264 est;

145 3279 194 3342 ris
220 3278 340 3360 quidem
372 3280 453 3359 prior
483 3281 537 3344 ilia
566 3283 594 3344 iu
619 3303 687 3346 ruea
718 3281 991 3344 dissertatiuncula.
1042 3281 1097 3342 Vis
1122 3279 1246 3341 Saturni
1269 3280 1368 3353 altare
1398 3279 1452 3340 illa
1475 3279 1504 3340 in

145 3387 218 3432 mea
240 3368 508 3436 dissertatiuncula
532 3371 672 3434 debiliter
697 3372 734 3432 ad
759 3391 813 3432 nos
837 3371 983 3450 pervenit,
1008 3388 1074 3430 cunr
1089 3387 1156 3442 nou,
1183 3369 1230 3428 vel
1254 3387 1321 3430 cunr
1344 3365 1413 3434 laxe
1430 3387 1503 3428 corr-
1537 3443 1544 3456 .

146 3459 296 3537 liguratur
320 3458 393 3520 locis
416 3458 591 3538 insignibus.
639 3461 683 3524 Ut
706 3461 834 3522 alterum
858 3459 936 3520 alter
960 3466 1122 3537 oppugnat,
1148 3458 1227 3518 alter
1241 3457 1305 3519 fieri
1320 3476 1377 3518 uon
1392 3465 1505 3535 potest,

147 3545 208 3608 nisi
230 3554 267 3607 ut
290 3545 396 3608 fortius
420 3547 515 3610 altero
532 3547 568 3626 ¹iu
594 3550 671 3611 idern
696 3549 864 3628 subjectum
888 3557 1028 3626 operetur
1052 3564 1225 3626 quocunque
1244 3545 1388 3625 operandi
1407 3545 1505 3606 modo.
1551 3604 1554 3609 .

238 3635 362 3697 Nullam
387 3634 526 3716 frigidam
549 3638 669 3700 stellam
685 3637 824 3698 absolute
840 3635 1026 3698 crediderim.
1074 3635 1156 3714 Lege
1176 3653 1274 3694 meam
1290 3633 1505 3695 dissertatiun-

147 3723 259 3784 culam.
308 3725 336 3784 A
360 3723 449 3785 simili
473 3744 545 3788 vero
569 3745 628 3786 uon
652 3726 727 3787 bene
753 3724 863 3788 videris
888 3724 1099 3804 argumentari,
1126 3723 1271 3803 quomodo
1296 3722 1396 3784 calida
1412 3721 1505 3800 frigus

147 3811 294 3874 efficiant.
341 3811 421 3874 Nam
444 3813 474 3873 iu
498 3815 648 3876 medicina
671 3833 737 3876 eum
761 3814 817 3876 hoc
840 3815 883 3884 fit,
912 3832 1006 3874 eausa
1029 3811 1182 3892 quaeritur
1206 3823 1236 3872 et
1260 3811 1433 3890 plerumque
1457 3809 1505 3871 irr-

147 3899 279 3962 venitur.
328 3898 500 3964 Consimilis
525 3903 585 3965 erit
608 3904 644 3964 de
669 3903 760 3965 astris
777 3903 930 3964 reddenda
954 3910 1008 3962 aut
1021 3901 1204 3963 claudicabit
1225 3899 1398 3962 similitudo.
1436 3899 1506 3960 Fri-

147 4007 206 4068 gus
228 3999 331 4051 tamen
356 4000 491 4053 nostrum
522 4011 607 4053 omne
632 4012 650 4052 a
673 3992 802 4053 materia
825 4010 893 4052 esse
916 3999 1005 4069 puto,
1039 3999 1121 4050 certe
1156 3988 1301 4063 hiemale,
1334 4007 1402 4048 cum
1425 3988 1507 4048 calor
1557 4043 1561 4072 ΙΙ
1602 3995 1605 4000 “

148 4077 231 4143 Solis
255 4098 311 4140 uos
335 4078 458 4141 deserit.
504 4079 603 4142 Nocte
635 4081 761 4142 brumali
791 4081 873 4144 altae
898 4079 991 4144 aedes
1016 4099 1035 4140 a
1060 4077 1170 4156 frigore
1199 4083 1320 4137 tuentur
1344 4077 1507 4138 avertendo
1571 4095 1572 4098 ¹

149 4167 304 4240 ventulos,
338 4167 496 4230 retinendo
520 4177 620 4231 aerem
643 4169 824 4231 haliruosum
859 4188 894 4230 ne
919 4165 1103 4247 coaguletur.
1154 4165 1234 4226 ldenr
1264 4165 1357 4225 nubes
1382 4164 1505 4226 faciunt.

147 4255 254 4320 Hieme
283 4257 381 4336 frigus
409 4256 496 4318 uobis
524 4258 851 4338 proximum,-aestate
881 4257 1024 4318 remotius
1057 4265 1090 4316 et
1113 4254 1203 4316 altius
1237 4253 1274 4314 ob
1298 4252 1507 4334 profundiores
1552 4283 1557 4299 ν

147 4344 277 4420 halitus,
311 4345 424 4408 caloris
448 4344 531 4408 Solis
555 4347 691 4409 comites.
739 4346 851 4425 Frigidi
885 4345 994 4406 aestivi
1028 4345 1093 4406 dies
1126 4364 1145 4403 a
1169 4342 1282 4422 pluviis
1310 4353 1341 4403 et
1370 4342 1507 4403 diuturna

149 4431 228 4498 Solis
251 4434 469 4509 occultatione,
496 4455 514 4495 a
537 4436 644 4505 ventis,
669 4435 719 4516 qui
743 4455 781 4496 err
805 4434 914 4513 frigida
937 4433 1067 4512 regione,
1093 4454 1112 4493 a
1127 4430 1226 4493 tenaci
1250 4439 1281 4492 et
1298 4429 1422 4509 limpida
1440 4445 1505 4487 ma-

150 4523 231 4595 teria,
256 4544 333 4606 quae
359 4523 594 4603 pulcherrimam
619 4525 711 4585 efficit
734 4523 942 4591 serenitatem,
968 4523 1021 4583 sed
1041 4530 1143 4582 tarnerr
1168 4519 1338 4580 claritatem
1358 4513 1505 4595 perstriu-

149 4612 200 4692 git,
223 4616 357 4677 calorem
381 4611 505 4684 minuit,
529 4613 627 4692 qualis
651 4604 714 4674 suh
729 4607 879 4686 amicaslj
905 4609 976 4682 esc
1001 4608 1253 4690 configurationes
1277 4628 1296 4666 a
1314 4624 1361 4665 me
1386 4601 1507 4679 saepius

149 4703 359 4767 animadversa
385 4711 448 4762 est.
999 4719 1005 4726 ·
