<?xml version="1.0" encoding="UTF-8"?>
<!DOCTYPE html PUBLIC "-//W3C//DTD XHTML 1.0 Transitional//EN"
    "http://www.w3.org/TR/xhtml1/DTD/xhtml1-transitional.dtd">
<html xmlns="http://www.w3.org/1999/xhtml" xml:lang="en" lang="en">
 <head>
  <title>
</title>
<meta http-equiv="Content-Type" content="text/html;charset=utf-8" />
  <meta name='ocr-system' content='tesseract 3.04.00' />
  <meta name='ocr-capabilities' content='ocr_page ocr_carea ocr_par ocr_line ocrx_word'/>
</head>
<body>
  <div class='ocr_page' id='page_1' title='image "./joanniskepleria22frisgoog_0246.png"; bbox 0 0 3628 5518; ppageno 0'>
   <div class='ocr_carea' id='block_1_1' title="bbox 763 272 1558 370">
    <p class='ocr_par' dir='ltr' id='par_1_1' title="bbox 763 272 1558 370">
     <span class='ocr_line' id='line_1_1' title="bbox 763 272 1558 370; baseline 0.004 -27"><span class='ocrx_word' id='word_1_1' title='bbox 763 272 765 276; x_wconf 81' lang='grc'><strong>’</strong></span> <span class='ocrx_word' id='word_1_2' title='bbox 800 279 963 370; x_wconf 65' lang='lat' dir='ltr'><strong>uocum</strong></span> <span class='ocrx_word' id='word_1_3' title='bbox 1490 280 1558 346; x_wconf 84' lang='lat' dir='ltr'><strong>ate</strong></span> 
     </span>
    </p>
   </div>
   <div class='ocr_carea' id='block_1_2' title="bbox 178 432 1561 955">
    <p class='ocr_par' dir='ltr' id='par_1_2' title="bbox 178 432 1561 955">
     <span class='ocr_line' id='line_1_2' title="bbox 178 432 1561 522; baseline 0.009 -28"><span class='ocrx_word' id='word_1_4' title='bbox 178 432 249 495; x_wconf 87' lang='lat' dir='ltr'><strong>tiae.</strong></span> <span class='ocrx_word' id='word_1_5' title='bbox 304 433 391 498; x_wconf 83' lang='lat' dir='ltr'><strong>Nam</strong></span> <span class='ocrx_word' id='word_1_6' title='bbox 427 456 473 500; x_wconf 87' lang='lat' dir='ltr'><strong>ex</strong></span> <span class='ocrx_word' id='word_1_7' title='bbox 507 439 694 504; x_wconf 73' lang='lat' dir='ltr'><strong>correctione</strong></span> <span class='ocrx_word' id='word_1_8' title='bbox 727 440 940 504; x_wconf 73' lang='lat' dir='ltr'><strong>distantiarum</strong></span> <span class='ocrx_word' id='word_1_9' title='bbox 976 460 1032 521; x_wconf 89' lang='lat' dir='ltr'><strong>per</strong></span> <span class='ocrx_word' id='word_1_10' title='bbox 1067 459 1194 521; x_wconf 90' lang='lat' dir='ltr'><strong>corpora</strong></span> <span class='ocrx_word' id='word_1_11' title='bbox 1224 440 1359 522; x_wconf 87' lang='lat' dir='ltr'><strong>sequitur</strong></span> <span class='ocrx_word' id='word_1_12' title='bbox 1390 440 1561 506; x_wconf 80' lang='lat' dir='ltr'><strong>differentis</strong></span> 
     </span>
     <span class='ocr_line' id='line_1_3' title="bbox 182 522 1559 609; baseline 0.007 -26"><span class='ocrx_word' id='word_1_13' title='bbox 182 522 516 603; x_wconf 85' lang='lat' dir='ltr'><strong>prosthaphaeresium</strong></span> <span class='ocrx_word' id='word_1_14' title='bbox 545 544 745 608; x_wconf 86' lang='lat' dir='ltr'><strong>apogaeorunr</strong></span> <span class='ocrx_word' id='word_1_15' title='bbox 773 547 830 590; x_wconf 88' lang='lat' dir='ltr'><strong>nou</strong></span> <span class='ocrx_word' id='word_1_16' title='bbox 859 531 969 609; x_wconf 86' lang='lat' dir='ltr'><strong>major,</strong></span> <span class='ocrx_word' id='word_1_17' title='bbox 1004 547 1093 609; x_wconf 89' lang='lat' dir='ltr'><strong>quam</strong></span> <span class='ocrx_word' id='word_1_18' title='bbox 1119 531 1150 591; x_wconf 95' lang='lat' dir='ltr'><strong>in</strong></span> <span class='ocrx_word' id='word_1_19' title='bbox 1178 527 1198 606; x_wconf 75' lang='lat' dir='ltr'><strong>i]</strong></span> <span class='ocrx_word' id='word_1_20' title='bbox 1231 529 1295 606; x_wconf 74' lang='lat' dir='ltr'><strong>li‘,</strong></span> <span class='ocrx_word' id='word_1_21' title='bbox 1325 529 1355 590; x_wconf 89' lang='lat' dir='ltr'><strong>in</strong></span> <span class='ocrx_word' id='word_1_22' title='bbox 1377 529 1408 603; x_wconf 72' lang='grc' dir='ltr'><strong>ιι</strong></span> <span class='ocrx_word' id='word_1_23' title='bbox 1431 527 1501 602; x_wconf 73' lang='lat'><strong>25‘,</strong></span> <span class='ocrx_word' id='word_1_24' title='bbox 1529 531 1559 592; x_wconf 93' lang='lat' dir='ltr'><strong>iu</strong></span> 
     </span>
     <span class='ocr_line' id='line_1_4' title="bbox 186 605 1558 700; baseline 0.004 -26"><span class='ocrx_word' id='word_1_25' title='bbox 186 605 346 686; x_wconf 62' lang='lat'><strong>61045‘,</strong></span> <span class='ocrx_word' id='word_1_26' title='bbox 370 613 403 676; x_wconf 91' lang='lat' dir='ltr'><strong>in</strong></span> <span class='ocrx_word' id='word_1_27' title='bbox 431 615 459 689; x_wconf 73' lang='grc' dir='ltr'><strong>Ω</strong></span> <span class='ocrx_word' id='word_1_28' title='bbox 490 613 537 692; x_wconf 78' lang='lat'><strong>1⁰,</strong></span> <span class='ocrx_word' id='word_1_29' title='bbox 563 615 597 679; x_wconf 86' lang='lat' dir='ltr'><strong>iri</strong></span> <span class='ocrx_word' id='word_1_30' title='bbox 616 617 638 693; x_wconf 65' lang='lat' dir='ltr'><strong>tt</strong></span> <span class='ocrx_word' id='word_1_31' title='bbox 659 613 724 678; x_wconf 84' lang='lat' dir='ltr'><strong>ir.</strong></span> <span class='ocrx_word' id='word_1_32' title='bbox 772 617 864 679; x_wconf 89' lang='lat' dir='ltr'><strong>Plura</strong></span> <span class='ocrx_word' id='word_1_33' title='bbox 887 635 952 679; x_wconf 52' lang='lat' dir='ltr'><strong>nou*</strong></span> <span class='ocrx_word' id='word_1_34' title='bbox 970 619 1078 694; x_wconf 87' lang='lat' dir='ltr'><strong>scribo,</strong></span> <span class='ocrx_word' id='word_1_35' title='bbox 1099 619 1244 697; x_wconf 89' lang='lat' dir='ltr'><strong>judicium</strong></span> <span class='ocrx_word' id='word_1_36' title='bbox 1267 627 1349 681; x_wconf 85' lang='lat' dir='ltr'><strong>tuum</strong></span> <span class='ocrx_word' id='word_1_37' title='bbox 1368 625 1558 700; x_wconf 86' lang='lat' dir='ltr'><strong>exspectans,</strong></span> 
     </span>
     <span class='ocr_line' id='line_1_5' title="bbox 188 701 1560 788; baseline 0.006 -26"><span class='ocrx_word' id='word_1_38' title='bbox 188 701 262 782; x_wconf 91' lang='lat' dir='ltr'><strong>quod</strong></span> <span class='ocrx_word' id='word_1_39' title='bbox 287 721 347 762; x_wconf 93' lang='lat' dir='ltr'><strong>non</strong></span> <span class='ocrx_word' id='word_1_40' title='bbox 373 705 562 782; x_wconf 79' lang='lat' dir='ltr'><strong>gravaberis</strong></span> <span class='ocrx_word' id='word_1_41' title='bbox 586 705 765 784; x_wconf 86' lang='lat' dir='ltr'><strong>ingratiam</strong></span> <span class='ocrx_word' id='word_1_42' title='bbox 789 708 857 769; x_wconf 90' lang='lat' dir='ltr'><strong>uob.</strong></span> <span class='ocrx_word' id='word_1_43' title='bbox 875 707 995 787; x_wconf 83' lang='lat' dir='ltr'><strong>juvenis</strong></span> <span class='ocrx_word' id='word_1_44' title='bbox 1018 707 1058 770; x_wconf 89' lang='lat' dir='ltr'><strong>D.</strong></span> <span class='ocrx_word' id='word_1_45' title='bbox 1083 706 1116 770; x_wconf 89' lang='lat' dir='ltr'><strong>S.</strong></span> <span class='ocrx_word' id='word_1_46' title='bbox 1136 707 1284 788; x_wconf 86' lang='lat' dir='ltr'><strong>Wagaui,</strong></span> <span class='ocrx_word' id='word_1_47' title='bbox 1308 707 1392 786; x_wconf 88' lang='lat' dir='ltr'><strong>cujus</strong></span> <span class='ocrx_word' id='word_1_48' title='bbox 1415 707 1560 771; x_wconf 88' lang='lat' dir='ltr'><strong>instinctu</strong></span> 
     </span>
     <span class='ocr_line' id='line_1_6' title="bbox 188 791 1561 872; baseline 0.004 -20"><span class='ocrx_word' id='word_1_49' title='bbox 188 791 299 864; x_wconf 87' lang='lat' dir='ltr'><strong>scribo,</strong></span> <span class='ocrx_word' id='word_1_50' title='bbox 335 792 397 854; x_wconf 90' lang='lat' dir='ltr'><strong>hac</strong></span> <span class='ocrx_word' id='word_1_51' title='bbox 416 793 475 854; x_wconf 77' lang='lat' dir='ltr'><strong>uel</strong></span> <span class='ocrx_word' id='word_1_52' title='bbox 503 794 642 872; x_wconf 86' lang='lat' dir='ltr'><strong>proxima</strong></span> <span class='ocrx_word' id='word_1_53' title='bbox 664 793 823 857; x_wconf 76' lang='lat' dir='ltr'><strong>occasione</strong></span> <span class='ocrx_word' id='word_1_54' title='bbox 847 797 886 857; x_wconf 90' lang='lat' dir='ltr'><strong>ad</strong></span> <span class='ocrx_word' id='word_1_55' title='bbox 910 815 964 858; x_wconf 88' lang='lat' dir='ltr'><strong>nos</strong></span> <span class='ocrx_word' id='word_1_56' title='bbox 989 796 1207 858; x_wconf 77' lang='lat' dir='ltr'><strong>transmittere.</strong></span> <span class='ocrx_word' id='word_1_57' title='bbox 1254 797 1333 858; x_wconf 90' lang='lat' dir='ltr'><strong>Vale</strong></span> <span class='ocrx_word' id='word_1_58' title='bbox 1357 795 1505 858; x_wconf 86' lang='lat' dir='ltr'><strong>sideribus</strong></span> <span class='ocrx_word' id='word_1_59' title='bbox 1529 805 1561 858; x_wconf 90' lang='lat' dir='ltr'><strong>et</strong></span> 
     </span>
     <span class='ocr_line' id='line_1_7' title="bbox 188 880 838 955; baseline 0.008 -15"><span class='ocrx_word' id='word_1_60' title='bbox 188 887 311 941; x_wconf 87' lang='lat' dir='ltr'><strong>nostrae</strong></span> <span class='ocrx_word' id='word_1_61' title='bbox 336 880 502 955; x_wconf 74' lang='lat' dir='ltr'><strong>scientiae,</strong></span> <span class='ocrx_word' id='word_1_62' title='bbox 529 883 620 944; x_wconf 82' lang='lat' dir='ltr'><strong>decus</strong></span> <span class='ocrx_word' id='word_1_63' title='bbox 644 881 838 946; x_wconf 84' lang='lat' dir='ltr'><strong>Gennaniae.</strong></span> 
     </span>
    </p>
   </div>
   <div class='ocr_carea' id='block_1_3' title="bbox 275 967 1470 1143">
    <p class='ocr_par' dir='ltr' id='par_1_3' title="bbox 275 967 1470 1143">
     <span class='ocr_line' id='line_1_8' title="bbox 275 967 1470 1051; baseline 0.004 -21"><span class='ocrx_word' id='word_1_64' title='bbox 275 967 383 1032; x_wconf 81' lang='lat' dir='ltr'><strong>Gratti</strong></span> <span class='ocrx_word' id='word_1_65' title='bbox 408 971 438 1032; x_wconf 90' lang='lat' dir='ltr'><strong>d.</strong></span> <span class='ocrx_word' id='word_1_66' title='bbox 467 967 520 1034; x_wconf 87' lang='lat'><strong>15.</strong></span> <span class='ocrx_word' id='word_1_67' title='bbox 544 972 622 1034; x_wconf 87' lang='lat' dir='ltr'><strong>Nov.</strong></span> <span class='ocrx_word' id='word_1_68' title='bbox 650 968 758 1035; x_wconf 68' lang='lat'>1595:</span> <span class='ocrx_word' id='word_1_69' title='bbox 1109 971 1184 1034; x_wconf 82' lang='lat' dir='ltr'><strong>Exc.</strong></span> <span class='ocrx_word' id='word_1_70' title='bbox 1210 979 1280 1034; x_wconf 91' lang='lat' dir='ltr'><strong>tuae</strong></span> <span class='ocrx_word' id='word_1_71' title='bbox 1305 971 1470 1051; x_wconf 88' lang='lat' dir='ltr'><strong>discipulus</strong></span> 
     </span>
     <span class='ocr_line' id='line_1_9' title="bbox 1182 1059 1407 1143; baseline -0.013 -18"><span class='ocrx_word' id='word_1_72' title='bbox 1182 1061 1216 1125; x_wconf 89' lang='lat' dir='ltr'><strong>J.</strong></span> <span class='ocrx_word' id='word_1_73' title='bbox 1240 1059 1407 1143; x_wconf 76' lang='lat' dir='ltr'><strong>Kepleuuse.</strong></span> 
     </span>
    </p>
   </div>
   <div class='ocr_carea' id='block_1_4' title="bbox 158 1232 1569 4877">
    <p class='ocr_par' dir='ltr' id='par_1_4' title="bbox 189 1232 1563 2866">
     <span class='ocr_line' id='line_1_10' title="bbox 259 1232 1560 1302; baseline 0 -16"><span class='ocrx_word' id='word_1_74' title='bbox 259 1233 359 1294; x_wconf 80' lang='lat' dir='ltr'><strong>Quibus</strong></span> <span class='ocrx_word' id='word_1_75' title='bbox 378 1233 508 1300; x_wconf 72' lang='lat' dir='ltr'><strong>aspendii</strong></span> <span class='ocrx_word' id='word_1_76' title='bbox 526 1232 623 1284; x_wconf 84' lang='lat' dir='ltr'><strong>Ursus</strong></span> <span class='ocrx_word' id='word_1_77' title='bbox 645 1249 701 1286; x_wconf 88' lang='lat' dir='ltr'><strong>seso</strong></span> <span class='ocrx_word' id='word_1_78' title='bbox 720 1235 869 1286; x_wconf 79' lang='lat' dir='ltr'><strong>admodum:</strong></span> <span class='ocrx_word' id='word_1_79' title='bbox 897 1236 935 1286; x_wconf 85' lang='lat' dir='ltr'><strong>Ex</strong></span> <span class='ocrx_word' id='word_1_80' title='bbox 957 1237 1079 1302; x_wconf 85' lang='lat' dir='ltr'><strong>catalogis</strong></span> <span class='ocrx_word' id='word_1_81' title='bbox 1102 1238 1278 1288; x_wconf 85' lang='lat' dir='ltr'><strong>nundinalibus</strong></span> <span class='ocrx_word' id='word_1_82' title='bbox 1302 1243 1422 1302; x_wconf 81' lang='lat' dir='ltr'><strong>apparet,</strong></span> <span class='ocrx_word' id='word_1_83' title='bbox 1448 1238 1483 1286; x_wconf 91' lang='lat' dir='ltr'><strong>mi</strong></span> <span class='ocrx_word' id='word_1_84' title='bbox 1500 1237 1560 1288; x_wconf 85' lang='lat' dir='ltr'><strong>clar.</strong></span> 
     </span>
     <span class='ocr_line' id='line_1_11' title="bbox 191 1305 1560 1374; baseline 0.001 -18"><span class='ocrx_word' id='word_1_85' title='bbox 191 1311 218 1356; x_wconf 85' lang='lat' dir='ltr'><strong>st</strong></span> <span class='ocrx_word' id='word_1_86' title='bbox 234 1305 302 1356; x_wconf 72' lang='lat' dir='ltr'><strong>abu.</strong></span> <span class='ocrx_word' id='word_1_87' title='bbox 324 1305 359 1354; x_wconf 91' lang='lat' dir='ltr'><strong>D.</strong></span> <span class='ocrx_word' id='word_1_88' title='bbox 380 1305 505 1372; x_wconf 85' lang='lat' dir='ltr'><strong>Keplere.</strong></span> <span class='ocrx_word' id='word_1_89' title='bbox 533 1311 631 1354; x_wconf 85' lang='lat' dir='ltr'><strong>tuarum</strong></span> <span class='ocrx_word' id='word_1_90' title='bbox 655 1307 834 1371; x_wconf 71' lang='lat' dir='ltr'><strong>cogitationum</strong></span> <span class='ocrx_word' id='word_1_91' title='bbox 857 1309 1077 1360; x_wconf 80' lang='lat' dir='ltr'><strong>astronomicarum</strong></span> <span class='ocrx_word' id='word_1_92' title='bbox 1100 1311 1225 1372; x_wconf 72' lang='lat' dir='ltr'><strong>specimen</strong></span> <span class='ocrx_word' id='word_1_93' title='bbox 1244 1310 1367 1374; x_wconf 83' lang='lat' dir='ltr'><strong>quoddam</strong></span> <span class='ocrx_word' id='word_1_94' title='bbox 1386 1321 1440 1358; x_wconf 89' lang='lat' dir='ltr'><strong>esse</strong></span> <span class='ocrx_word' id='word_1_95' title='bbox 1459 1309 1560 1358; x_wconf 87' lang='lat' dir='ltr'><strong>editum.</strong></span> 
     </span>
     <span class='ocr_line' id='line_1_12' title="bbox 192 1375 1562 1446; baseline 0.001 -20"><span class='ocrx_word' id='word_1_96' title='bbox 192 1377 303 1438; x_wconf 77' lang='lat' dir='ltr'><strong>Quarum</strong></span> <span class='ocrx_word' id='word_1_97' title='bbox 322 1377 426 1441; x_wconf 88' lang='lat' dir='ltr'><strong>quidem</strong></span> <span class='ocrx_word' id='word_1_98' title='bbox 444 1391 526 1428; x_wconf 87' lang='lat' dir='ltr'><strong>rerum</strong></span> <span class='ocrx_word' id='word_1_99' title='bbox 548 1375 607 1425; x_wconf 89' lang='lat' dir='ltr'><strong>mihi</strong></span> <span class='ocrx_word' id='word_1_100' title='bbox 631 1377 865 1440; x_wconf 74' lang='lat' dir='ltr'><strong>jucundissimarum</strong></span> <span class='ocrx_word' id='word_1_101' title='bbox 888 1385 915 1429; x_wconf 88' lang='lat' dir='ltr'><strong>et</strong></span> <span class='ocrx_word' id='word_1_102' title='bbox 936 1381 1132 1444; x_wconf 67' lang='lat' dir='ltr'><strong>gratismamm</strong></span> <span class='ocrx_word' id='word_1_103' title='bbox 1157 1387 1331 1446; x_wconf 72' lang='lat' dir='ltr'><strong>argumentum</strong></span> <span class='ocrx_word' id='word_1_104' title='bbox 1353 1380 1477 1444; x_wconf 87' lang='lat' dir='ltr'><strong>quoddam</strong></span> <span class='ocrx_word' id='word_1_105' title='bbox 1502 1385 1562 1429; x_wconf 81' lang='lat' dir='ltr'><strong>ante</strong></span> 
     </span>
     <span class='ocr_line' id='line_1_13' title="bbox 190 1447 1561 1516; baseline 0.003 -20"><span class='ocrx_word' id='word_1_106' title='bbox 190 1449 320 1498; x_wconf 83' lang='lat' dir='ltr'><strong>biennium</strong></span> <span class='ocrx_word' id='word_1_107' title='bbox 337 1450 394 1510; x_wconf 83' lang='lat' dir='ltr'><strong>jara</strong></span> <span class='ocrx_word' id='word_1_108' title='bbox 412 1449 465 1498; x_wconf 86' lang='lat' dir='ltr'><strong>lere</strong></span> <span class='ocrx_word' id='word_1_109' title='bbox 483 1447 595 1510; x_wconf 80' lang='lat' dir='ltr'><strong>alaparum</strong></span> <span class='ocrx_word' id='word_1_110' title='bbox 612 1448 672 1498; x_wconf 90' lang='lat' dir='ltr'><strong>mihi</strong></span> <span class='ocrx_word' id='word_1_111' title='bbox 690 1449 860 1506; x_wconf 80' lang='lat' dir='ltr'><strong>transmisisti,</strong></span> <span class='ocrx_word' id='word_1_112' title='bbox 887 1449 1001 1500; x_wconf 79' lang='lat' dir='ltr'><strong>uidelicet</strong></span> <span class='ocrx_word' id='word_1_113' title='bbox 1019 1453 1046 1500; x_wconf 90' lang='lat' dir='ltr'><strong>in</strong></span> <span class='ocrx_word' id='word_1_114' title='bbox 1063 1451 1141 1501; x_wconf 88' lang='lat' dir='ltr'><strong>literis</strong></span> <span class='ocrx_word' id='word_1_115' title='bbox 1155 1451 1207 1500; x_wconf 90' lang='lat' dir='ltr'><strong>illis</strong></span> <span class='ocrx_word' id='word_1_116' title='bbox 1225 1452 1287 1513; x_wconf 90' lang='lat' dir='ltr'><strong>tuis,</strong></span> <span class='ocrx_word' id='word_1_117' title='bbox 1305 1452 1467 1516; x_wconf 66' lang='lat' dir='ltr'><strong>inrigatione</strong></span> <span class='ocrx_word' id='word_1_118' title='bbox 1485 1457 1561 1514; x_wconf 87' lang='lat' dir='ltr'><strong>stqne</strong></span> 
     </span>
     <span class='ocr_line' id='line_1_14' title="bbox 189 1519 1563 1585; baseline 0.002 -18"><span class='ocrx_word' id='word_1_119' title='bbox 189 1520 312 1569; x_wconf 71' lang='lat' dir='ltr'><strong>intinctu</strong></span> <span class='ocrx_word' id='word_1_120' title='bbox 332 1519 366 1568; x_wconf 88' lang='lat' dir='ltr'><strong>D.</strong></span> <span class='ocrx_word' id='word_1_121' title='bbox 387 1519 503 1584; x_wconf 79' lang='lat' dir='ltr'><strong>ngenii</strong></span> <span class='ocrx_word' id='word_1_122' title='bbox 522 1519 555 1568; x_wconf 86' lang='lat' dir='ltr'><strong>ad</strong></span> <span class='ocrx_word' id='word_1_123' title='bbox 573 1519 705 1570; x_wconf 86' lang='lat' dir='ltr'><strong>medatis.</strong></span> <span class='ocrx_word' id='word_1_124' title='bbox 742 1520 782 1570; x_wconf 80' lang='lat' dir='ltr'><strong>Ad</strong></span> <span class='ocrx_word' id='word_1_125' title='bbox 810 1533 872 1584; x_wconf 82' lang='lat' dir='ltr'><strong>quas</strong></span> <span class='ocrx_word' id='word_1_126' title='bbox 899 1526 985 1572; x_wconf 84' lang='lat' dir='ltr'><strong>tamen</strong></span> <span class='ocrx_word' id='word_1_127' title='bbox 1010 1523 1074 1585; x_wconf 91' lang='lat' dir='ltr'><strong>quod</strong></span> <span class='ocrx_word' id='word_1_128' title='bbox 1096 1523 1220 1572; x_wconf 82' lang='lat' dir='ltr'><strong>hactenus</strong></span> <span class='ocrx_word' id='word_1_129' title='bbox 1237 1523 1298 1572; x_wconf 90' lang='lat' dir='ltr'><strong>nihil</strong></span> <span class='ocrx_word' id='word_1_130' title='bbox 1317 1523 1416 1572; x_wconf 89' lang='lat' dir='ltr'><strong>omnino</strong></span> <span class='ocrx_word' id='word_1_131' title='bbox 1435 1536 1452 1572; x_wconf 87' lang='lat' dir='ltr'><strong>s</strong></span> <span class='ocrx_word' id='word_1_132' title='bbox 1469 1537 1510 1572; x_wconf 87' lang='lat' dir='ltr'><strong>ma</strong></span> <span class='ocrx_word' id='word_1_133' title='bbox 1528 1523 1563 1570; x_wconf 90' lang='lat' dir='ltr'><strong>sit</strong></span> 
     </span>
     <span class='ocr_line' id='line_1_15' title="bbox 190 1589 1560 1657; baseline 0 -15"><span class='ocrx_word' id='word_1_134' title='bbox 190 1605 351 1654; x_wconf 67' lang='grc' dir='ltr'>ηιιιιιιι,</span> <span class='ocrx_word' id='word_1_135' title='bbox 379 1593 406 1640; x_wconf 89' lang='lat' dir='ltr'><strong>in</strong></span> <span class='ocrx_word' id='word_1_136' title='bbox 425 1603 504 1642; x_wconf 84' lang='lat' dir='ltr'><strong>eausa</strong></span> <span class='ocrx_word' id='word_1_137' title='bbox 521 1589 621 1640; x_wconf 81' lang='grc' dir='ltr'>ιιιιιιι</span> <span class='ocrx_word' id='word_1_138' title='bbox 639 1592 773 1642; x_wconf 74' lang='lat' dir='ltr'><strong>contium</strong></span> <span class='ocrx_word' id='word_1_139' title='bbox 792 1605 823 1642; x_wconf 91' lang='lat' dir='ltr'><strong>ac</strong></span> <span class='ocrx_word' id='word_1_140' title='bbox 841 1597 976 1656; x_wconf 84' lang='lat' dir='ltr'><strong>perpetuae</strong></span> <span class='ocrx_word' id='word_1_141' title='bbox 999 1607 1072 1644; x_wconf 83' lang='lat' dir='ltr'><strong>meae</strong></span> <span class='ocrx_word' id='word_1_142' title='bbox 1094 1595 1270 1657; x_wconf 78' lang='lat' dir='ltr'><strong>occupationes</strong></span> <span class='ocrx_word' id='word_1_143' title='bbox 1295 1596 1321 1644; x_wconf 92' lang='lat' dir='ltr'><strong>in</strong></span> <span class='ocrx_word' id='word_1_144' title='bbox 1339 1594 1412 1644; x_wconf 88' lang='lat' dir='ltr'><strong>rebus</strong></span> <span class='ocrx_word' id='word_1_145' title='bbox 1431 1593 1560 1644; x_wconf 82' lang='grc' dir='ltr'>ιιιιοιιιι·</span> 
     </span>
     <span class='ocr_line' id='line_1_16' title="bbox 190 1659 1561 1728; baseline 0.001 -16"><span class='ocrx_word' id='word_1_146' title='bbox 190 1662 260 1728; x_wconf 84' lang='lat' dir='ltr'><strong>gicis,</strong></span> <span class='ocrx_word' id='word_1_147' title='bbox 279 1677 326 1726; x_wconf 88' lang='lat' dir='ltr'><strong>per</strong></span> <span class='ocrx_word' id='word_1_148' title='bbox 339 1677 421 1712; x_wconf 85' lang='grc' dir='ltr'>ιιιιοι</span> <span class='ocrx_word' id='word_1_149' title='bbox 437 1665 491 1724; x_wconf 73' lang='lat' dir='ltr'><strong>lam</strong></span> <span class='ocrx_word' id='word_1_150' title='bbox 503 1659 597 1726; x_wconf 78' lang='lat' dir='ltr'><strong>aliquot</strong></span> <span class='ocrx_word' id='word_1_151' title='bbox 609 1661 706 1726; x_wconf 83' lang='lat' dir='ltr'><strong>elapsos</strong></span> <span class='ocrx_word' id='word_1_152' title='bbox 719 1663 872 1721; x_wconf 70' lang='grc' dir='ltr'>ιιιιιιιιι,</span> <span class='ocrx_word' id='word_1_153' title='bbox 891 1679 994 1728; x_wconf 88' lang='lat' dir='ltr'><strong>quarum</strong></span> <span class='ocrx_word' id='word_1_154' title='bbox 1013 1665 1138 1728; x_wconf 88' lang='lat' dir='ltr'><strong>exemplar</strong></span> <span class='ocrx_word' id='word_1_155' title='bbox 1155 1665 1200 1714; x_wconf 88' lang='lat' dir='ltr'><strong>tibi</strong></span> <span class='ocrx_word' id='word_1_156' title='bbox 1211 1666 1283 1714; x_wconf 89' lang='lat' dir='ltr'><strong>mitto</strong></span> <span class='ocrx_word' id='word_1_157' title='bbox 1291 1661 1323 1726; x_wconf 89' lang='lat'><strong>¹),</strong></span> <span class='ocrx_word' id='word_1_158' title='bbox 1344 1671 1461 1728; x_wconf 88' lang='lat' dir='ltr'><strong>tuumque</strong></span> <span class='ocrx_word' id='word_1_159' title='bbox 1480 1665 1511 1714; x_wconf 91' lang='lat' dir='ltr'><strong>de</strong></span> <span class='ocrx_word' id='word_1_160' title='bbox 1531 1678 1561 1714; x_wconf 89' lang='lat' dir='ltr'><strong>eo</strong></span> 
     </span>
     <span class='ocr_line' id='line_1_17' title="bbox 190 1733 1561 1800; baseline 0.001 -18"><span class='ocrx_word' id='word_1_161' title='bbox 190 1733 367 1798; x_wconf 82' lang='lat' dir='ltr'><strong>politissimum</strong></span> <span class='ocrx_word' id='word_1_162' title='bbox 383 1733 505 1796; x_wconf 74' lang='lat' dir='ltr'><strong>iudicium</strong></span> <span class='ocrx_word' id='word_1_163' title='bbox 524 1739 641 1796; x_wconf 88' lang='lat' dir='ltr'><strong>expecto:</strong></span> <span class='ocrx_word' id='word_1_164' title='bbox 669 1734 749 1784; x_wconf 77' lang='lat' dir='ltr'><strong>utera</strong></span> <span class='ocrx_word' id='word_1_165' title='bbox 772 1749 829 1784; x_wconf 89' lang='lat' dir='ltr'><strong>rere</strong></span> <span class='ocrx_word' id='word_1_166' title='bbox 852 1749 931 1786; x_wconf 85' lang='lat' dir='ltr'><strong>eausa</strong></span> <span class='ocrx_word' id='word_1_167' title='bbox 954 1737 1005 1786; x_wconf 91' lang='lat' dir='ltr'><strong>mei</strong></span> <span class='ocrx_word' id='word_1_168' title='bbox 1026 1736 1118 1786; x_wconf 89' lang='lat' dir='ltr'><strong>silentii</strong></span> <span class='ocrx_word' id='word_1_169' title='bbox 1142 1743 1168 1785; x_wconf 89' lang='lat' dir='ltr'><strong>et</strong></span> <span class='ocrx_word' id='word_1_170' title='bbox 1185 1737 1249 1800; x_wconf 93' lang='lat' dir='ltr'><strong>quod</strong></span> <span class='ocrx_word' id='word_1_171' title='bbox 1267 1735 1328 1786; x_wconf 88' lang='lat' dir='ltr'><strong>nihil</strong></span> <span class='ocrx_word' id='word_1_172' title='bbox 1346 1737 1469 1786; x_wconf 86' lang='lat' dir='ltr'><strong>hactenus</strong></span> <span class='ocrx_word' id='word_1_173' title='bbox 1487 1749 1503 1785; x_wconf 93' lang='lat' dir='ltr'><strong>a</strong></span> <span class='ocrx_word' id='word_1_174' title='bbox 1520 1749 1561 1784; x_wconf 89' lang='lat' dir='ltr'><strong>me</strong></span> 
     </span>
     <span class='ocr_line' id='line_1_18' title="bbox 191 1805 1560 1871; baseline 0.002 -18"><span class='ocrx_word' id='word_1_175' title='bbox 191 1819 338 1868; x_wconf 82' lang='lat' dir='ltr'><strong>responsum</strong></span> <span class='ocrx_word' id='word_1_176' title='bbox 357 1806 405 1865; x_wconf 90' lang='lat' dir='ltr'><strong>sit,</strong></span> <span class='ocrx_word' id='word_1_177' title='bbox 426 1805 524 1861; x_wconf 86' lang='lat' dir='ltr'><strong>extitit,</strong></span> <span class='ocrx_word' id='word_1_178' title='bbox 542 1805 607 1868; x_wconf 89' lang='lat' dir='ltr'><strong>quod</strong></span> <span class='ocrx_word' id='word_1_179' title='bbox 624 1805 751 1870; x_wconf 89' lang='lat' dir='ltr'><strong>hucusque</strong></span> <span class='ocrx_word' id='word_1_180' title='bbox 769 1819 801 1855; x_wconf 86' lang='lat' dir='ltr'><strong>ea</strong></span> <span class='ocrx_word' id='word_1_181' title='bbox 819 1806 849 1856; x_wconf 87' lang='lat' dir='ltr'><strong>de</strong></span> <span class='ocrx_word' id='word_1_182' title='bbox 867 1821 909 1868; x_wconf 90' lang='lat' dir='ltr'><strong>re,</strong></span> <span class='ocrx_word' id='word_1_183' title='bbox 929 1807 960 1857; x_wconf 91' lang='lat' dir='ltr'><strong>de</strong></span> <span class='ocrx_word' id='word_1_184' title='bbox 978 1821 1028 1871; x_wconf 85' lang='lat' dir='ltr'><strong>qua</strong></span> <span class='ocrx_word' id='word_1_185' title='bbox 1045 1822 1086 1856; x_wconf 89' lang='lat' dir='ltr'><strong>mo</strong></span> <span class='ocrx_word' id='word_1_186' title='bbox 1104 1808 1221 1856; x_wconf 80' lang='lat' dir='ltr'><strong>monuisti</strong></span> <span class='ocrx_word' id='word_1_187' title='bbox 1239 1813 1265 1856; x_wconf 91' lang='lat' dir='ltr'><strong>st</strong></span> <span class='ocrx_word' id='word_1_188' title='bbox 1283 1808 1314 1857; x_wconf 89' lang='lat' dir='ltr'><strong>do</strong></span> <span class='ocrx_word' id='word_1_189' title='bbox 1333 1821 1383 1871; x_wconf 86' lang='lat' dir='ltr'><strong>qua</strong></span> <span class='ocrx_word' id='word_1_190' title='bbox 1401 1823 1483 1856; x_wconf 87' lang='lat' dir='ltr'><strong>meum</strong></span> <span class='ocrx_word' id='word_1_191' title='bbox 1501 1821 1560 1856; x_wconf 91' lang='lat' dir='ltr'><strong>con·</strong></span> 
     </span>
     <span class='ocr_line' id='line_1_19' title="bbox 190 1875 1558 1942; baseline -0.001 -16"><span class='ocrx_word' id='word_1_192' title='bbox 190 1875 271 1926; x_wconf 87' lang='lat' dir='ltr'><strong>silium</strong></span> <span class='ocrx_word' id='word_1_193' title='bbox 290 1876 408 1940; x_wconf 82' lang='lat' dir='ltr'><strong>exploras</strong></span> <span class='ocrx_word' id='word_1_194' title='bbox 425 1889 515 1939; x_wconf 86' lang='lat' dir='ltr'><strong>meque</strong></span> <span class='ocrx_word' id='word_1_195' title='bbox 534 1876 674 1926; x_wconf 86' lang='lat' dir='ltr'><strong>consultum</strong></span> <span class='ocrx_word' id='word_1_196' title='bbox 692 1891 748 1926; x_wconf 91' lang='lat' dir='ltr'><strong>esse</strong></span> <span class='ocrx_word' id='word_1_197' title='bbox 771 1879 855 1940; x_wconf 88' lang='lat' dir='ltr'><strong>cupis,</strong></span> <span class='ocrx_word' id='word_1_198' title='bbox 881 1877 966 1928; x_wconf 90' lang='lat' dir='ltr'><strong>debita</strong></span> <span class='ocrx_word' id='word_1_199' title='bbox 987 1879 1112 1928; x_wconf 73' lang='lat' dir='ltr'><strong>decisione</strong></span> <span class='ocrx_word' id='word_1_200' title='bbox 1133 1878 1244 1928; x_wconf 89' lang='lat' dir='ltr'><strong>nondum</strong></span> <span class='ocrx_word' id='word_1_201' title='bbox 1261 1879 1333 1928; x_wconf 84' lang='lat' dir='ltr'><strong>lacta</strong></span> <span class='ocrx_word' id='word_1_202' title='bbox 1350 1878 1431 1928; x_wconf 91' lang='lat' dir='ltr'><strong>adhuc</strong></span> <span class='ocrx_word' id='word_1_203' title='bbox 1451 1878 1558 1942; x_wconf 86' lang='lat' dir='ltr'><strong>ambigo.</strong></span> 
     </span>
     <span class='ocr_line' id='line_1_20' title="bbox 191 1946 1562 2015; baseline 0.001 -19"><span class='ocrx_word' id='word_1_204' title='bbox 191 1947 302 2011; x_wconf 74' lang='lat' dir='ltr'><strong>Reliquit</strong></span> <span class='ocrx_word' id='word_1_205' title='bbox 320 1947 422 2011; x_wconf 89' lang='lat' dir='ltr'><strong>quidem</strong></span> <span class='ocrx_word' id='word_1_206' title='bbox 440 1946 501 1996; x_wconf 74' lang='lat' dir='ltr'><strong>nihi</strong></span> <span class='ocrx_word' id='word_1_207' title='bbox 518 1959 588 1996; x_wconf 88' lang='lat' dir='ltr'><strong>meus</strong></span> <span class='ocrx_word' id='word_1_208' title='bbox 614 1949 639 1996; x_wconf 93' lang='lat' dir='ltr'><strong>in</strong></span> <span class='ocrx_word' id='word_1_209' title='bbox 663 1949 737 1998; x_wconf 86' lang='lat' dir='ltr'><strong>rebus</strong></span> <span class='ocrx_word' id='word_1_210' title='bbox 761 1950 932 1998; x_wconf 86' lang='lat' dir='ltr'><strong>astronomicis</strong></span> <span class='ocrx_word' id='word_1_211' title='bbox 956 1955 1103 2013; x_wconf 87' lang='lat' dir='ltr'><strong>praeceptor</strong></span> <span class='ocrx_word' id='word_1_212' title='bbox 1124 1949 1211 1999; x_wconf 88' lang='lat' dir='ltr'><strong>Justus</strong></span> <span class='ocrx_word' id='word_1_213' title='bbox 1228 1949 1318 2015; x_wconf 81' lang='lat' dir='ltr'><strong>Byrgi,</strong></span> <span class='ocrx_word' id='word_1_214' title='bbox 1342 1951 1379 1998; x_wconf 80' lang='lat' dir='ltr'><strong>sir</strong></span> <span class='ocrx_word' id='word_1_215' title='bbox 1403 1949 1478 2012; x_wconf 88' lang='lat' dir='ltr'><strong>plane</strong></span> <span class='ocrx_word' id='word_1_216' title='bbox 1505 1963 1562 1998; x_wconf 86' lang='lat' dir='ltr'><strong>cnm</strong></span> 
     </span>
     <span class='ocr_line' id='line_1_21' title="bbox 191 2017 1560 2086; baseline 0.001 -18"><span class='ocrx_word' id='word_1_217' title='bbox 191 2019 344 2069; x_wconf 78' lang='lat' dir='ltr'><strong>Euclidsens</strong></span> <span class='ocrx_word' id='word_1_218' title='bbox 363 2024 418 2070; x_wconf 87' lang='lat' dir='ltr'><strong>tum</strong></span> <span class='ocrx_word' id='word_1_219' title='bbox 436 2017 644 2076; x_wconf 78' lang='lat' dir='ltr'><strong>Archimedaeus,</strong></span> <span class='ocrx_word' id='word_1_220' title='bbox 669 2027 729 2068; x_wconf 88' lang='lat' dir='ltr'><strong>ante</strong></span> <span class='ocrx_word' id='word_1_221' title='bbox 748 2020 807 2069; x_wconf 87' lang='lat' dir='ltr'><strong>anui</strong></span> <span class='ocrx_word' id='word_1_222' title='bbox 828 2017 968 2078; x_wconf 89' lang='lat' dir='ltr'><strong>dimidium,</strong></span> <span class='ocrx_word' id='word_1_223' title='bbox 987 2021 1029 2074; x_wconf 91' lang='lat' dir='ltr'><strong>ubi</strong></span> <span class='ocrx_word' id='word_1_224' title='bbox 1046 2021 1087 2072; x_wconf 86' lang='lat' dir='ltr'><strong>hic</strong></span> <span class='ocrx_word' id='word_1_225' title='bbox 1104 2021 1204 2086; x_wconf 79' lang='lat' dir='ltr'><strong>Pragae</strong></span> <span class='ocrx_word' id='word_1_226' title='bbox 1223 2021 1290 2084; x_wconf 90' lang='lat' dir='ltr'><strong>apud</strong></span> <span class='ocrx_word' id='word_1_227' title='bbox 1308 2021 1381 2070; x_wconf 85' lang='lat' dir='ltr'><strong>Gaea.</strong></span> <span class='ocrx_word' id='word_1_228' title='bbox 1401 2019 1463 2082; x_wconf 84' lang='lat' dir='ltr'><strong>Maj.</strong></span> <span class='ocrx_word' id='word_1_229' title='bbox 1483 2026 1560 2076; x_wconf 86' lang='lat' dir='ltr'><strong>esset,</strong></span> 
     </span>
     <span class='ocr_line' id='line_1_22' title="bbox 192 2087 1559 2156; baseline 0 -17"><span class='ocrx_word' id='word_1_230' title='bbox 192 2104 253 2140; x_wconf 83' lang='lat' dir='ltr'><strong>casu</strong></span> <span class='ocrx_word' id='word_1_231' title='bbox 270 2090 357 2154; x_wconf 84' lang='lat' dir='ltr'><strong>potius</strong></span> <span class='ocrx_word' id='word_1_232' title='bbox 376 2103 451 2154; x_wconf 88' lang='lat' dir='ltr'><strong>quam</strong></span> <span class='ocrx_word' id='word_1_233' title='bbox 469 2087 592 2138; x_wconf 88' lang='lat' dir='ltr'><strong>industria</strong></span> <span class='ocrx_word' id='word_1_234' title='bbox 610 2089 703 2139; x_wconf 82' lang='lat' dir='ltr'><strong>iactam</strong></span> <span class='ocrx_word' id='word_1_235' title='bbox 722 2089 922 2156; x_wconf 88' lang='lat' dir='ltr'><strong>delineatamque</strong></span> <span class='ocrx_word' id='word_1_236' title='bbox 935 2092 1060 2156; x_wconf 89' lang='lat' dir='ltr'><strong>quandam</strong></span> <span class='ocrx_word' id='word_1_237' title='bbox 1074 2091 1332 2156; x_wconf 81' lang='lat' dir='ltr'><strong>consignetiuuculam</strong></span> <span class='ocrx_word' id='word_1_238' title='bbox 1351 2087 1392 2154; x_wconf 91' lang='lat' dir='ltr'><strong>(ut</strong></span> <span class='ocrx_word' id='word_1_239' title='bbox 1410 2093 1447 2141; x_wconf 90' lang='lat' dir='ltr'><strong>ita</strong></span> <span class='ocrx_word' id='word_1_240' title='bbox 1465 2087 1559 2152; x_wconf 90' lang='lat' dir='ltr'><strong>dicam)</strong></span> 
     </span>
     <span class='ocr_line' id='line_1_23' title="bbox 192 2159 1559 2228; baseline 0.001 -19"><span class='ocrx_word' id='word_1_241' title='bbox 192 2159 386 2223; x_wconf 78' lang='lat' dir='ltr'><strong>Gopsrnicanae</strong></span> <span class='ocrx_word' id='word_1_242' title='bbox 402 2159 569 2222; x_wconf 84' lang='lat' dir='ltr'><strong>hypotheseos</strong></span> <span class='ocrx_word' id='word_1_243' title='bbox 586 2165 698 2210; x_wconf 86' lang='lat' dir='ltr'><strong>motuum</strong></span> <span class='ocrx_word' id='word_1_244' title='bbox 717 2161 875 2211; x_wconf 87' lang='lat' dir='ltr'><strong>coelestium:</strong></span> <span class='ocrx_word' id='word_1_245' title='bbox 901 2175 1005 2225; x_wconf 88' lang='lat' dir='ltr'><strong>eamque</strong></span> <span class='ocrx_word' id='word_1_246' title='bbox 1027 2168 1116 2226; x_wconf 87' lang='lat' dir='ltr'><strong>postea</strong></span> <span class='ocrx_word' id='word_1_247' title='bbox 1133 2163 1267 2225; x_wconf 86' lang='lat' dir='ltr'><strong>inspiciens</strong></span> <span class='ocrx_word' id='word_1_248' title='bbox 1286 2177 1342 2213; x_wconf 90' lang='lat' dir='ltr'><strong>cum</strong></span> <span class='ocrx_word' id='word_1_249' title='bbox 1360 2165 1409 2211; x_wconf 89' lang='lat' dir='ltr'><strong>tuis</strong></span> <span class='ocrx_word' id='word_1_250' title='bbox 1428 2163 1559 2228; x_wconf 84' lang='lat' dir='ltr'><strong>cogitatio-</strong></span> 
     </span>
     <span class='ocr_line' id='line_1_24' title="bbox 190 2231 1560 2295; baseline 0 -13"><span class='ocrx_word' id='word_1_251' title='bbox 190 2233 263 2282; x_wconf 83' lang='lat' dir='ltr'><strong>nibus</strong></span> <span class='ocrx_word' id='word_1_252' title='bbox 282 2233 315 2282; x_wconf 89' lang='lat' dir='ltr'><strong>de</strong></span> <span class='ocrx_word' id='word_1_253' title='bbox 335 2231 463 2282; x_wconf 85' lang='lat' dir='ltr'><strong>distantiis</strong></span> <span class='ocrx_word' id='word_1_254' title='bbox 480 2231 548 2280; x_wconf 89' lang='lat' dir='ltr'><strong>inter</strong></span> <span class='ocrx_word' id='word_1_255' title='bbox 564 2245 592 2280; x_wconf 91' lang='lat' dir='ltr'><strong>se</strong></span> <span class='ocrx_word' id='word_1_256' title='bbox 611 2232 642 2281; x_wconf 91' lang='lat' dir='ltr'><strong>ab</strong></span> <span class='ocrx_word' id='word_1_257' title='bbox 660 2233 766 2282; x_wconf 81' lang='lat' dir='ltr'><strong>inuicem</strong></span> <span class='ocrx_word' id='word_1_258' title='bbox 784 2231 941 2295; x_wconf 89' lang='lat' dir='ltr'><strong>planetarum</strong></span> <span class='ocrx_word' id='word_1_259' title='bbox 966 2235 1063 2284; x_wconf 76' lang='lat' dir='ltr'><strong>orbibus</strong></span> <span class='ocrx_word' id='word_1_260' title='bbox 1087 2233 1192 2291; x_wconf 78' lang='lat' dir='ltr'><strong>contudi,</strong></span> <span class='ocrx_word' id='word_1_261' title='bbox 1219 2240 1245 2283; x_wconf 90' lang='lat' dir='ltr'><strong>et</strong></span> <span class='ocrx_word' id='word_1_262' title='bbox 1268 2249 1318 2283; x_wconf 95' lang='lat' dir='ltr'><strong>non</strong></span> <span class='ocrx_word' id='word_1_263' title='bbox 1340 2233 1444 2283; x_wconf 88' lang='lat' dir='ltr'><strong>multum</strong></span> <span class='ocrx_word' id='word_1_264' title='bbox 1468 2233 1560 2282; x_wconf 86' lang='lat' dir='ltr'><strong>diserc-</strong></span> 
     </span>
     <span class='ocr_line' id='line_1_25' title="bbox 190 2301 1560 2369; baseline 0.001 -16"><span class='ocrx_word' id='word_1_265' title='bbox 190 2304 298 2366; x_wconf 74' lang='lat' dir='ltr'><strong>puttiae</strong></span> <span class='ocrx_word' id='word_1_266' title='bbox 317 2303 386 2354; x_wconf 86' lang='lat' dir='ltr'><strong>inter</strong></span> <span class='ocrx_word' id='word_1_267' title='bbox 404 2303 481 2365; x_wconf 90' lang='lat' dir='ltr'><strong>ipsius</strong></span> <span class='ocrx_word' id='word_1_268' title='bbox 500 2301 735 2352; x_wconf 79' lang='lat' dir='ltr'><strong>delineatiunculam</strong></span> <span class='ocrx_word' id='word_1_269' title='bbox 754 2308 780 2352; x_wconf 92' lang='lat' dir='ltr'><strong>et</strong></span> <span class='ocrx_word' id='word_1_270' title='bbox 797 2309 855 2352; x_wconf 89' lang='lat' dir='ltr'><strong>tuas</strong></span> <span class='ocrx_word' id='word_1_271' title='bbox 874 2306 1051 2354; x_wconf 77' lang='lat' dir='ltr'><strong>msertationea</strong></span> <span class='ocrx_word' id='word_1_272' title='bbox 1071 2319 1087 2356; x_wconf 89' lang='lat' dir='ltr'><strong>a</strong></span> <span class='ocrx_word' id='word_1_273' title='bbox 1104 2320 1145 2355; x_wconf 88' lang='lat' dir='ltr'><strong>me</strong></span> <span class='ocrx_word' id='word_1_274' title='bbox 1163 2319 1225 2356; x_wconf 85' lang='lat' dir='ltr'><strong>sane</strong></span> <span class='ocrx_word' id='word_1_275' title='bbox 1244 2303 1320 2369; x_wconf 85' lang='lat' dir='ltr'><strong>(qnod</strong></span> <span class='ocrx_word' id='word_1_276' title='bbox 1339 2305 1498 2356; x_wconf 81' lang='lat' dir='ltr'><strong>uehementer</strong></span> <span class='ocrx_word' id='word_1_277' title='bbox 1516 2303 1560 2354; x_wconf 85' lang='lat' dir='ltr'><strong>ad·</strong></span> 
     </span>
     <span class='ocr_line' id='line_1_26' title="bbox 190 2369 1562 2436; baseline 0.002 -12"><span class='ocrx_word' id='word_1_278' title='bbox 190 2376 296 2424; x_wconf 80' lang='lat' dir='ltr'><strong>miratus</strong></span> <span class='ocrx_word' id='word_1_279' title='bbox 316 2369 386 2435; x_wconf 83' lang='lat' dir='ltr'><strong>sum)</strong></span> <span class='ocrx_word' id='word_1_280' title='bbox 406 2377 557 2436; x_wconf 90' lang='lat' dir='ltr'><strong>compertum</strong></span> <span class='ocrx_word' id='word_1_281' title='bbox 578 2379 623 2424; x_wconf 91' lang='lat' dir='ltr'><strong>est.</strong></span> <span class='ocrx_word' id='word_1_282' title='bbox 661 2373 746 2433; x_wconf 82' lang='lat' dir='ltr'><strong>Quare</strong></span> <span class='ocrx_word' id='word_1_283' title='bbox 765 2387 820 2424; x_wconf 90' lang='lat' dir='ltr'><strong>cum</strong></span> <span class='ocrx_word' id='word_1_284' title='bbox 838 2374 884 2424; x_wconf 88' lang='lat' dir='ltr'><strong>has</strong></span> <span class='ocrx_word' id='word_1_285' title='bbox 903 2380 960 2424; x_wconf 88' lang='lat' dir='ltr'><strong>tuas</strong></span> <span class='ocrx_word' id='word_1_286' title='bbox 978 2376 1009 2426; x_wconf 94' lang='lat' dir='ltr'><strong>de</strong></span> <span class='ocrx_word' id='word_1_287' title='bbox 1027 2377 1113 2426; x_wconf 89' lang='lat' dir='ltr'><strong>iisdem</strong></span> <span class='ocrx_word' id='word_1_288' title='bbox 1126 2375 1199 2426; x_wconf 89' lang='lat' dir='ltr'><strong>rebus</strong></span> <span class='ocrx_word' id='word_1_289' title='bbox 1215 2376 1401 2427; x_wconf 82' lang='lat' dir='ltr'><strong>dissertationes</strong></span> <span class='ocrx_word' id='word_1_290' title='bbox 1421 2375 1461 2436; x_wconf 89' lang='lat' dir='ltr'><strong>(ut</strong></span> <span class='ocrx_word' id='word_1_291' title='bbox 1478 2375 1562 2426; x_wconf 85' lang='lat' dir='ltr'><strong>vocari</strong></span> 
     </span>
     <span class='ocr_line' id='line_1_27' title="bbox 191 2441 1559 2512; baseline 0.001 -20"><span class='ocrx_word' id='word_1_292' title='bbox 191 2441 240 2504; x_wconf 82' lang='lat' dir='ltr'><strong>ris)</strong></span> <span class='ocrx_word' id='word_1_293' title='bbox 256 2447 312 2508; x_wconf 81' lang='lat' dir='ltr'><strong>jam</strong></span> <span class='ocrx_word' id='word_1_294' title='bbox 331 2446 357 2492; x_wconf 90' lang='lat' dir='ltr'><strong>in</strong></span> <span class='ocrx_word' id='word_1_295' title='bbox 371 2445 453 2494; x_wconf 89' lang='lat' dir='ltr'><strong>lucem</strong></span> <span class='ocrx_word' id='word_1_296' title='bbox 466 2443 547 2493; x_wconf 82' lang='lat' dir='ltr'><strong>editas</strong></span> <span class='ocrx_word' id='word_1_297' title='bbox 561 2459 615 2494; x_wconf 88' lang='lat' dir='ltr'><strong>esse</strong></span> <span class='ocrx_word' id='word_1_298' title='bbox 628 2444 806 2506; x_wconf 85' lang='lat' dir='ltr'><strong>intellexeram,</strong></span> <span class='ocrx_word' id='word_1_299' title='bbox 826 2461 875 2494; x_wconf 92' lang='lat' dir='ltr'><strong>uon</strong></span> <span class='ocrx_word' id='word_1_300' title='bbox 891 2447 959 2510; x_wconf 93' lang='lat' dir='ltr'><strong>potui</strong></span> <span class='ocrx_word' id='word_1_301' title='bbox 978 2447 1148 2510; x_wconf 88' lang='lat' dir='ltr'><strong>intermittere,</strong></span> <span class='ocrx_word' id='word_1_302' title='bbox 1169 2448 1227 2512; x_wconf 90' lang='lat' dir='ltr'><strong>quin</strong></span> <span class='ocrx_word' id='word_1_303' title='bbox 1246 2461 1262 2497; x_wconf 93' lang='lat' dir='ltr'><strong>a</strong></span> <span class='ocrx_word' id='word_1_304' title='bbox 1279 2454 1305 2497; x_wconf 90' lang='lat' dir='ltr'><strong>te</strong></span> <span class='ocrx_word' id='word_1_305' title='bbox 1325 2445 1459 2496; x_wconf 88' lang='lat' dir='ltr'><strong>earundem</strong></span> <span class='ocrx_word' id='word_1_306' title='bbox 1478 2461 1559 2495; x_wconf 88' lang='lat' dir='ltr'><strong>exem-</strong></span> 
     </span>
     <span class='ocr_line' id='line_1_28' title="bbox 190 2511 1559 2583; baseline -0.001 -17"><span class='ocrx_word' id='word_1_307' title='bbox 190 2516 245 2580; x_wconf 71' lang='lat' dir='ltr'><strong>plar</strong></span> <span class='ocrx_word' id='word_1_308' title='bbox 263 2517 367 2566; x_wconf 86' lang='lat' dir='ltr'><strong>unicum</strong></span> <span class='ocrx_word' id='word_1_309' title='bbox 385 2521 486 2579; x_wconf 89' lang='lat' dir='ltr'><strong>petam:</strong></span> <span class='ocrx_word' id='word_1_310' title='bbox 506 2515 575 2564; x_wconf 89' lang='lat' dir='ltr'><strong>nulla</strong></span> <span class='ocrx_word' id='word_1_311' title='bbox 593 2517 658 2566; x_wconf 88' lang='lat' dir='ltr'><strong>enim</strong></span> <span class='ocrx_word' id='word_1_312' title='bbox 678 2515 711 2564; x_wconf 90' lang='lat' dir='ltr'><strong>ad</strong></span> <span class='ocrx_word' id='word_1_313' title='bbox 728 2531 774 2565; x_wconf 91' lang='lat' dir='ltr'><strong>nos</strong></span> <span class='ocrx_word' id='word_1_314' title='bbox 786 2515 894 2581; x_wconf 84' lang='lat' dir='ltr'><strong>Pragam</strong></span> <span class='ocrx_word' id='word_1_315' title='bbox 913 2511 985 2577; x_wconf 89' lang='lat' dir='ltr'><strong>(casu</strong></span> <span class='ocrx_word' id='word_1_316' title='bbox 1004 2523 1049 2566; x_wconf 90' lang='lat' dir='ltr'><strong>aut</strong></span> <span class='ocrx_word' id='word_1_317' title='bbox 1065 2518 1221 2583; x_wconf 77' lang='lat' dir='ltr'><strong>negligentia</strong></span> <span class='ocrx_word' id='word_1_318' title='bbox 1237 2531 1287 2583; x_wconf 86' lang='lat' dir='ltr'><strong>qua</strong></span> <span class='ocrx_word' id='word_1_319' title='bbox 1299 2517 1394 2570; x_wconf 78' lang='lat' dir='ltr'><strong>nescio)</strong></span> <span class='ocrx_word' id='word_1_320' title='bbox 1412 2532 1457 2580; x_wconf 76' lang='lat' dir='ltr'><strong>Per</strong></span> <span class='ocrx_word' id='word_1_321' title='bbox 1474 2518 1559 2567; x_wconf 90' lang='lat' dir='ltr'><strong>biblio-</strong></span> 
     </span>
     <span class='ocr_line' id='line_1_29' title="bbox 191 2583 1560 2652; baseline 0.001 -16"><span class='ocrx_word' id='word_1_322' title='bbox 191 2587 264 2650; x_wconf 79' lang='lat' dir='ltr'><strong>petas</strong></span> <span class='ocrx_word' id='word_1_323' title='bbox 281 2591 381 2637; x_wconf 57' lang='lat' dir='ltr'><strong>nosnos</strong></span> <span class='ocrx_word' id='word_1_324' title='bbox 399 2583 477 2651; x_wconf 87' lang='lat' dir='ltr'><strong>(quod</strong></span> <span class='ocrx_word' id='word_1_325' title='bbox 495 2584 574 2648; x_wconf 85' lang='lat' dir='ltr'><strong>dolui)</strong></span> <span class='ocrx_word' id='word_1_326' title='bbox 595 2587 679 2638; x_wconf 82' lang='lat' dir='ltr'><strong>delata</strong></span> <span class='ocrx_word' id='word_1_327' title='bbox 696 2591 762 2638; x_wconf 79' lang='lat' dir='ltr'><strong>suut</strong></span> <span class='ocrx_word' id='word_1_328' title='bbox 799 2587 851 2638; x_wconf 75' lang='lat' dir='ltr'><strong>Fac</strong></span> <span class='ocrx_word' id='word_1_329' title='bbox 868 2589 953 2652; x_wconf 86' lang='lat' dir='ltr'><strong>ltaque</strong></span> <span class='ocrx_word' id='word_1_330' title='bbox 971 2602 1064 2652; x_wconf 87' lang='lat' dir='ltr'><strong>quaeso</strong></span> <span class='ocrx_word' id='word_1_331' title='bbox 1089 2601 1122 2640; x_wconf 88' lang='lat' dir='ltr'><strong>ea</strong></span> <span class='ocrx_word' id='word_1_332' title='bbox 1138 2591 1164 2638; x_wconf 90' lang='lat' dir='ltr'><strong>in</strong></span> <span class='ocrx_word' id='word_1_333' title='bbox 1183 2589 1268 2640; x_wconf 82' lang='lat' dir='ltr'><strong>recula</strong></span> <span class='ocrx_word' id='word_1_334' title='bbox 1285 2604 1326 2639; x_wconf 88' lang='lat' dir='ltr'><strong>me</strong></span> <span class='ocrx_word' id='word_1_335' title='bbox 1344 2589 1393 2638; x_wconf 81' lang='lat' dir='ltr'><strong>uoti</strong></span> <span class='ocrx_word' id='word_1_336' title='bbox 1412 2593 1560 2652; x_wconf 88' lang='lat' dir='ltr'><strong>compotem,</strong></span> 
     </span>
     <span class='ocr_line' id='line_1_30' title="bbox 191 2655 1560 2724; baseline 0.001 -16"><span class='ocrx_word' id='word_1_337' title='bbox 191 2663 222 2708; x_wconf 85' lang='lat' dir='ltr'><strong>ut</strong></span> <span class='ocrx_word' id='word_1_338' title='bbox 238 2664 311 2708; x_wconf 85' lang='grc' dir='ltr'>ιιιιι</span> <span class='ocrx_word' id='word_1_339' title='bbox 331 2671 363 2708; x_wconf 85' lang='lat' dir='ltr'><strong>es</strong></span> <span class='ocrx_word' id='word_1_340' title='bbox 382 2659 412 2710; x_wconf 87' lang='lat' dir='ltr'><strong>de</strong></span> <span class='ocrx_word' id='word_1_341' title='bbox 430 2672 458 2708; x_wconf 93' lang='lat' dir='ltr'><strong>re</strong></span> <span class='ocrx_word' id='word_1_342' title='bbox 476 2660 627 2708; x_wconf 82' lang='grc' dir='ltr'>ιιιιιιιιιιι</span> <span class='ocrx_word' id='word_1_343' title='bbox 644 2657 724 2708; x_wconf 89' lang='lat' dir='ltr'><strong>latam</strong></span> <span class='ocrx_word' id='word_1_344' title='bbox 743 2655 867 2723; x_wconf 82' lang='lat' dir='ltr'><strong>(quaeque</strong></span> <span class='ocrx_word' id='word_1_345' title='bbox 883 2661 936 2721; x_wconf 87' lang='lat' dir='ltr'><strong>jam</strong></span> <span class='ocrx_word' id='word_1_346' title='bbox 948 2660 1040 2723; x_wconf 81' lang='lat' dir='ltr'><strong>publici</strong></span> <span class='ocrx_word' id='word_1_347' title='bbox 1055 2662 1116 2724; x_wconf 75' lang='lat' dir='ltr'><strong>juris</strong></span> <span class='ocrx_word' id='word_1_348' title='bbox 1131 2661 1202 2710; x_wconf 87' lang='lat' dir='ltr'><strong>laets</strong></span> <span class='ocrx_word' id='word_1_349' title='bbox 1214 2657 1264 2722; x_wconf 83' lang='lat' dir='ltr'><strong>est)</strong></span> <span class='ocrx_word' id='word_1_350' title='bbox 1282 2661 1379 2724; x_wconf 86' lang='lat' dir='ltr'><strong>plenius</strong></span> <span class='ocrx_word' id='word_1_351' title='bbox 1398 2665 1473 2724; x_wconf 85' lang='lat' dir='ltr'><strong>atqua</strong></span> <span class='ocrx_word' id='word_1_352' title='bbox 1490 2661 1560 2724; x_wconf 87' lang='lat' dir='ltr'><strong>peni-</strong></span> 
     </span>
     <span class='ocr_line' id='line_1_31' title="bbox 192 2728 1561 2796; baseline 0.001 -19"><span class='ocrx_word' id='word_1_353' title='bbox 192 2731 258 2786; x_wconf 85' lang='lat' dir='ltr'><strong>tius,</strong></span> <span class='ocrx_word' id='word_1_354' title='bbox 287 2735 315 2780; x_wconf 84' lang='lat' dir='ltr'><strong>et</strong></span> <span class='ocrx_word' id='word_1_355' title='bbox 340 2743 374 2780; x_wconf 86' lang='lat' dir='ltr'><strong>an</strong></span> <span class='ocrx_word' id='word_1_356' title='bbox 397 2729 479 2780; x_wconf 81' lang='lat' dir='ltr'><strong>adhuc</strong></span> <span class='ocrx_word' id='word_1_357' title='bbox 502 2728 542 2778; x_wconf 86' lang='lat' dir='ltr'><strong>vel</strong></span> <span class='ocrx_word' id='word_1_358' title='bbox 566 2730 666 2784; x_wconf 82' lang='lat' dir='ltr'><strong>eadem,</strong></span> <span class='ocrx_word' id='word_1_359' title='bbox 694 2729 733 2780; x_wconf 91' lang='lat' dir='ltr'><strong>rel</strong></span> <span class='ocrx_word' id='word_1_360' title='bbox 757 2729 937 2792; x_wconf 89' lang='lat' dir='ltr'><strong>aliquantulum</strong></span> <span class='ocrx_word' id='word_1_361' title='bbox 959 2731 1022 2780; x_wconf 89' lang='lat' dir='ltr'><strong>lorte</strong></span> <span class='ocrx_word' id='word_1_362' title='bbox 1045 2733 1178 2782; x_wconf 89' lang='lat' dir='ltr'><strong>immutata</strong></span> <span class='ocrx_word' id='word_1_363' title='bbox 1201 2733 1315 2796; x_wconf 90' lang='lat' dir='ltr'><strong>opinione</strong></span> <span class='ocrx_word' id='word_1_364' title='bbox 1338 2735 1449 2795; x_wconf 86' lang='lat' dir='ltr'><strong>perstare</strong></span> <span class='ocrx_word' id='word_1_365' title='bbox 1475 2732 1561 2796; x_wconf 91' lang='lat' dir='ltr'><strong>cupias</strong></span> 
     </span>
     <span class='ocr_line' id='line_1_32' title="bbox 192 2799 1137 2866; baseline 0 -16"><span class='ocrx_word' id='word_1_366' title='bbox 192 2815 345 2866; x_wconf 82' lang='lat' dir='ltr'><strong>cognoscam</strong></span> <span class='ocrx_word' id='word_1_367' title='bbox 365 2807 440 2864; x_wconf 84' lang='lat' dir='ltr'><strong>atque</strong></span> <span class='ocrx_word' id='word_1_368' title='bbox 458 2799 604 2864; x_wconf 85' lang='lat' dir='ltr'><strong>intelligam.</strong></span> <span class='ocrx_word' id='word_1_369' title='bbox 642 2799 715 2850; x_wconf 83' lang='lat' dir='ltr'><strong>Vale.</strong></span> <span class='ocrx_word' id='word_1_370' title='bbox 753 2799 851 2866; x_wconf 88' lang='lat' dir='ltr'><strong>Pragae</strong></span> <span class='ocrx_word' id='word_1_371' title='bbox 870 2799 886 2849; x_wconf 83' lang='grc' dir='ltr'><strong>ι</strong></span> <span class='ocrx_word' id='word_1_372' title='bbox 906 2801 959 2850; x_wconf 81' lang='lat' dir='ltr'><strong>Gal.</strong></span> <span class='ocrx_word' id='word_1_373' title='bbox 979 2802 1038 2851; x_wconf 90' lang='lat' dir='ltr'><strong>Jun.</strong></span> <span class='ocrx_word' id='word_1_374' title='bbox 1061 2799 1137 2850; x_wconf 86' lang='grc'>1597.</span> 
     </span>
    </p>

    <p class='ocr_par' dir='ltr' id='par_1_5' title="bbox 265 2871 1559 2936">
     <span class='ocr_line' id='line_1_33' title="bbox 265 2871 1559 2936; baseline -0.002 -15"><span class='ocrx_word' id='word_1_375' title='bbox 265 2871 337 2932; x_wconf 80' lang='lat' dir='ltr'><strong>Quas</strong></span> <span class='ocrx_word' id='word_1_376' title='bbox 355 2871 413 2921; x_wconf 86' lang='lat' dir='ltr'><strong>Ursi</strong></span> <span class='ocrx_word' id='word_1_377' title='bbox 431 2871 517 2921; x_wconf 82' lang='lat' dir='ltr'><strong>literas</strong></span> <span class='ocrx_word' id='word_1_378' title='bbox 535 2873 557 2920; x_wconf 89' lang='lat' dir='ltr'><strong>si</strong></span> <span class='ocrx_word' id='word_1_379' title='bbox 575 2871 754 2934; x_wconf 84' lang='lat' dir='ltr'><strong>comparaveris</strong></span> <span class='ocrx_word' id='word_1_380' title='bbox 773 2887 829 2921; x_wconf 88' lang='lat' dir='ltr'><strong>cum</strong></span> <span class='ocrx_word' id='word_1_381' title='bbox 847 2873 989 2935; x_wconf 82' lang='lat' dir='ltr'><strong>praemissis</strong></span> <span class='ocrx_word' id='word_1_382' title='bbox 1001 2871 1104 2936; x_wconf 89' lang='lat' dir='ltr'><strong>Keplerl</strong></span> <span class='ocrx_word' id='word_1_383' title='bbox 1122 2873 1201 2922; x_wconf 89' lang='lat' dir='ltr'><strong>literis</strong></span> <span class='ocrx_word' id='word_1_384' title='bbox 1224 2873 1323 2922; x_wconf 89' lang='lat' dir='ltr'><strong>biennio</strong></span> <span class='ocrx_word' id='word_1_385' title='bbox 1342 2872 1393 2920; x_wconf 88' lang='lat' dir='ltr'><strong>iere</strong></span> <span class='ocrx_word' id='word_1_386' title='bbox 1412 2877 1471 2920; x_wconf 87' lang='lat' dir='ltr'><strong>ante</strong></span> <span class='ocrx_word' id='word_1_387' title='bbox 1485 2871 1559 2932; x_wconf 91' lang='lat' dir='ltr'><strong>datis,</strong></span> 
     </span>
    </p>

    <p class='ocr_par' dir='ltr' id='par_1_6' title="bbox 158 2934 1566 3438">
     <span class='ocr_line' id='line_1_34' title="bbox 158 2934 1561 3008; baseline -0.003 -15"><span class='ocrx_word' id='word_1_388' title='bbox 158 2934 160 2940; x_wconf 76' lang='lat'>&#39;</span> <span class='ocrx_word' id='word_1_389' title='bbox 190 2943 264 2993; x_wconf 79' lang='lat' dir='ltr'><strong>hand</strong></span> <span class='ocrx_word' id='word_1_390' title='bbox 282 2943 387 2992; x_wconf 87' lang='lat' dir='ltr'><strong>ohsenre</strong></span> <span class='ocrx_word' id='word_1_391' title='bbox 410 2943 521 3006; x_wconf 82' lang='lat' dir='ltr'><strong>patebit,</strong></span> <span class='ocrx_word' id='word_1_392' title='bbox 540 2941 630 2992; x_wconf 86' lang='lat' dir='ltr'><strong>Ursum</strong></span> <span class='ocrx_word' id='word_1_393' title='bbox 651 2941 727 3007; x_wconf 82' lang='lat' dir='ltr'><strong>plane</strong></span> <span class='ocrx_word' id='word_1_394' title='bbox 749 2943 888 3007; x_wconf 83' lang='lat' dir='ltr'><strong>neglexisse</strong></span> <span class='ocrx_word' id='word_1_395' title='bbox 912 2958 959 2999; x_wconf 80' lang='lat' dir='ltr'><strong>ea,</strong></span> <span class='ocrx_word' id='word_1_396' title='bbox 986 2958 1051 3007; x_wconf 89' lang='lat' dir='ltr'><strong>qnae</strong></span> <span class='ocrx_word' id='word_1_397' title='bbox 1072 2945 1118 3006; x_wconf 89' lang='lat' dir='ltr'><strong>ipsi</strong></span> <span class='ocrx_word' id='word_1_398' title='bbox 1137 2943 1260 3008; x_wconf 84' lang='lat' dir='ltr'><strong>Keplerus</strong></span> <span class='ocrx_word' id='word_1_399' title='bbox 1279 2943 1419 3006; x_wconf 76' lang='lat' dir='ltr'><strong>scripserat,</strong></span> <span class='ocrx_word' id='word_1_400' title='bbox 1439 2942 1509 3005; x_wconf 79' lang='lat' dir='ltr'><strong>quaet</strong></span> <span class='ocrx_word' id='word_1_401' title='bbox 1528 2941 1561 2990; x_wconf 86' lang='lat' dir='ltr'><strong>ab</strong></span> 
     </span>
     <span class='ocr_line' id='line_1_35' title="bbox 190 3003 1560 3080; baseline -0.003 -16"><span class='ocrx_word' id='word_1_402' title='bbox 190 3015 294 3064; x_wconf 85' lang='lat' dir='ltr'><strong>homine</strong></span> <span class='ocrx_word' id='word_1_403' title='bbox 312 3015 401 3080; x_wconf 84' lang='lat' dir='ltr'><strong>ignoto</strong></span> <span class='ocrx_word' id='word_1_404' title='bbox 419 3013 493 3070; x_wconf 85' lang='lat' dir='ltr'><strong>data,</strong></span> <span class='ocrx_word' id='word_1_405' title='bbox 513 3019 540 3063; x_wconf 90' lang='lat' dir='ltr'><strong>et</strong></span> <span class='ocrx_word' id='word_1_406' title='bbox 556 3019 609 3064; x_wconf 86' lang='lat' dir='ltr'><strong>tum</strong></span> <span class='ocrx_word' id='word_1_407' title='bbox 627 3013 739 3072; x_wconf 82' lang='lat' dir='ltr'><strong>demum,</strong></span> <span class='ocrx_word' id='word_1_408' title='bbox 758 3029 832 3078; x_wconf 88' lang='lat' dir='ltr'><strong>quum</strong></span> <span class='ocrx_word' id='word_1_409' title='bbox 851 3003 1060 3065; x_wconf 71' lang='lat' dir='ltr'><strong>auimadrirteret</strong></span> <span class='ocrx_word' id='word_1_410' title='bbox 1084 3015 1124 3064; x_wconf 91' lang='lat' dir='ltr'><strong>rel</strong></span> <span class='ocrx_word' id='word_1_411' title='bbox 1142 3015 1173 3063; x_wconf 90' lang='lat' dir='ltr'><strong>ab</strong></span> <span class='ocrx_word' id='word_1_412' title='bbox 1192 3014 1247 3064; x_wconf 86' lang='lat' dir='ltr'><strong>aliis</strong></span> <span class='ocrx_word' id='word_1_413' title='bbox 1265 3013 1437 3076; x_wconf 86' lang='lat' dir='ltr'><strong>comperisset,</strong></span> <span class='ocrx_word' id='word_1_414' title='bbox 1455 3010 1560 3074; x_wconf 81' lang='lat' dir='ltr'><strong>Kepleri</strong></span> 
     </span>
     <span class='ocr_line' id='line_1_36' title="bbox 191 3082 1560 3150; baseline -0.001 -16"><span class='ocrx_word' id='word_1_415' title='bbox 191 3085 342 3149; x_wconf 85' lang='lat' dir='ltr'><strong>opusculum</strong></span> <span class='ocrx_word' id='word_1_416' title='bbox 360 3100 411 3134; x_wconf 93' lang='lat' dir='ltr'><strong>non</strong></span> <span class='ocrx_word' id='word_1_417' title='bbox 430 3085 505 3148; x_wconf 86' lang='lat' dir='ltr'><strong>plane</strong></span> <span class='ocrx_word' id='word_1_418' title='bbox 523 3099 578 3134; x_wconf 91' lang='lat' dir='ltr'><strong>esse</strong></span> <span class='ocrx_word' id='word_1_419' title='bbox 596 3085 769 3147; x_wconf 87' lang='lat' dir='ltr'><strong>rejiciendum,</strong></span> <span class='ocrx_word' id='word_1_420' title='bbox 789 3086 880 3146; x_wconf 81' lang='lat' dir='ltr'><strong>riuum,</strong></span> <span class='ocrx_word' id='word_1_421' title='bbox 906 3087 945 3136; x_wconf 89' lang='lat' dir='ltr'><strong>cni</strong></span> <span class='ocrx_word' id='word_1_422' title='bbox 964 3084 1135 3149; x_wconf 87' lang='lat' dir='ltr'><strong>responderet,</strong></span> <span class='ocrx_word' id='word_1_423' title='bbox 1156 3086 1257 3150; x_wconf 76' lang='lat' dir='ltr'><strong>dignuin</strong></span> <span class='ocrx_word' id='word_1_424' title='bbox 1275 3083 1398 3134; x_wconf 89' lang='lat' dir='ltr'><strong>habuisse.</strong></span> <span class='ocrx_word' id='word_1_425' title='bbox 1437 3082 1510 3142; x_wconf 85' lang='lat' dir='ltr'><strong>Quae</strong></span> <span class='ocrx_word' id='word_1_426' title='bbox 1528 3083 1560 3133; x_wconf 94' lang='lat' dir='ltr'><strong>de</strong></span> 
     </span>
     <span class='ocr_line' id='line_1_37' title="bbox 192 3154 1560 3222; baseline 0 -18"><span class='ocrx_word' id='word_1_427' title='bbox 192 3157 384 3220; x_wconf 83' lang='lat' dir='ltr'><strong>comparatione</strong></span> <span class='ocrx_word' id='word_1_428' title='bbox 402 3155 467 3204; x_wconf 89' lang='lat' dir='ltr'><strong>illius</strong></span> <span class='ocrx_word' id='word_1_429' title='bbox 487 3154 767 3220; x_wconf 78' lang='lat' dir='ltr'><strong>,consignatinncnlae“</strong></span> <span class='ocrx_word' id='word_1_430' title='bbox 788 3169 844 3204; x_wconf 92' lang='lat' dir='ltr'><strong>cum</strong></span> <span class='ocrx_word' id='word_1_431' title='bbox 862 3156 964 3221; x_wconf 87' lang='lat' dir='ltr'><strong>Kepleri</strong></span> <span class='ocrx_word' id='word_1_432' title='bbox 985 3155 1208 3222; x_wconf 69' lang='lat' dir='ltr'><strong>,cognationibus“</strong></span> <span class='ocrx_word' id='word_1_433' title='bbox 1228 3155 1367 3210; x_wconf 75' lang='lat' dir='ltr'><strong>tabuerat.</strong></span> <span class='ocrx_word' id='word_1_434' title='bbox 1390 3167 1474 3204; x_wconf 85' lang='lat' dir='ltr'><strong>marae</strong></span> <span class='ocrx_word' id='word_1_435' title='bbox 1493 3161 1560 3204; x_wconf 88' lang='lat' dir='ltr'><strong>certe</strong></span> 
     </span>
     <span class='ocr_line' id='line_1_38' title="bbox 193 3225 1562 3293; baseline -0.001 -17"><span class='ocrx_word' id='word_1_436' title='bbox 193 3241 279 3293; x_wconf 83' lang='lat' dir='ltr'><strong>nugae</strong></span> <span class='ocrx_word' id='word_1_437' title='bbox 297 3232 364 3276; x_wconf 82' lang='lat' dir='ltr'><strong>sunt</strong></span> <span class='ocrx_word' id='word_1_438' title='bbox 394 3225 445 3277; x_wconf 85' lang='lat' dir='ltr'><strong>Sed</strong></span> <span class='ocrx_word' id='word_1_439' title='bbox 462 3226 564 3276; x_wconf 88' lang='lat' dir='ltr'><strong>ulterius</strong></span> <span class='ocrx_word' id='word_1_440' title='bbox 582 3241 723 3291; x_wconf 88' lang='lat' dir='ltr'><strong>progressus</strong></span> <span class='ocrx_word' id='word_1_441' title='bbox 741 3226 813 3276; x_wconf 87' lang='lat' dir='ltr'><strong>homo</strong></span> <span class='ocrx_word' id='word_1_442' title='bbox 832 3227 924 3292; x_wconf 87' lang='lat' dir='ltr'><strong>gloriae</strong></span> <span class='ocrx_word' id='word_1_443' title='bbox 944 3228 1046 3291; x_wconf 90' lang='lat' dir='ltr'><strong>cupidus</strong></span> <span class='ocrx_word' id='word_1_444' title='bbox 1063 3228 1177 3292; x_wconf 84' lang='lat' dir='ltr'><strong>praefixit</strong></span> <span class='ocrx_word' id='word_1_445' title='bbox 1196 3227 1324 3291; x_wconf 90' lang='lat' dir='ltr'><strong>epistolam</strong></span> <span class='ocrx_word' id='word_1_446' title='bbox 1342 3225 1452 3289; x_wconf 87' lang='lat' dir='ltr'><strong>Kepleri,</strong></span> <span class='ocrx_word' id='word_1_447' title='bbox 1471 3226 1562 3274; x_wconf 89' lang='lat' dir='ltr'><strong>nimias</strong></span> 
     </span>
     <span class='ocr_line' id='line_1_39' title="bbox 194 3291 1564 3363; baseline -0.003 -15"><span class='ocrx_word' id='word_1_448' title='bbox 194 3306 264 3348; x_wconf 77' lang='lat' dir='ltr'><strong>cane</strong></span> <span class='ocrx_word' id='word_1_449' title='bbox 282 3299 309 3348; x_wconf 87' lang='lat' dir='ltr'><strong>in</strong></span> <span class='ocrx_word' id='word_1_450' title='bbox 327 3299 408 3362; x_wconf 89' lang='lat' dir='ltr'><strong>ipsum</strong></span> <span class='ocrx_word' id='word_1_451' title='bbox 426 3297 514 3348; x_wconf 88' lang='lat' dir='ltr'><strong>landes</strong></span> <span class='ocrx_word' id='word_1_452' title='bbox 534 3304 716 3363; x_wconf 85' lang='lat' dir='ltr'><strong>congerentem,</strong></span> <span class='ocrx_word' id='word_1_453' title='bbox 735 3299 854 3348; x_wconf 87' lang='lat' dir='ltr'><strong>tractatui</strong></span> <span class='ocrx_word' id='word_1_454' title='bbox 875 3298 922 3356; x_wconf 89' lang='lat' dir='ltr'><strong>,de</strong></span> <span class='ocrx_word' id='word_1_455' title='bbox 941 3299 1111 3348; x_wconf 85' lang='lat' dir='ltr'><strong>astronomicis</strong></span> <span class='ocrx_word' id='word_1_456' title='bbox 1129 3297 1321 3362; x_wconf 69' lang='lat' dir='ltr'><strong>hypothesibus*</strong></span> <span class='ocrx_word' id='word_1_457' title='bbox 1343 3295 1454 3362; x_wconf 81' lang='lat' dir='ltr'><strong>(Pragae</strong></span> <span class='ocrx_word' id='word_1_458' title='bbox 1474 3291 1564 3357; x_wconf 77' lang='grc'>1597),</span> 
     </span>
     <span class='ocr_line' id='line_1_40' title="bbox 195 3368 1566 3438; baseline -0.002 -19"><span class='ocrx_word' id='word_1_459' title='bbox 195 3385 244 3435; x_wconf 88' lang='lat' dir='ltr'><strong>qno</strong></span> <span class='ocrx_word' id='word_1_460' title='bbox 268 3369 336 3420; x_wconf 89' lang='lat' dir='ltr'><strong>lecto</strong></span> <span class='ocrx_word' id='word_1_461' title='bbox 356 3368 474 3430; x_wconf 83' lang='lat' dir='ltr'><strong>Tycha,</strong></span> <span class='ocrx_word' id='word_1_462' title='bbox 501 3369 542 3433; x_wconf 91' lang='lat' dir='ltr'><strong>qui</strong></span> <span class='ocrx_word' id='word_1_463' title='bbox 562 3372 615 3432; x_wconf 85' lang='lat' dir='ltr'><strong>jam</strong></span> <span class='ocrx_word' id='word_1_464' title='bbox 640 3369 732 3418; x_wconf 89' lang='lat' dir='ltr'><strong>dudum</strong></span> <span class='ocrx_word' id='word_1_465' title='bbox 751 3369 841 3419; x_wconf 88' lang='lat' dir='ltr'><strong>Ursum</strong></span> <span class='ocrx_word' id='word_1_466' title='bbox 864 3369 923 3419; x_wconf 85' lang='lat' dir='ltr'><strong>iusti</strong></span> <span class='ocrx_word' id='word_1_467' title='bbox 947 3370 1083 3435; x_wconf 80' lang='lat' dir='ltr'><strong>arguuehat.</strong></span> <span class='ocrx_word' id='word_1_468' title='bbox 1109 3370 1219 3420; x_wconf 83' lang='lat' dir='ltr'><strong>infensus</strong></span> <span class='ocrx_word' id='word_1_469' title='bbox 1242 3370 1307 3420; x_wconf 87' lang='lat' dir='ltr'><strong>haee</strong></span> <span class='ocrx_word' id='word_1_470' title='bbox 1325 3368 1433 3432; x_wconf 80' lang='lat' dir='ltr'><strong>Keptero</strong></span> <span class='ocrx_word' id='word_1_471' title='bbox 1452 3368 1566 3438; x_wconf 63' lang='lat' dir='ltr'><strong>scripsit:</strong></span> 
     </span>
    </p>

    <p class='ocr_par' dir='ltr' id='par_1_7' title="bbox 266 3439 1566 3506">
     <span class='ocr_line' id='line_1_41' title="bbox 266 3439 1566 3506; baseline -0.002 -16"><span class='ocrx_word' id='word_1_472' title='bbox 266 3441 361 3490; x_wconf 79' lang='lat' dir='ltr'><strong>Nescio</strong></span> <span class='ocrx_word' id='word_1_473' title='bbox 374 3455 423 3504; x_wconf 92' lang='lat' dir='ltr'><strong>quo</strong></span> <span class='ocrx_word' id='word_1_474' title='bbox 436 3453 497 3489; x_wconf 89' lang='lat' dir='ltr'><strong>caen</strong></span> <span class='ocrx_word' id='word_1_475' title='bbox 516 3440 646 3497; x_wconf 82' lang='lat' dir='ltr'><strong>acciderit,</strong></span> <span class='ocrx_word' id='word_1_476' title='bbox 666 3446 695 3489; x_wconf 91' lang='lat' dir='ltr'><strong>ut</strong></span> <span class='ocrx_word' id='word_1_477' title='bbox 706 3439 773 3489; x_wconf 88' lang='lat' dir='ltr'><strong>idem</strong></span> <span class='ocrx_word' id='word_1_478' title='bbox 786 3439 943 3501; x_wconf 85' lang='lat' dir='ltr'><strong>tabellarius,</strong></span> <span class='ocrx_word' id='word_1_479' title='bbox 962 3441 1004 3506; x_wconf 92' lang='lat' dir='ltr'><strong>qui</strong></span> <span class='ocrx_word' id='word_1_480' title='bbox 1017 3441 1076 3490; x_wconf 88' lang='lat' dir='ltr'><strong>mihi</strong></span> <span class='ocrx_word' id='word_1_481' title='bbox 1089 3447 1146 3490; x_wconf 90' lang='lat' dir='ltr'><strong>tuas</strong></span> <span class='ocrx_word' id='word_1_482' title='bbox 1159 3440 1315 3491; x_wconf 88' lang='lat' dir='ltr'><strong>Helmstadio</strong></span> <span class='ocrx_word' id='word_1_483' title='bbox 1329 3441 1425 3496; x_wconf 88' lang='lat' dir='ltr'><strong>attulit,</strong></span> <span class='ocrx_word' id='word_1_484' title='bbox 1444 3439 1566 3489; x_wconf 75' lang='lat' dir='ltr'><strong>famosum</strong></span> 
     </span>
    </p>

    <p class='ocr_par' dir='ltr' id='par_1_8' title="bbox 167 3509 1569 4794">
     <span class='ocr_line' id='line_1_42' title="bbox 195 3509 1566 3578; baseline -0.003 -16"><span class='ocrx_word' id='word_1_485' title='bbox 195 3525 292 3578; x_wconf 86' lang='lat' dir='ltr'><strong>qnoque</strong></span> <span class='ocrx_word' id='word_1_486' title='bbox 312 3517 339 3562; x_wconf 86' lang='lat' dir='ltr'><strong>et</strong></span> <span class='ocrx_word' id='word_1_487' title='bbox 355 3511 477 3561; x_wconf 82' lang='lat' dir='ltr'><strong>netarium</strong></span> <span class='ocrx_word' id='word_1_488' title='bbox 488 3510 605 3574; x_wconf 88' lang='lat' dir='ltr'><strong>scriptum</strong></span> <span class='ocrx_word' id='word_1_489' title='bbox 619 3511 747 3573; x_wconf 72' lang='lat' dir='ltr'><strong>cniusdam</strong></span> <span class='ocrx_word' id='word_1_490' title='bbox 759 3512 804 3561; x_wconf 83' lang='lat' dir='ltr'><strong>ieri</strong></span> <span class='ocrx_word' id='word_1_491' title='bbox 823 3512 872 3560; x_wconf 87' lang='lat' dir='ltr'><strong>ursi</strong></span> <span class='ocrx_word' id='word_1_492' title='bbox 886 3512 977 3574; x_wconf 89' lang='lat' dir='ltr'><strong>potius,</strong></span> <span class='ocrx_word' id='word_1_493' title='bbox 995 3525 1069 3576; x_wconf 85' lang='lat' dir='ltr'><strong>qnam</strong></span> <span class='ocrx_word' id='word_1_494' title='bbox 1083 3514 1133 3562; x_wconf 84' lang='lat' dir='ltr'><strong>reri</strong></span> <span class='ocrx_word' id='word_1_495' title='bbox 1153 3513 1257 3562; x_wconf 90' lang='lat' dir='ltr'><strong>hominis</strong></span> <span class='ocrx_word' id='word_1_496' title='bbox 1271 3511 1329 3562; x_wconf 92' lang='lat' dir='ltr'><strong>inde</strong></span> <span class='ocrx_word' id='word_1_497' title='bbox 1347 3511 1405 3560; x_wconf 89' lang='lat' dir='ltr'><strong>mihi</strong></span> <span class='ocrx_word' id='word_1_498' title='bbox 1426 3509 1497 3559; x_wconf 88' lang='lat' dir='ltr'><strong>simul</strong></span> <span class='ocrx_word' id='word_1_499' title='bbox 1516 3511 1566 3558; x_wconf 88' lang='lat' dir='ltr'><strong>tuis</strong></span> 
     </span>
     <span class='ocr_line' id='line_1_43' title="bbox 196 3579 1564 3650; baseline -0.004 -18"><span class='ocrx_word' id='word_1_500' title='bbox 196 3582 327 3650; x_wconf 83' lang='lat' dir='ltr'><strong>alligatum</strong></span> <span class='ocrx_word' id='word_1_501' title='bbox 342 3581 489 3647; x_wconf 74' lang='lat' dir='ltr'><strong>adportant</strong></span> <span class='ocrx_word' id='word_1_502' title='bbox 523 3579 603 3644; x_wconf 84' lang='lat' dir='ltr'><strong>Hujus</strong></span> <span class='ocrx_word' id='word_1_503' title='bbox 622 3595 678 3631; x_wconf 92' lang='lat' dir='ltr'><strong>cnm</strong></span> <span class='ocrx_word' id='word_1_504' title='bbox 696 3582 851 3644; x_wconf 87' lang='lat' dir='ltr'><strong>impudentes</strong></span> <span class='ocrx_word' id='word_1_505' title='bbox 871 3581 1053 3632; x_wconf 87' lang='lat' dir='ltr'><strong>calumnias&#39;et</strong></span> <span class='ocrx_word' id='word_1_506' title='bbox 1070 3581 1174 3634; x_wconf 79' lang='lat' dir='ltr'><strong>infanda</strong></span> <span class='ocrx_word' id='word_1_507' title='bbox 1192 3583 1327 3633; x_wconf 88' lang='lat' dir='ltr'><strong>mendacia</strong></span> <span class='ocrx_word' id='word_1_508' title='bbox 1345 3589 1419 3645; x_wconf 86' lang='lat' dir='ltr'><strong>atque</strong></span> <span class='ocrx_word' id='word_1_509' title='bbox 1443 3580 1564 3643; x_wconf 78' lang='lat' dir='ltr'><strong>convicia,</strong></span> 
     </span>
     <span class='ocr_line' id='line_1_44' title="bbox 196 3646 1567 3718; baseline -0.004 -13"><span class='ocrx_word' id='word_1_510' title='bbox 196 3655 282 3718; x_wconf 88' lang='lat' dir='ltr'><strong>quibus</strong></span> <span class='ocrx_word' id='word_1_511' title='bbox 300 3667 378 3718; x_wconf 87' lang='lat' dir='ltr'><strong>supra</strong></span> <span class='ocrx_word' id='word_1_512' title='bbox 395 3653 497 3702; x_wconf 86' lang='lat' dir='ltr'><strong>modum</strong></span> <span class='ocrx_word' id='word_1_513' title='bbox 516 3657 542 3702; x_wconf 92' lang='lat' dir='ltr'><strong>et</strong></span> <span class='ocrx_word' id='word_1_514' title='bbox 560 3653 623 3704; x_wconf 86' lang='lat' dir='ltr'><strong>citra</strong></span> <span class='ocrx_word' id='word_1_515' title='bbox 640 3667 738 3702; x_wconf 86' lang='lat' dir='ltr'><strong>omnem</strong></span> <span class='ocrx_word' id='word_1_516' title='bbox 756 3653 930 3704; x_wconf 85' lang='lat' dir='ltr'><strong>verecundiam</strong></span> <span class='ocrx_word' id='word_1_517' title='bbox 943 3659 1034 3710; x_wconf 90' lang='lat' dir='ltr'><strong>scatet,</strong></span> <span class='ocrx_word' id='word_1_518' title='bbox 1052 3655 1132 3704; x_wconf 85' lang='lat' dir='ltr'><strong>obiter</strong></span> <span class='ocrx_word' id='word_1_519' title='bbox 1143 3667 1319 3718; x_wconf 87' lang='lat' dir='ltr'><strong>percurrerem.</strong></span> <span class='ocrx_word' id='word_1_520' title='bbox 1339 3653 1419 3716; x_wconf 88' lang='lat' dir='ltr'><strong>reperi</strong></span> <span class='ocrx_word' id='word_1_521' title='bbox 1437 3652 1514 3701; x_wconf 86' lang='lat' dir='ltr'><strong>stiam</strong></span> <span class='ocrx_word' id='word_1_522' title='bbox 1531 3646 1567 3700; x_wconf 92' lang='lat' dir='ltr'><strong>ibl</strong></span> 
     </span>
     <span class='ocr_line' id='line_1_45' title="bbox 196 3721 1566 3791; baseline -0.004 -15"><span class='ocrx_word' id='word_1_523' title='bbox 196 3731 266 3776; x_wconf 81' lang='grc' dir='ltr'>ιιιιιι</span> <span class='ocrx_word' id='word_1_524' title='bbox 282 3725 411 3791; x_wconf 82' lang='lat' dir='ltr'><strong>quoddam</strong></span> <span class='ocrx_word' id='word_1_525' title='bbox 430 3723 584 3787; x_wconf 87' lang='lat' dir='ltr'><strong>epistolium,</strong></span> <span class='ocrx_word' id='word_1_526' title='bbox 604 3739 651 3789; x_wconf 85' lang='lat' dir='ltr'><strong>quo</strong></span> <span class='ocrx_word' id='word_1_527' title='bbox 669 3738 697 3774; x_wconf 88' lang='lat' dir='ltr'><strong>se</strong></span> <span class='ocrx_word' id='word_1_528' title='bbox 716 3739 804 3776; x_wconf 85' lang='lat' dir='ltr'><strong>ornare</strong></span> <span class='ocrx_word' id='word_1_529' title='bbox 823 3731 849 3774; x_wconf 92' lang='lat' dir='ltr'><strong>et</strong></span> <span class='ocrx_word' id='word_1_530' title='bbox 866 3739 914 3774; x_wconf 88' lang='lat' dir='ltr'><strong>sna</strong></span> <span class='ocrx_word' id='word_1_531' title='bbox 930 3725 1028 3790; x_wconf 70' lang='lat' dir='ltr'><strong>flegitm</strong></span> <span class='ocrx_word' id='word_1_532' title='bbox 1045 3731 1131 3790; x_wconf 89' lang='lat' dir='ltr'><strong>tegere</strong></span> <span class='ocrx_word' id='word_1_533' title='bbox 1149 3727 1244 3776; x_wconf 81' lang='grc' dir='ltr'>ιιιὶιιιι.</span> <span class='ocrx_word' id='word_1_534' title='bbox 1282 3724 1353 3786; x_wconf 73' lang='lat' dir='ltr'><strong>Quod</strong></span> <span class='ocrx_word' id='word_1_535' title='bbox 1373 3738 1429 3774; x_wconf 88' lang='lat' dir='ltr'><strong>cum</strong></span> <span class='ocrx_word' id='word_1_536' title='bbox 1446 3721 1566 3786; x_wconf 85' lang='lat' dir='ltr'><strong>perlegis-</strong></span> 
     </span>
     <span class='ocr_line' id='line_1_46' title="bbox 197 3793 1566 3861; baseline -0.001 -17"><span class='ocrx_word' id='word_1_537' title='bbox 197 3812 257 3856; x_wconf 86' lang='lat' dir='ltr'><strong>sem,</strong></span> <span class='ocrx_word' id='word_1_538' title='bbox 275 3799 383 3848; x_wconf 75' lang='lat' dir='ltr'><strong>minsas</strong></span> <span class='ocrx_word' id='word_1_539' title='bbox 401 3810 457 3844; x_wconf 89' lang='lat' dir='ltr'><strong>sum</strong></span> <span class='ocrx_word' id='word_1_540' title='bbox 476 3802 502 3845; x_wconf 88' lang='lat' dir='ltr'><strong>te</strong></span> <span class='ocrx_word' id='word_1_541' title='bbox 521 3809 578 3845; x_wconf 90' lang='lat' dir='ltr'><strong>enm</strong></span> <span class='ocrx_word' id='word_1_542' title='bbox 596 3797 660 3846; x_wconf 89' lang='lat' dir='ltr'><strong>tanti</strong></span> <span class='ocrx_word' id='word_1_543' title='bbox 679 3795 770 3846; x_wconf 88' lang='lat' dir='ltr'><strong>lacere.</strong></span> <span class='ocrx_word' id='word_1_544' title='bbox 801 3795 852 3846; x_wconf 81' lang='lat' dir='ltr'><strong>Sed</strong></span> <span class='ocrx_word' id='word_1_545' title='bbox 865 3809 971 3846; x_wconf 89' lang='lat' dir='ltr'><strong>errorem</strong></span> <span class='ocrx_word' id='word_1_546' title='bbox 984 3798 1107 3854; x_wconf 85' lang='lat' dir='ltr'><strong>excusari,</strong></span> <span class='ocrx_word' id='word_1_547' title='bbox 1127 3797 1191 3861; x_wconf 90' lang='lat' dir='ltr'><strong>quod</strong></span> <span class='ocrx_word' id='word_1_548' title='bbox 1210 3796 1308 3846; x_wconf 89' lang='lat' dir='ltr'><strong>nonnisi</strong></span> <span class='ocrx_word' id='word_1_549' title='bbox 1326 3794 1413 3845; x_wconf 85' lang='lat' dir='ltr'><strong>auditu</strong></span> <span class='ocrx_word' id='word_1_550' title='bbox 1432 3800 1458 3844; x_wconf 88' lang='lat' dir='ltr'><strong>et</strong></span> <span class='ocrx_word' id='word_1_551' title='bbox 1475 3793 1566 3856; x_wconf 89' lang='lat' dir='ltr'><strong>scripto</strong></span> 
     </span>
     <span class='ocr_line' id='line_1_47' title="bbox 198 3863 1567 3934; baseline -0.001 -18"><span class='ocrx_word' id='word_1_552' title='bbox 198 3869 255 3924; x_wconf 84' lang='lat' dir='ltr'><strong>isto.</strong></span> <span class='ocrx_word' id='word_1_553' title='bbox 280 3869 348 3934; x_wconf 91' lang='lat' dir='ltr'><strong>quod</strong></span> <span class='ocrx_word' id='word_1_554' title='bbox 367 3867 569 3916; x_wconf 82' lang='lat' dir='ltr'><strong>Fundamentum</strong></span> <span class='ocrx_word' id='word_1_555' title='bbox 587 3872 662 3916; x_wconf 86' lang='lat' dir='ltr'><strong>vocat</strong></span> <span class='ocrx_word' id='word_1_556' title='bbox 680 3867 892 3928; x_wconf 73' lang='lat' dir='ltr'><strong>Asuonomicum,</strong></span> <span class='ocrx_word' id='word_1_557' title='bbox 917 3866 963 3917; x_wconf 92' lang='lat' dir='ltr'><strong>hoc</strong></span> <span class='ocrx_word' id='word_1_558' title='bbox 982 3866 1092 3917; x_wconf 83' lang='lat' dir='ltr'><strong>iaceres:</strong></span> <span class='ocrx_word' id='word_1_559' title='bbox 1118 3869 1143 3916; x_wconf 91' lang='lat' dir='ltr'><strong>iu</strong></span> <span class='ocrx_word' id='word_1_560' title='bbox 1163 3883 1210 3931; x_wconf 91' lang='lat' dir='ltr'><strong>quo</strong></span> <span class='ocrx_word' id='word_1_561' title='bbox 1229 3867 1280 3918; x_wconf 86' lang='lat' dir='ltr'><strong>lere</strong></span> <span class='ocrx_word' id='word_1_562' title='bbox 1303 3865 1364 3916; x_wconf 91' lang='lat' dir='ltr'><strong>nihil</strong></span> <span class='ocrx_word' id='word_1_563' title='bbox 1386 3865 1476 3922; x_wconf 88' lang='lat' dir='ltr'><strong>hahet,</strong></span> <span class='ocrx_word' id='word_1_564' title='bbox 1502 3863 1567 3929; x_wconf 85' lang='lat' dir='ltr'><strong>quod</strong></span> 
     </span>
     <span class='ocr_line' id='line_1_48' title="bbox 198 3935 1568 4004; baseline -0.004 -14"><span class='ocrx_word' id='word_1_565' title='bbox 198 3955 265 3990; x_wconf 82' lang='lat' dir='ltr'><strong>suum</strong></span> <span class='ocrx_word' id='word_1_566' title='bbox 280 3945 328 3990; x_wconf 85' lang='lat' dir='ltr'><strong>est.</strong></span> <span class='ocrx_word' id='word_1_567' title='bbox 361 3938 456 3988; x_wconf 90' lang='lat' dir='ltr'><strong>Omnia</strong></span> <span class='ocrx_word' id='word_1_568' title='bbox 470 3939 552 4002; x_wconf 87' lang='lat' dir='ltr'><strong>potius</strong></span> <span class='ocrx_word' id='word_1_569' title='bbox 571 3939 625 3988; x_wconf 89' lang='lat' dir='ltr'><strong>allia</strong></span> <span class='ocrx_word' id='word_1_570' title='bbox 643 3944 756 4002; x_wconf 88' lang='lat' dir='ltr'><strong>surrepta</strong></span> <span class='ocrx_word' id='word_1_571' title='bbox 769 3946 795 3988; x_wconf 87' lang='lat' dir='ltr'><strong>et</strong></span> <span class='ocrx_word' id='word_1_572' title='bbox 812 3944 951 4004; x_wconf 80' lang='lat' dir='ltr'><strong>praerepta,</strong></span> <span class='ocrx_word' id='word_1_573' title='bbox 970 3943 1042 4001; x_wconf 88' lang='lat' dir='ltr'><strong>prout</strong></span> <span class='ocrx_word' id='word_1_574' title='bbox 1053 3939 1138 3988; x_wconf 83' lang='lat' dir='ltr'><strong>iacere</strong></span> <span class='ocrx_word' id='word_1_575' title='bbox 1152 3940 1285 3988; x_wconf 86' lang='lat' dir='ltr'><strong>consuerit.</strong></span> <span class='ocrx_word' id='word_1_576' title='bbox 1314 3937 1347 3987; x_wconf 88' lang='lat' dir='ltr'><strong>Et</strong></span> <span class='ocrx_word' id='word_1_577' title='bbox 1364 3937 1483 4002; x_wconf 84' lang='lat' dir='ltr'><strong>plagium,</strong></span> <span class='ocrx_word' id='word_1_578' title='bbox 1502 3935 1568 4000; x_wconf 93' lang='lat' dir='ltr'><strong>qnod</strong></span> 
     </span>
     <span class='ocr_line' id='line_1_49' title="bbox 198 4007 1568 4079; baseline -0.005 -16"><span class='ocrx_word' id='word_1_579' title='bbox 198 4027 242 4079; x_wconf 73' lang='lat' dir='ltr'><strong>ego</strong></span> <span class='ocrx_word' id='word_1_580' title='bbox 259 4014 306 4077; x_wconf 84' lang='lat' dir='ltr'><strong>ipsi</strong></span> <span class='ocrx_word' id='word_1_581' title='bbox 324 4013 425 4075; x_wconf 83' lang='lat' dir='ltr'><strong>imputo</strong></span> <span class='ocrx_word' id='word_1_582' title='bbox 444 4010 470 4058; x_wconf 90' lang='lat' dir='ltr'><strong>in</strong></span> <span class='ocrx_word' id='word_1_583' title='bbox 489 4010 551 4058; x_wconf 88' lang='lat' dir='ltr'><strong>meis</strong></span> <span class='ocrx_word' id='word_1_584' title='bbox 569 4007 754 4073; x_wconf 83' lang='lat' dir='ltr'><strong>hypothesibus,</strong></span> <span class='ocrx_word' id='word_1_585' title='bbox 773 4023 823 4059; x_wconf 89' lang='lat' dir='ltr'><strong>non</strong></span> <span class='ocrx_word' id='word_1_586' title='bbox 841 4009 930 4059; x_wconf 89' lang='lat' dir='ltr'><strong>saltem</strong></span> <span class='ocrx_word' id='word_1_587' title='bbox 949 4023 1016 4059; x_wconf 88' lang='lat' dir='ltr'><strong>error</strong></span> <span class='ocrx_word' id='word_1_588' title='bbox 1033 4020 1144 4068; x_wconf 80' lang='lat' dir='ltr'><strong>emerus,</strong></span> <span class='ocrx_word' id='word_1_589' title='bbox 1164 4023 1236 4073; x_wconf 89' lang='lat' dir='ltr'><strong>quem</strong></span> <span class='ocrx_word' id='word_1_590' title='bbox 1253 4011 1280 4058; x_wconf 91' lang='lat' dir='ltr'><strong>in</strong></span> <span class='ocrx_word' id='word_1_591' title='bbox 1299 4009 1465 4060; x_wconf 87' lang='lat' dir='ltr'><strong>delineatione</strong></span> <span class='ocrx_word' id='word_1_592' title='bbox 1482 4007 1568 4056; x_wconf 82' lang='lat' dir='ltr'><strong>Martii</strong></span> 
     </span>
     <span class='ocr_line' id='line_1_50' title="bbox 197 4080 1568 4145; baseline -0.003 -11"><span class='ocrx_word' id='word_1_593' title='bbox 197 4085 258 4136; x_wconf 66' lang='lat' dir='ltr'><strong>erlis</strong></span> <span class='ocrx_word' id='word_1_594' title='bbox 275 4083 412 4138; x_wconf 85' lang='lat' dir='ltr'><strong>commisit,</strong></span> <span class='ocrx_word' id='word_1_595' title='bbox 433 4081 480 4131; x_wconf 87' lang='lat' dir='ltr'><strong>sed</strong></span> <span class='ocrx_word' id='word_1_596' title='bbox 498 4085 525 4130; x_wconf 88' lang='lat' dir='ltr'><strong>et</strong></span> <span class='ocrx_word' id='word_1_597' title='bbox 541 4081 621 4132; x_wconf 87' lang='lat' dir='ltr'><strong>mults</strong></span> <span class='ocrx_word' id='word_1_598' title='bbox 639 4081 697 4140; x_wconf 83' lang='lat' dir='ltr'><strong>ulia,</strong></span> <span class='ocrx_word' id='word_1_599' title='bbox 718 4095 783 4144; x_wconf 90' lang='lat' dir='ltr'><strong>quae</strong></span> <span class='ocrx_word' id='word_1_600' title='bbox 801 4096 845 4132; x_wconf 87' lang='lat' dir='ltr'><strong>suo</strong></span> <span class='ocrx_word' id='word_1_601' title='bbox 863 4087 975 4145; x_wconf 88' lang='lat' dir='ltr'><strong>tempore</strong></span> <span class='ocrx_word' id='word_1_602' title='bbox 992 4081 1111 4145; x_wconf 85' lang='lat' dir='ltr'><strong>pandam,</strong></span> <span class='ocrx_word' id='word_1_603' title='bbox 1131 4083 1287 4144; x_wconf 77' lang='lat' dir='ltr'><strong>convincunt.</strong></span> <span class='ocrx_word' id='word_1_604' title='bbox 1318 4081 1411 4145; x_wconf 77' lang='lat' dir='ltr'><strong>Estque</strong></span> <span class='ocrx_word' id='word_1_605' title='bbox 1430 4080 1568 4130; x_wconf 85' lang='lat' dir='ltr'><strong>etiamnum</strong></span> 
     </span>
     <span class='ocr_line' id='line_1_51' title="bbox 196 4151 1567 4222; baseline -0.006 -14"><span class='ocrx_word' id='word_1_606' title='bbox 196 4157 259 4222; x_wconf 82' lang='lat' dir='ltr'><strong>apud</strong></span> <span class='ocrx_word' id='word_1_607' title='bbox 277 4171 318 4208; x_wconf 88' lang='lat' dir='ltr'><strong>me</strong></span> <span class='ocrx_word' id='word_1_608' title='bbox 338 4152 480 4206; x_wconf 76' lang='lat' dir='ltr'><strong>fasciculus</strong></span> <span class='ocrx_word' id='word_1_609' title='bbox 500 4151 599 4215; x_wconf 85' lang='lat' dir='ltr'><strong>quidam</strong></span> <span class='ocrx_word' id='word_1_610' title='bbox 618 4165 716 4210; x_wconf 88' lang='lat' dir='ltr'><strong>eorum,</strong></span> <span class='ocrx_word' id='word_1_611' title='bbox 744 4167 809 4216; x_wconf 88' lang='lat' dir='ltr'><strong>quae</strong></span> <span class='ocrx_word' id='word_1_612' title='bbox 827 4153 926 4217; x_wconf 90' lang='lat' dir='ltr'><strong>quaudo</strong></span> <span class='ocrx_word' id='word_1_613' title='bbox 943 4153 1020 4202; x_wconf 90' lang='lat' dir='ltr'><strong>nobili</strong></span> <span class='ocrx_word' id='word_1_614' title='bbox 1043 4154 1142 4204; x_wconf 84' lang='lat' dir='ltr'><strong>cuidam</strong></span> <span class='ocrx_word' id='word_1_615' title='bbox 1161 4152 1234 4202; x_wconf 85' lang='lat' dir='ltr'><strong>Dauo</strong></span> <span class='ocrx_word' id='word_1_616' title='bbox 1260 4152 1331 4204; x_wconf 81' lang='lat' dir='ltr'><strong>affini</strong></span> <span class='ocrx_word' id='word_1_617' title='bbox 1348 4167 1403 4202; x_wconf 90' lang='lat' dir='ltr'><strong>meo</strong></span> <span class='ocrx_word' id='word_1_618' title='bbox 1421 4151 1567 4208; x_wconf 78' lang='lat' dir='ltr'><strong>inserviens.</strong></span> 
     </span>
     <span class='ocr_line' id='line_1_52' title="bbox 194 4221 1567 4288; baseline -0.005 -11"><span class='ocrx_word' id='word_1_619' title='bbox 194 4242 255 4280; x_wconf 87' lang='lat' dir='ltr'><strong>suno</strong></span> <span class='ocrx_word' id='word_1_620' title='bbox 275 4225 310 4278; x_wconf 79' lang='lat' dir='ltr'><strong>st</strong></span> <span class='ocrx_word' id='word_1_621' title='bbox 331 4241 392 4278; x_wconf 90' lang='lat' dir='ltr'><strong>cnm</strong></span> <span class='ocrx_word' id='word_1_622' title='bbox 414 4222 505 4274; x_wconf 86' lang='lat' dir='ltr'><strong>eodem</strong></span> <span class='ocrx_word' id='word_1_623' title='bbox 518 4221 667 4288; x_wconf 89' lang='lat' dir='ltr'><strong>Urauihurgi</strong></span> <span class='ocrx_word' id='word_1_624' title='bbox 686 4224 794 4282; x_wconf 84' lang='lat' dir='ltr'><strong>adesset,</strong></span> <span class='ocrx_word' id='word_1_625' title='bbox 816 4223 880 4273; x_wconf 85' lang='lat' dir='ltr'><strong>clam</strong></span> <span class='ocrx_word' id='word_1_626' title='bbox 900 4221 1041 4286; x_wconf 84' lang='lat' dir='ltr'><strong>descripsit:</strong></span> <span class='ocrx_word' id='word_1_627' title='bbox 1061 4225 1086 4273; x_wconf 91' lang='lat' dir='ltr'><strong>iu</strong></span> <span class='ocrx_word' id='word_1_628' title='bbox 1104 4221 1191 4288; x_wconf 90' lang='lat' dir='ltr'><strong>quibus</strong></span> <span class='ocrx_word' id='word_1_629' title='bbox 1210 4238 1260 4272; x_wconf 92' lang='lat' dir='ltr'><strong>non</strong></span> <span class='ocrx_word' id='word_1_630' title='bbox 1278 4223 1407 4274; x_wconf 82' lang='lat' dir='ltr'><strong>dissimilia</strong></span> <span class='ocrx_word' id='word_1_631' title='bbox 1426 4222 1484 4288; x_wconf 87' lang='lat' dir='ltr'><strong>egit.</strong></span> <span class='ocrx_word' id='word_1_632' title='bbox 1513 4221 1567 4286; x_wconf 87' lang='lat' dir='ltr'><strong>Ego</strong></span> 
     </span>
     <span class='ocr_line' id='line_1_53' title="bbox 192 4293 1569 4362; baseline -0.004 -18"><span class='ocrx_word' id='word_1_633' title='bbox 192 4315 250 4354; x_wconf 65' lang='lat' dir='ltr'><strong>sane</strong></span> <span class='ocrx_word' id='word_1_634' title='bbox 268 4301 336 4352; x_wconf 71' lang='lat' dir='ltr'><strong>ma</strong></span> <span class='ocrx_word' id='word_1_635' title='bbox 356 4293 541 4362; x_wconf 76' lang='lat' dir='ltr'><strong>hypothesium</strong></span> <span class='ocrx_word' id='word_1_636' title='bbox 558 4295 679 4344; x_wconf 86' lang='lat' dir='ltr'><strong>rationem</strong></span> <span class='ocrx_word' id='word_1_637' title='bbox 696 4295 749 4356; x_wconf 82' lang='lat' dir='ltr'><strong>jam</strong></span> <span class='ocrx_word' id='word_1_638' title='bbox 772 4294 845 4361; x_wconf 83' lang='lat' dir='ltr'><strong>longe</strong></span> <span class='ocrx_word' id='word_1_639' title='bbox 870 4300 946 4344; x_wconf 90' lang='lat' dir='ltr'><strong>antea</strong></span> <span class='ocrx_word' id='word_1_640' title='bbox 971 4295 1152 4360; x_wconf 79' lang='lat' dir='ltr'><strong>excogitarem,</strong></span> <span class='ocrx_word' id='word_1_641' title='bbox 1178 4309 1225 4345; x_wconf 91' lang='lat' dir='ltr'><strong>nec</strong></span> <span class='ocrx_word' id='word_1_642' title='bbox 1251 4309 1307 4345; x_wconf 89' lang='lat' dir='ltr'><strong>eam</strong></span> <span class='ocrx_word' id='word_1_643' title='bbox 1330 4295 1391 4343; x_wconf 91' lang='lat' dir='ltr'><strong>libro</strong></span> <span class='ocrx_word' id='word_1_644' title='bbox 1415 4293 1446 4342; x_wconf 89' lang='lat' dir='ltr'><strong>de</strong></span> <span class='ocrx_word' id='word_1_645' title='bbox 1470 4297 1569 4340; x_wconf 87' lang='lat' dir='ltr'><strong>cometa</strong></span> 
     </span>
     <span class='ocr_line' id='line_1_54' title="bbox 188 4363 1566 4432; baseline -0.012 -8"><span class='ocrx_word' id='word_1_646' title='bbox 188 4387 210 4424; x_wconf 78' lang='grc' dir='ltr'><strong>ι</strong></span> <span class='ocrx_word' id='word_1_647' title='bbox 231 4372 302 4424; x_wconf 67' lang='lat' dir='ltr'><strong>ihil</strong></span> <span class='ocrx_word' id='word_1_648' title='bbox 320 4369 505 4423; x_wconf 76' lang='grc' dir='ltr'>ιιιιιιιιιιιι,</span> <span class='ocrx_word' id='word_1_649' title='bbox 523 4365 572 4414; x_wconf 86' lang='lat' dir='ltr'><strong>uisi</strong></span> <span class='ocrx_word' id='word_1_650' title='bbox 590 4365 655 4416; x_wconf 85' lang='lat' dir='ltr'><strong>tales</strong></span> <span class='ocrx_word' id='word_1_651' title='bbox 672 4365 816 4432; x_wconf 83' lang='lat' dir='ltr'><strong>plagiarios,</strong></span> <span class='ocrx_word' id='word_1_652' title='bbox 835 4365 924 4430; x_wconf 86' lang='lat' dir='ltr'><strong>quihus</strong></span> <span class='ocrx_word' id='word_1_653' title='bbox 939 4365 1005 4415; x_wconf 85' lang='lat' dir='ltr'><strong>haec</strong></span> <span class='ocrx_word' id='word_1_654' title='bbox 1023 4366 1089 4428; x_wconf 86' lang='lat' dir='ltr'><strong>apud</strong></span> <span class='ocrx_word' id='word_1_655' title='bbox 1101 4379 1141 4414; x_wconf 89' lang='lat' dir='ltr'><strong>me</strong></span> <span class='ocrx_word' id='word_1_656' title='bbox 1159 4367 1328 4426; x_wconf 86' lang='lat' dir='ltr'><strong>innotuerant,</strong></span> <span class='ocrx_word' id='word_1_657' title='bbox 1349 4366 1440 4414; x_wconf 73' lang='lat' dir='ltr'><strong>veritus</strong></span> <span class='ocrx_word' id='word_1_658' title='bbox 1458 4363 1566 4412; x_wconf 87' lang='lat' dir='ltr'><strong>inissem.</strong></span> 
     </span>
     <span class='ocr_line' id='line_1_55' title="bbox 185 4433 1568 4509; baseline -0.01 -15"><span class='ocrx_word' id='word_1_659' title='bbox 185 4445 267 4509; x_wconf 68' lang='lat' dir='ltr'><strong>Quare</strong></span> <span class='ocrx_word' id='word_1_660' title='bbox 286 4453 315 4498; x_wconf 80' lang='lat' dir='ltr'><strong>et</strong></span> <span class='ocrx_word' id='word_1_661' title='bbox 332 4444 387 4494; x_wconf 91' lang='lat' dir='ltr'><strong>hoc</strong></span> <span class='ocrx_word' id='word_1_662' title='bbox 408 4439 505 4491; x_wconf 80' lang='lat' dir='ltr'><strong>miror,</strong></span> <span class='ocrx_word' id='word_1_663' title='bbox 530 4436 594 4500; x_wconf 89' lang='lat' dir='ltr'><strong>quod</strong></span> <span class='ocrx_word' id='word_1_664' title='bbox 617 4440 670 4500; x_wconf 83' lang='lat' dir='ltr'><strong>ejus</strong></span> <span class='ocrx_word' id='word_1_665' title='bbox 694 4451 768 4488; x_wconf 81' lang='lat' dir='ltr'><strong>uoces</strong></span> <span class='ocrx_word' id='word_1_666' title='bbox 790 4437 952 4501; x_wconf 83' lang='lat' dir='ltr'><strong>hypothesin.</strong></span> <span class='ocrx_word' id='word_1_667' title='bbox 979 4452 1034 4488; x_wconf 90' lang='lat' dir='ltr'><strong>cum</strong></span> <span class='ocrx_word' id='word_1_668' title='bbox 1058 4442 1084 4487; x_wconf 90' lang='lat' dir='ltr'><strong>et</strong></span> <span class='ocrx_word' id='word_1_669' title='bbox 1101 4438 1127 4485; x_wconf 93' lang='lat' dir='ltr'><strong>in</strong></span> <span class='ocrx_word' id='word_1_670' title='bbox 1145 4437 1205 4486; x_wconf 88' lang='lat' dir='ltr'><strong>libro</strong></span> <span class='ocrx_word' id='word_1_671' title='bbox 1223 4444 1267 4488; x_wconf 86' lang='grc' dir='ltr'><strong>ιιι</strong></span> <span class='ocrx_word' id='word_1_672' title='bbox 1286 4443 1312 4488; x_wconf 87' lang='lat' dir='ltr'><strong>et</strong></span> <span class='ocrx_word' id='word_1_673' title='bbox 1328 4437 1406 4486; x_wconf 84' lang='lat' dir='ltr'><strong>literis</strong></span> <span class='ocrx_word' id='word_1_674' title='bbox 1423 4433 1492 4484; x_wconf 87' lang='lat' dir='ltr'><strong>hiacs</strong></span> <span class='ocrx_word' id='word_1_675' title='bbox 1510 4443 1568 4480; x_wconf 85' lang='lat' dir='ltr'><strong>eam</strong></span> 
     </span>
     <span class='ocr_line' id='line_1_56' title="bbox 179 4502 1566 4584; baseline -0.006 -24"><span class='ocrx_word' id='word_1_676' title='bbox 179 4521 237 4572; x_wconf 63' lang='lat' dir='ltr'><strong>mm</strong></span> <span class='ocrx_word' id='word_1_677' title='bbox 256 4518 321 4584; x_wconf 66' lang='lat'><strong>(200</strong></span> <span class='ocrx_word' id='word_1_678' title='bbox 341 4505 493 4570; x_wconf 86' lang='lat' dir='ltr'><strong>immerito)</strong></span> <span class='ocrx_word' id='word_1_679' title='bbox 514 4509 643 4560; x_wconf 82' lang='lat' dir='ltr'><strong>attribuas.</strong></span> <span class='ocrx_word' id='word_1_680' title='bbox 672 4508 776 4558; x_wconf 88' lang='lat' dir='ltr'><strong>interim</strong></span> <span class='ocrx_word' id='word_1_681' title='bbox 788 4511 864 4558; x_wconf 87' lang='lat' dir='ltr'><strong>etiam</strong></span> <span class='ocrx_word' id='word_1_682' title='bbox 877 4521 972 4572; x_wconf 85' lang='lat' dir='ltr'><strong>magua</strong></span> <span class='ocrx_word' id='word_1_683' title='bbox 984 4511 1037 4569; x_wconf 83' lang='lat' dir='ltr'><strong>ejus</strong></span> <span class='ocrx_word' id='word_1_684' title='bbox 1049 4507 1180 4574; x_wconf 84' lang='lat' dir='ltr'><strong>praedicas</strong></span> <span class='ocrx_word' id='word_1_685' title='bbox 1193 4507 1283 4573; x_wconf 84' lang='lat' dir='ltr'><strong>elogia,</strong></span> <span class='ocrx_word' id='word_1_686' title='bbox 1301 4509 1398 4558; x_wconf 76' lang='lat' dir='ltr'><strong>utinm</strong></span> <span class='ocrx_word' id='word_1_687' title='bbox 1409 4519 1459 4552; x_wconf 92' lang='lat' dir='ltr'><strong>nou</strong></span> <span class='ocrx_word' id='word_1_688' title='bbox 1476 4502 1566 4562; x_wconf 80' lang='lat' dir='ltr'><strong>hyper·</strong></span> 
     </span>
     <span class='ocr_line' id='line_1_57' title="bbox 176 4571 1565 4646; baseline -0.003 -14"><span class='ocrx_word' id='word_1_689' title='bbox 176 4594 263 4646; x_wconf 53' lang='lat' dir='ltr'><strong>iona,</strong></span> <span class='ocrx_word' id='word_1_690' title='bbox 303 4589 338 4640; x_wconf 84' lang='lat' dir='ltr'><strong>tn</strong></span> <span class='ocrx_word' id='word_1_691' title='bbox 362 4581 447 4636; x_wconf 86' lang='lat' dir='ltr'><strong>titulo</strong></span> <span class='ocrx_word' id='word_1_692' title='bbox 469 4592 544 4628; x_wconf 85' lang='lat' dir='ltr'><strong>rocas</strong></span> <span class='ocrx_word' id='word_1_693' title='bbox 563 4595 619 4629; x_wconf 88' lang='lat' dir='ltr'><strong>cum</strong></span> <span class='ocrx_word' id='word_1_694' title='bbox 637 4580 843 4630; x_wconf 87' lang='lat' dir='ltr'><strong>mathematicum</strong></span> <span class='ocrx_word' id='word_1_695' title='bbox 861 4578 1054 4637; x_wconf 69' lang='lat' dir='ltr'><strong>nobilissimum</strong></span> <span class='ocrx_word' id='word_1_696' title='bbox 1074 4577 1152 4644; x_wconf 86' lang='lat' dir='ltr'><strong>qualis</strong></span> <span class='ocrx_word' id='word_1_697' title='bbox 1167 4579 1199 4628; x_wconf 91' lang='lat' dir='ltr'><strong>sit</strong></span> <span class='ocrx_word' id='word_1_698' title='bbox 1211 4576 1410 4628; x_wconf 82' lang='lat' dir='ltr'><strong>mathematicus.</strong></span> <span class='ocrx_word' id='word_1_699' title='bbox 1430 4587 1477 4620; x_wconf 73' lang='lat'><strong>11⁰⁰</strong></span> <span class='ocrx_word' id='word_1_700' title='bbox 1498 4571 1565 4619; x_wconf 67' lang='lat'>(¹5¹0-</span> 
     </span>
     <span class='ocr_line' id='line_1_58' title="bbox 171 4641 1566 4718; baseline -0.004 -15"><span class='ocrx_word' id='word_1_701' title='bbox 171 4669 214 4718; x_wconf 66' lang='lat' dir='ltr'><strong>,fm</strong></span> <span class='ocrx_word' id='word_1_702' title='bbox 242 4661 376 4716; x_wconf 63' lang='lat' dir='ltr'><strong>„obffieaa</strong></span> <span class='ocrx_word' id='word_1_703' title='bbox 394 4656 465 4716; x_wconf 86' lang='lat' dir='ltr'><strong>ejus,</strong></span> <span class='ocrx_word' id='word_1_704' title='bbox 487 4651 508 4699; x_wconf 87' lang='lat' dir='ltr'><strong>si</strong></span> <span class='ocrx_word' id='word_1_705' title='bbox 528 4663 607 4713; x_wconf 87' lang='lat' dir='ltr'><strong>genus</strong></span> <span class='ocrx_word' id='word_1_706' title='bbox 620 4655 726 4714; x_wconf 87' lang='lat' dir='ltr'><strong>spectes,</strong></span> <span class='ocrx_word' id='word_1_707' title='bbox 747 4656 785 4700; x_wconf 89' lang='lat' dir='ltr'><strong>est</strong></span> <span class='ocrx_word' id='word_1_708' title='bbox 798 4650 936 4700; x_wconf 87' lang='lat' dir='ltr'><strong>exresticis</strong></span> <span class='ocrx_word' id='word_1_709' title='bbox 949 4649 1107 4707; x_wconf 87' lang='lat' dir='ltr'><strong>Ditbmarsia,</strong></span> <span class='ocrx_word' id='word_1_710' title='bbox 1127 4650 1168 4714; x_wconf 90' lang='lat' dir='ltr'><strong>qui</strong></span> <span class='ocrx_word' id='word_1_711' title='bbox 1187 4663 1243 4699; x_wconf 90' lang='lat' dir='ltr'><strong>eum</strong></span> <span class='ocrx_word' id='word_1_712' title='bbox 1262 4650 1338 4699; x_wconf 86' lang='lat' dir='ltr'><strong>etiarn</strong></span> <span class='ocrx_word' id='word_1_713' title='bbox 1356 4641 1491 4692; x_wconf 75' lang='lat' dir='ltr'><strong>fastidiunt.</strong></span> <span class='ocrx_word' id='word_1_714' title='bbox 1523 4641 1566 4688; x_wconf 71' lang='grc' dir='ltr'><strong>Λῑι</strong></span> 
     </span>
     <span class='ocr_line' id='line_1_59' title="bbox 167 4705 1567 4794; baseline -0.01 -21"><span class='ocrx_word' id='word_1_715' title='bbox 167 4705 274 4794; x_wconf 44' lang='grc' dir='ltr'><strong>ιώ,</strong></span> <span class='ocrx_word' id='word_1_716' title='bbox 301 4724 521 4786; x_wconf 63' lang='lat' dir='ltr'><strong>inanissimam</strong></span> <span class='ocrx_word' id='word_1_717' title='bbox 543 4724 597 4783; x_wconf 82' lang='lat' dir='ltr'><strong>ejus</strong></span> <span class='ocrx_word' id='word_1_718' title='bbox 615 4722 719 4788; x_wconf 81' lang='lat' dir='ltr'><strong>gloriam</strong></span> <span class='ocrx_word' id='word_1_719' title='bbox 736 4724 817 4784; x_wconf 88' lang='lat' dir='ltr'><strong>ipsum</strong></span> <span class='ocrx_word' id='word_1_720' title='bbox 835 4723 880 4773; x_wconf 88' lang='lat' dir='ltr'><strong>tibi</strong></span> <span class='ocrx_word' id='word_1_721' title='bbox 899 4727 984 4771; x_wconf 87' lang='lat' dir='ltr'><strong>notum</strong></span> <span class='ocrx_word' id='word_1_722' title='bbox 1007 4721 1109 4775; x_wconf 84' lang='lat' dir='ltr'><strong>iecisse.</strong></span> <span class='ocrx_word' id='word_1_723' title='bbox 1137 4733 1187 4784; x_wconf 86' lang='lat' dir='ltr'><strong>qus</strong></span> <span class='ocrx_word' id='word_1_724' title='bbox 1208 4717 1397 4770; x_wconf 86' lang='lat' dir='ltr'><strong>mathematicos</strong></span> <span class='ocrx_word' id='word_1_725' title='bbox 1420 4711 1493 4770; x_wconf 74' lang='lat' dir='ltr'><strong>hujus</strong></span> <span class='ocrx_word' id='word_1_726' title='bbox 1512 4711 1567 4759; x_wconf 80' lang='lat' dir='ltr'><strong>sert</strong></span> 
     </span>
    </p>

    <p class='ocr_par' dir='ltr' id='par_1_9' title="bbox 165 4781 1567 4877">
     <span class='ocr_line' id='line_1_60' title="bbox 165 4781 1567 4877; baseline -0.004 -28"><span class='ocrx_word' id='word_1_727' title='bbox 165 4823 268 4868; x_wconf 61' lang='lat' dir='ltr'><strong>„m</strong></span> <span class='ocrx_word' id='word_1_728' title='bbox 287 4796 456 4877; x_wconf 65' lang='lat' dir='ltr'><strong>praecedat</strong></span> <span class='ocrx_word' id='word_1_729' title='bbox 474 4807 548 4848; x_wconf 66' lang='lat' dir='ltr'><strong>unus·</strong></span> <span class='ocrx_word' id='word_1_730' title='bbox 568 4801 686 4862; x_wconf 84' lang='lat' dir='ltr'><strong>quantum</strong></span> <span class='ocrx_word' id='word_1_731' title='bbox 699 4793 838 4845; x_wconf 81' lang='lat' dir='ltr'><strong>Phoebeius</strong></span> <span class='ocrx_word' id='word_1_732' title='bbox 857 4793 922 4846; x_wconf 85' lang='lat' dir='ltr'><strong>orbis</strong></span> <span class='ocrx_word' id='word_1_733' title='bbox 940 4792 1143 4846; x_wconf 77' lang='lat' dir='ltr'><strong>minuta-sidera-</strong></span> <span class='ocrx_word' id='word_1_734' title='bbox 1173 4791 1249 4842; x_wconf 76' lang='lat' dir='ltr'><strong>Plura</strong></span> <span class='ocrx_word' id='word_1_735' title='bbox 1266 4785 1411 4839; x_wconf 67' lang='lat' dir='ltr'><strong>mmmmm.</strong></span> <span class='ocrx_word' id='word_1_736' title='bbox 1429 4781 1450 4830; x_wconf 72' lang='lat' dir='ltr'><strong>tl</strong></span> <span class='ocrx_word' id='word_1_737' title='bbox 1468 4785 1567 4844; x_wconf 60' lang='lat' dir='ltr'><strong>“mim</strong></span> 
     </span>
    </p>
   </div>
   <div class='ocr_carea' id='block_1_5' title="bbox 0 0 1831 5518">
    <p class='ocr_par' dir='ltr' id='par_1_10' title="bbox 0 0 1831 5518">
     <span class='ocr_line' id='line_1_61' title="bbox 0 0 1831 5518; baseline 0 0"><span class='ocrx_word' id='word_1_738' title='bbox 0 0 1831 5518; x_wconf 95' lang='lat' dir='ltr'><strong> </strong></span> 
     </span>
    </p>
   </div>
  </div>
 </body>
</html>
