3698 5516
322 279 388 354 ²68
483 257 488 266 ⁴
868 262 991 352 Amisus
1008 284 1132 349 heheu·

322 439 539 506 demonstratio
562 441 652 521 plane
676 441 750 506 nihil
774 442 836 505 tale
861 443 989 507 redolet.
1035 443 1115 514 Nam
1138 452 1170 508 et
1192 443 1318 508 liberum
1336 443 1518 508 mtrouomis
1541 440 1687 524 relinquit

321 532 386 596 sive
410 531 601 594 comentrico
627 549 693 594 cum
718 531 852 615 epinyclo
875 532 971 594 velint
995 533 1038 596 uti
1062 532 1092 596 in
1115 533 1252 596 omnibus
1276 533 1418 614 quicque,
1452 533 1503 615 qui
1533 531 1685 594 stationes

323 620 446 695 faciunt,
471 619 536 682 sive
551 620 720 682 eccentrico
735 621 765 683 iu
789 621 885 685 tribus
908 621 1128 702 superioribus3
1161 631 1193 684 et
1215 622 1290 685 nihil
1313 622 1357 684 illi
1381 641 1471 684 curae
1495 629 1544 684 est
1568 619 1684 682 orbium

321 709 506 772 diversorum
530 725 624 770 causa
646 709 723 771 situs
746 709 795 771 vel
818 709 1034 791 magnitudinis
1063 719 1168 774 mutua
1196 712 1393 792 comparatio.
1440 710 1582 790 Respicit
1606 707 1685 770 enim

320 799 387 879 ejus
410 797 631 861 demonstratio
659 816 748 860 nuum
773 799 882 863 solum.
897 801 1068 880 planetam,
1102 819 1228 881 eumque
1257 819 1316 863 non
1340 801 1443 872 aliter,
1477 799 1535 862 nisi
1559 805 1686 878 propter

320 887 439 950 unicum
463 885 628 948 stationum
651 892 684 948 et
706 905 897 968 regressuum
920 909 1108 967 perruperun-
1154 890 1223 952 Non
1247 897 1295 950 est
1317 889 1409 969 igitur
1423 887 1580 970 Apollonii
1609 903 1684 966 pro-

320 975 421 1038 blema
451 993 506 1055 pro
538 974 755 1057 hypothesibus
784 977 996 1040 astronomicis
1029 979 1210 1040 habendum.
1258 979 1364 1052 Adde,
1397 979 1476 1060 qnod
1499 995 1538 1039 ue
1562 975 1686 1056 quidem

320 1064 359 1127 ad
388 1063 475 1127 unius
506 1063 649 1144 planetes
677 1073 777 1128 motus
807 1065 1059 1130 demonstrandos
1092 1067 1277 1130 sufficientes
1310 1067 1456 1129 assumsit
1486 1064 1684 1149 hypotheses,

321 1171 387 1216 cnm
411 1171 477 1216 eam
501 1161 601 1216 motus
624 1153 886 1235 inaequalitatem,
921 1174 998 1236 quas
1022 1155 1061 1217 ad
1085 1157 1213 1218 eundem
1235 1155 1352 1218 zodiaci
1377 1156 1474 1218 locum
1501 1153 1685 1223 restituitur,

320 1242 358 1304 ds
381 1241 532 1304 industria
554 1241 745 1322 praeteriret.
792 1241 861 1316 Quo
875 1244 1068 1308 manifestum
1091 1245 1174 1318 fecit,
1198 1244 1272 1308 nihil
1285 1245 1367 1306 alind
1386 1264 1419 1306 se
1434 1261 1580 1326 quaerere
1596 1260 1685 1322 quam

320 1329 537 1412 geometricam
561 1331 761 1394 conclusionis
785 1351 823 1394 ex
846 1334 991 1396 assumtis
1015 1333 1163 1396 deductae
1177 1333 1399 1410 certitudinem,
1423 1351 1501 1414 quae
1516 1331 1684 1394 vehemen-

321 1429 368 1482 ter
392 1419 563 1498 ingeniosos
587 1421 843 1501 contemplatores
866 1423 1020 1484 delectare
1045 1424 1135 1485 solet.

408 1508 479 1570 Jarn
503 1516 536 1571 ut
549 1508 760 1588 concedamus,
783 1528 838 1591 pro
861 1510 1079 1592 hypothesibus
1094 1513 1188 1593 justis
1203 1511 1343 1574 habenda
1357 1509 1569 1572 demonstrata
1583 1506 1684 1587 Apol-

320 1595 403 1672 lonii,
428 1597 507 1678 quod
526 1597 592 1677 jam
616 1598 779 1662 refutatum
803 1607 860 1675 est,
887 1600 1042 1663 desumtas
1066 1607 1167 1664 umen
1192 1597 1463 1679 auttranspositas
1486 1616 1526 1660 ex
1540 1597 1685 1660 Aristar-

320 1684 445 1760 chianis,
462 1685 528 1765 quis
540 1686 619 1750 Urso
634 1687 759 1750 credet?
783 1687 905 1751 Etenim
920 1708 1030 1770 magna
1043 1689 1262 1770 probabilitate
1277 1687 1443 1762 contendit,
1460 1687 1508 1748 vel
1523 1687 1685 1766 ignoratas

319 1775 369 1836 vel
384 1793 441 1836 non
456 1773 630 1838 intellectas
646 1795 714 1840 esse
728 1775 902 1840 Aristarchi
919 1779 1132 1859 conceptiones
1146 1777 1319 1858 Apollonio.
1364 1775 1487 1838 Etenim
1509 1793 1578 1836 oum
1593 1775 1688 1836 sciret

264 1931 267 1954 ι
320 1863 510 1943 Apollonius,
536 1863 715 1946 quibusdam
738 1883 776 1928 ex
800 1867 985 1930 astronomis
1008 1867 1133 1948 placere
1153 1867 1353 1942 eccentricos,
1384 1863 1453 1927 aliis
1476 1863 1687 1926 conceutricos

320 1971 387 2016 cam
411 1951 556 2033 epicyclo,
581 1953 738 2034 problema
760 1973 846 2017 enum
870 1955 1004 2037 utrisque
1028 1955 1276 2019 accommodavit.
1324 1953 1412 2026 Quod
1437 1953 1464 2016 si
1487 1953 1525 2014 de
1539 1951 1684 2014 Aristar-

321 2040 431 2104 ohiana
454 2040 566 2104 Terrae
590 2043 742 2106 solutione
766 2043 918 2118 scivisset,
941 2046 1031 2108 credo
1047 2046 1195 2126 equidem,
1220 2063 1316 2125 aeque
1331 2043 1420 2106 facile
1445 2041 1483 2104 ad
1498 2041 1583 2104 illam
1599 2059 1685 2104 suurn

320 2129 478 2212 problema
503 2131 725 2194 conformasset
754 2151 790 2196 ac
812 2142 884 2214 post
912 2152 979 2196 enm
1008 2132 1204 2214 Gopernicns.
1250 2132 1385 2208 Deinde,
1419 2131 1446 2193 si
1469 2129 1685 2194 Aristarchum

251 2251 254 2260 ·
321 2217 489 2298 exprimere
513 2219 676 2282 voluisset:
711 2220 783 2300 qnid
811 2241 924 2302 quaeso
948 2243 1023 2304 opus
1053 2223 1098 2286 illi
1127 2223 1235 2286 fnisset
1264 2239 1417 2295 asserere,
1447 2219 1526 2300 quod
1549 2225 1685 2280 oentmm

321 2305 481 2370 eccentrici
515 2307 683 2389 aequaliter
714 2328 781 2373 cum
805 2309 877 2375 Sole
909 2312 1083 2374 moveatur?
1129 2310 1251 2383 Quanto
1283 2310 1381 2390 majus
1414 2308 1540 2372 fecisset
1572 2323 1685 2386 operae

321 2394 541 2476 compendium,
556 2396 593 2472 si,
609 2397 688 2479 qnod
704 2397 793 2462 hodie
808 2399 921 2482 l'ycho,
938 2401 1122 2464 asseruisset
1138 2399 1269 2463 omnium
1287 2401 1477 2480 planetarum
1494 2405 1604 2458 centra
1617 2415 1685 2458 esse

320 2483 352 2546 in
376 2481 460 2548 Sole.
505 2485 603 2560 Nunc,
627 2505 694 2550 cum
716 2497 840 2569 separet
861 2497 968 2552 centm
988 2490 1180 2571 planetarum
1202 2511 1222 2552 a
1244 2488 1316 2552 Sole
1339 2497 1372 2551 et
1393 2488 1433 2549 ab
1452 2485 1591 2560 invicem,
1617 2502 1684 2546 cer-

322 2581 372 2636 tas
395 2579 428 2634 et
451 2573 636 2655 a'lychonis
659 2575 748 2657 longe
772 2576 910 2640 diversas
933 2587 1032 2642 metas
1047 2578 1248 2642 exstruendae
1272 2579 1387 2641 formae
1406 2574 1576 2638 mundanae
1590 2592 1684 2653 pras-

321 2661 387 2724 lixit
413 2660 450 2725 iis
475 2663 525 2744 qui
553 2662 610 2726 hoc
633 2663 782 2730 voluerint
807 2675 975 2748 praestare.
1022 2669 1101 2730 Nam
1130 2676 1202 2748 post
1223 2667 1312 2730 orbes
1335 2667 1440 2729 Lunae
1471 2670 1610 2746 systema
1633 2679 1686 2724 se-

321 2758 430 2832 quetur
452 2755 475 2825 d
498 2771 564 2814 cum
587 2753 733 2836 epinyclo,
759 2773 852 2836 supra
874 2757 952 2819 buno
977 2755 1002 2830 Ω
1026 2775 1093 2819 ourn
1116 2756 1251 2839 epicyclo
1269 2757 1359 2836 longe
1382 2753 1587 2833 amplissimo:
1621 2761 1686 2812 tum

321 2838 384 2902 Sol.
430 2839 473 2902 Et
488 2840 566 2920 *jam
599 2860 691 2922 supra
723 2841 827 2906 Solem
850 2846 877 2908 L
900 2845 943 2917 (si
974 2845 1014 2906 ad
1047 2846 1170 2907 schema
1193 2843 1223 2908 5.
1256 2844 1442 2925 respexeris)
1465 2843 1509 2915 Ε,
1545 2847 1683 2904 centrum

321 2927 483 2993 eccentrici
506 2937 532 3000 d
554 2937 618 2994 tam
642 2931 705 2994 alte
728 2933 881 2996 sublatum
904 2933 1084 3010 circumibit,
1100 2941 1136 2997 ut
1156 2931 1211 2997 EC
1236 2935 1329 3016 (quae
1352 2941 1468 3009 certam
1491 2931 1586 2994 habet
1609 2949 1683 3010 pro-

320 3017 492 3098 portionem
515 3019 553 3082 ad
576 3018 645 3093 EF)
674 3021 792 3101 longior
820 3023 876 3098 sit,
906 3041 994 3103 quarn
1017 3022 1086 3097 EF,
1118 3042 1156 3086 ns
1184 3023 1264 3085 orbis
1293 3021 1375 3085 Solis
1403 3019 1565 3102 aliqnando
1589 3016 1684 3080 Marti

321 3115 450 3187 cogatur
477 3107 639 3188 hospitium
662 3111 824 3191 praebere,
858 3113 937 3195 qnod
965 3113 1102 3176 omnibus
1130 3113 1191 3175 illis
1219 3111 1406 3192 impossibile
1433 3109 1528 3171 videri
1557 3127 1685 3170 necesse

320 3203 379 3268 est,
404 3195 454 3276 qni
476 3197 648 3277 palpabiles
671 3207 704 3260 et
727 3199 940 3265 adamantinos
963 3202 1053 3264 orbes
1075 3221 1142 3265 cum
1156 3199 1324 3265 Aristotele
1343 3201 1478 3262 credunt
1524 3199 1591 3260 Hoc
1606 3197 1685 3258 enim

320 3293 379 3358 est,
404 3285 484 3364 qnod
508 3305 703 3367 permagnam
726 3289 800 3352 facit
824 3290 1024 3354 differentiam
1057 3290 1136 3353 inter
1156 3309 1247 3352 veras
1265 3287 1421 3369 Apollonii
1444 3287 1631 3367 hypotheses
1654 3295 1687 3348 et

311 3375 384 3446 eas,
410 3391 486 3454 quas
508 3375 605 3438 Ursus
630 3375 676 3439 illi
699 3378 818 3458 affingit
840 3381 923 3452 (cum
941 3378 1093 3461 'lychords
1116 3379 1202 3453 sint),
1228 3379 1305 3460 quod
1329 3377 1467 3460 utrinque
1492 3375 1627 3456 quidem,
1652 3381 1686 3436 ut

319 3479 413 3542 snpra
441 3462 696 3542 demonstratum,
731 3468 871 3538 sullae
899 3467 930 3530 in
953 3467 1122 3530 eccentrico
1152 3465 1174 3530 2
1202 3469 1277 3530 locis
1306 3466 1433 3530 incurrit
1459 3471 1559 3528 metas
1587 3463 1686 3525 centri

319 3550 494 3614 ementrici:
519 3551 654 3636 Tychoni
680 3572 752 3618 rem
775 3556 899 3620 eaedem
923 3563 1040 3632 metae,
1073 3555 1154 3620 idem
1186 3557 1314 3620 circulus
1338 3564 1388 3618 est
1417 3561 1451 3618 et
1473 3553 1556 3616 Solis
1577 3552 1685 3632 ipsius,

318 3639 421 3721 itaque
443 3649 470 3712 ὁ
492 3640 536 3704 illi
560 3642 648 3723 longe
671 3643 753 3706 intra
766 3643 859 3707 ·Solis
881 3645 1142 3726 propinquitatem
1169 3644 1208 3706 ad
1232 3646 1343 3707 Terras
1371 3643 1547 3706 descendit:
1583 3639 1685 3720 Apol·

321 3726 401 3790 lonio
423 3730 546 3794 minime
569 3730 619 3793 vel
642 3720 726 3794 certi
749 3751 808 3796 uon
823 3733 1013 3808 necessario;
1036 3735 1170 3816 'lychoni
1186 3734 1243 3796 boc
1262 3753 1301 3796 ex
1313 3731 1575 3796 observationibus
1599 3749 1684 3792 com-

319 3825 449 3896 pertum,
472 3817 652 3882 diversitate
674 3829 820 3900 aspectus
842 3843 908 3886 rem
930 3822 1073 3886 subtilem
1094 3823 1319 3904 patefaciente:
1343 3821 1507 3902 Apollonio
1521 3820 1606 3882 nulla
1629 3819 1685 3880 ob-

320 3913 463 3982 servata,
500 3907 608 3988 quibus
640 3911 825 3974 nummarium
855 3913 988 3974 evincat.
1034 3909 1088 3974 Sic
1120 3931 1193 3992 ergo
1225 3919 1251 3982 d
1283 3911 1311 3974 in
1340 3909 1503 3991 Apollonio
1534 3927 1684 3988 nunquam

319 3993 459 4058 humilior
481 3994 554 4058 Sole
577 3997 745 4079 fingendus.

382 4085 453 4148 =Ut
483 4091 585 4148 antem
617 4105 655 4150 sn
678 4087 833 4167 Apollonii
861 4087 1079 4152 demonstratis
1102 4097 1238 4150 centrum
1265 4087 1426 4150 eccentrici
1448 4084 1561 4148 Martis
1594 4101 1687 4164 supra

321 4169 426 4236 &lem
443 4173 722 4240 circumducendum
745 4185 839 4251 esset,
864 4176 910 4240 ita
923 4175 1047 4240 Saturni
1070 4184 1205 4238 matrum
1229 4177 1308 4238 infra
1325 4174 1439 4248 Solam,
1463 4174 1595 4236 omnium
1614 4189 1687 4235 vero

319 4260 409 4324 mun
437 4263 485 4326 uel
513 4261 698 4343 longissimis
727 4265 898 4328 intervallis
924 4285 1018 4346 supra
1042 4263 1083 4342 Θ
1106 4264 1264 4327 circumire
1296 4264 1369 4326 nihil
1399 4264 1570 4344 prohibeat
1617 4260 1687 4333 Quo

319 4349 408 4414 modo
437 4351 521 4415 nulla
547 4361 633 4418 cena
659 4353 738 4416 ratio
769 4354 829 4418 erit
858 4354 1070 4436 proportiones
1092 4353 1210 4416 orbium
1242 4361 1276 4415 nt
1302 4353 1384 4434 apud
1407 4351 1623 4414 Aristarchum
1655 4359 1688 4412 et

320 4439 492 4522 tysiam
514 4439 719 4522 investigandi
742 4442 799 4504 nisi
822 4443 898 4506 hec
920 4444 1018 4518 cuim
1042 4461 1119 4522 quae
1142 4461 1163 4502 a
1184 4449 1326 4504 contactu
1348 4441 1463 4504 orbium
1486 4449 1519 4502 et
1541 4459 1686 4502 occursu·

320 4529 403 4594 tione
426 4537 531 4594 mutua
552 4527 678 4592 dnum
700 4530 893 4610 planetarum
914 4531 1051 4594 carenda
1073 4529 1259 4593 desumitur:
1283 4549 1344 4608 qna
1365 4529 1483 4592 mtione
1506 4527 1582 4592 uilril
1606 4529 1687 4592 aliud

319 4617 447 4682 doestm
468 4635 559 4699 qaam
581 4625 684 4682 cenae
707 4627 823 4694 metae,
857 4620 939 4684 inira
961 4639 1038 4701 quas
1060 4620 1206 4699 planetae
1227 4637 1288 4680 non
1310 4619 1512 4680 descendunt:
1540 4625 1575 4678 at
1597 4637 1688 4699 qnam

320 4705 383 4769 alte
406 4705 579 4788 sepultas
600 4715 700 4772 metas
722 4707 912 4784 attollmtm,
934 4707 1136 4788 pervestigari
1160 4707 1229 4770 hinc
1252 4707 1366 4788 nequit.

410 4795 516 4880 Usque
538 4795 616 4860 adeo
637 4815 749 4878 magna
771 4805 819 4860 est
832 4797 913 4862 inm
925 4805 1082 4882 umorque
1097 4794 1278 4880 hypothesin
1295 4795 1476 4868 differem
1499 4794 1571 4856 dnm
1588 4794 1689 4856 altera
