3718 5520
305 215 373 292 424
866 218 906 272 De
923 217 1104 272 smtausum

396 378 597 445 Differentiae
622 396 693 459 ergo
717 379 749 442 iu
771 378 943 442 uuiversum
968 376 1144 459 quindecim.
1188 375 1260 440 Jam
1277 375 1443 455 videamus,
1467 375 1589 460 quinam
1613 375 1663 442 in·

307 477 355 535 ter
376 470 433 534 bas
457 468 603 542 delectus,
628 475 660 531 et
684 487 831 549 quaenam
854 468 916 529 siut
939 467 1119 532 naturaliter
1142 466 1314 532 ἀιισταιοι

711 565 714 572 ’
848 555 978 618 Thesis
1001 556 1121 620 xxnl.

398 645 531 709 Primum
555 645 668 708 nullum
692 663 849 708 excessum
877 647 926 708 vel
955 645 1106 708 defectum
1130 642 1298 708 solitarium
1325 645 1390 708 sine
1418 644 1664 724 compensatione

308 733 476 798 consistere
501 753 629 814 aequum
653 741 711 798 est.
756 735 805 796 Ex
827 733 972 798 solitariis
995 734 1098 815 itaque
1122 752 1189 808 sex,
1223 741 1350 814 quatuor
1377 735 1497 798 cadunt.
1542 733 1665 797 Medio·

310 824 405 886 critas
430 843 500 887 vero
524 823 635 886 caloris
660 822 916 896 (mediocritatem
938 823 1131 906 proportione
1154 823 1266 900 muudi,
1290 842 1348 886 uon
1373 823 1543 904 quantitate
1567 822 1665 886 aesti-

307 913 471 988 mabimus)
496 912 609 975 collata
632 919 681 977 est
703 912 732 974 io
757 931 865 993 corpus
882 910 1000 987 Solare,
1026 912 1075 993 qui
1099 931 1179 974 mere
1202 913 1402 998 proprialuce
1417 911 1524 975 utitur:
1549 911 1667 974 medic-

307 1002 401 1064 critas
423 1001 616 1066 humectandi
639 1002 669 1065 iu
694 1020 801 1082 corpus
825 1002 955 1076 Lauare,
981 1021 1056 1082 quae
1073 1020 1154 1064 mere
1176 1002 1352 1066 mutuatitia
1373 1001 1457 1066 Solis
1480 1008 1512 1064 st
1531 1000 1665 1064 sidemm

307 1093 374 1154 luce
397 1092 501 1154 utitur.

846 1178 979 1240 Thesis
1002 1177 1122 1242 XXIV.

398 1267 516 1332 Deinde
540 1285 636 1349 neque
660 1285 804 1332 excessus
828 1267 973 1330 cumulari
1002 1267 1185 1348 expediebat
1211 1267 1260 1329 vel
1289 1265 1436 1330 defectus.
1483 1262 1563 1328 Sunt
1586 1265 1665 1328 euim

313 1365 466 1422 auctura
488 1357 578 1438 paulo
602 1356 778 1432 alieniores,
809 1375 865 1418 uec
888 1355 946 1420 uisi
970 1356 1188 1437 contemperati
1212 1373 1355 1418 excessus
1378 1373 1446 1418 cum
1469 1354 1589 1416 defectu
1613 1374 1666 1418 re·

311 1447 469 1528 cipiantur.
515 1449 622 1526 Itaque
646 1445 745 1508 nullus
769 1447 893 1526 planeta
915 1446 1015 1510 iactus
1039 1453 1096 1520 est,
1122 1444 1171 1525 qui
1194 1453 1351 1526 utmmque
1374 1445 1423 1506 vel
1438 1461 1595 1506 excessum
1618 1447 1667 1507 vel

311 1537 463 1599 defectum
487 1535 684 1616 suscepisset.
730 1535 864 1598 Restant
882 1553 953 1614 ergo
979 1534 1167 1596 differentiae
1191 1553 1229 1596 ex
1247 1532 1519 1596 combinationibus
1538 1539 1665 1614 septem.

310 1627 407 1690 Porro
430 1644 467 1686 ex
491 1624 538 1687 his
561 1624 608 1687 bis
631 1623 720 1686 binae
744 1623 851 1686 eodem
874 1623 1021 1686 recidunt.
1067 1621 1184 1686 Eadem
1208 1623 1286 1686 enim
1309 1630 1358 1685 est
1379 1621 1533 1706 proportio
1557 1641 1666 1686 exces-

311 1734 363 1776 sus
391 1714 501 1778 caloris
529 1714 568 1776 ad
598 1712 842 1777 mediocritatem
870 1712 1016 1786 humoris,
1052 1731 1129 1792 quae
1159 1711 1379 1776 mediocritatis
1408 1710 1519 1774 caloris
1547 1711 1586 1773 ad
1610 1711 1666 1773 de-

312 1804 424 1866 fectum
458 1803 605 1866 humoris:
640 1801 744 1864 eadem
774 1802 910 1864 defectus
939 1801 1049 1863 caloris
1077 1802 1115 1864 ad
1149 1800 1388 1866 mediocritatem
1411 1798 1560 1876 humoris,
1590 1819 1666 1880 quae

312 1891 532 1956 mediocritatis
556 1890 666 1954 caloris
692 1891 731 1953 ad
754 1909 912 1954 excessum
935 1889 1082 1965 humoris,
1117 1890 1196 1970 quod
1218 1891 1269 1952 vel
1299 1888 1330 1952 in
1358 1891 1455 1969 figura
1482 1888 1580 1955 lineae
1609 1908 1667 1970 pa-

317 1980 415 2045 ralleli
432 1981 604 2044 ostendunt.
651 1979 736 2044 Idem
751 1981 789 2044 de
808 1980 925 2059 junctis
939 1978 1115 2041 excessibus
1129 1978 1280 2060 judicium,
1304 1979 1354 2041 vel
1373 1978 1552 2042 defectibus.
1590 1977 1670 2042 Sunt

313 2089 385 2150 ergo
408 2088 498 2132 verae
522 2068 712 2132 differentiae
736 2068 873 2149 quinque,
898 2077 960 2130 tres
976 2067 1138 2148 simplices,
1164 2068 1241 2130 duae
1256 2076 1290 2132 ut
1308 2069 1374 2148 jam
1397 2069 1499 2150 patuit
1520 2068 1668 2148 qubdam-

312 2159 401 2222 modo
431 2157 579 2239 duplices,
613 2177 666 2220 seu
698 2151 798 2237 potius
832 2158 956 2220 duorum
989 2157 1156 2232 nominum,
1191 2177 1250 2220 uua
1281 2159 1382 2222 trium.
1428 2157 1476 2220 Aa
1508 2175 1574 2218 curu
1605 2156 1669 2220 sint

313 2247 477 2310 inmundo
505 2246 673 2338 quinque
658 2246 750 2308 etiam
773 2246 927 2326 planetae,
961 2253 1024 2310 tres
1048 2245 1219 2325 superiores
1242 2257 1274 2310 et
1300 2248 1359 2310 duo
1382 2245 1557 2320 inferiores,
1592 2265 1668 2308 con-

313 2342 490 2398 sentaneum
515 2335 652 2416 equidem
677 2340 734 2409 est,
759 2335 807 2396 vel
829 2335 868 2398 ob
891 2335 968 2398 hauc
992 2335 1088 2398 solam
1112 2354 1235 2398 causam
1258 2336 1411 2418 (quamvis
1436 2343 1468 2397 et
1490 2335 1569 2398 aliae
1592 2353 1667 2415 sup-

312 2425 434 2527 petant)
459 2431 506 2486 tot
528 2442 650 2486 numero
674 2424 774 2486 factos
798 2442 886 2485 esse:
916 2423 992 2484 adeo
1016 2423 1091 2488 nibil
1114 2423 1214 2504 aptius
1246 2444 1315 2488 csse
1342 2424 1445 2506 potuit
1470 2424 1527 2486 bac
1550 2423 1667 2487 combi-

311 2512 466 2575 natiooum
489 2512 598 2576 iuter'
590 2531 674 2595 ipsos
697 2511 924 2576 distributione:
949 2530 1039 2593 quam
1063 2514 1120 2576 hac
1143 2513 1259 2578 tabella
1282 2513 1320 2578 ob
1343 2515 1447 2577 oculos
1469 2532 1557 2594 pono.

473 2689 627 2757 Excessus
732 2689 748 2750 I
793 2687 896 2774 VP
939 2689 955 2752 1
1000 2689 1026 2750 T
1070 2687 1098 2750 D
1141 2689 1172 2752 R
1288 2689 1443 2756 Excessus

655 2776 679 2842 S
707 2796 771 2870 mer¹
1145 2776 1169 2844 S
1214 2776 1239 2844 S

718 2864 748 2928 A
859 2883 896 2928 cu
995 2864 1027 2927 V
1138 2865 1170 2930 R

409 2975 443 3026 ς)
793 2953 820 3018 Τ
863 2953 894 3017 N
992 2953 1019 3017 ri
1067 2954 1099 3019 A

411 3031 442 3126 ξ·
715 3041 774 3105 VE
863 3043 894 3105 V
988 3043 1023 3104 M
1129 3063 1166 3106 us

320 3131 442 3197 Sol*q
411 3093 432 3228 Ξ
474 3130 619 3196 Mediocr.
727 3132 743 3194 Ι
787 3131 818 3192 V
864 3130 890 3194 P
934 3133 951 3194 1
995 3132 1021 3193 T
1065 3129 1093 3196 Ε
1138 3131 1169 3196 R
1290 3131 1547 3202 mediocritas
1570 3133 1668 3196 Luna

411 3195 442 3326 Ξ
700 3238 764 3284 mer
791 3307 823 3372 R
862 3219 886 3283 S
985 3219 1020 3369 ξ
1066 3309 1096 3374 N
1136 3219 1160 3284 S

411 3331 442 3392 ᾗ
854 3329 891 3372 cu

723 3383 754 3460 Α
851 3397 882 3462 N
985 3396 1011 3462 ri
1130 3398 1162 3460 V

656 3485 691 3548 M
714 3485 774 3548 VE
1118 3508 1154 3551 us
1199 3483 1223 3556 S

476 3571 623 3636 Defectus
711 3574 727 3637 I
771 3574 803 3635 V
847 3573 934 3646 Pr
981 3575 1008 3638 Τ
1051 3574 1080 3639 Ε
1124 3575 1155 3640 Β
1291 3574 1440 3642 Defectus

857 3749 992 3814 Thesis
1014 3751 1118 3816 XXV.

264 3830 266 3836 ’
400 3836 449 3900 Ex
471 3835 519 3900 his
549 3836 697 3918 sequitur,
730 3838 871 3920 planetas
904 3838 1032 3922 quinque
1056 3860 1115 3904 oon
1144 3847 1263 3904 tautum
1295 3842 1472 3906 mutuatitia
1495 3842 1578 3908 Solis
1600 3844 1668 3908 luce

313 3925 381 3997 frui,
407 3927 460 3988 sed
485 3926 577 3988 etiam
601 3927 637 3990 ds
662 3947 715 3990 suc
740 3928 854 4006 aliquid
877 3929 1007 3994 addere:
1031 3931 1110 4010 quod
1134 3931 1252 4012 quidem
1277 3939 1309 3994 et
1331 3931 1410 3994 aliae
1435 3932 1569 3997 rationes
1592 3953 1667 3996 sua-

314 4017 397 4078 dent.
442 4015 522 4079 Nam
547 4017 573 4078 si
596 4017 693 4079 multa
714 4016 793 4097 apud
817 4037 871 4081 nos
893 4019 1021 4102 physica
1043 4038 1171 4100 corpora
1189 4020 1286 4082 lucem
1300 4021 1414 4086 habent
1432 4021 1571 4098 insitam,
1596 4023 1669 4103 quid

314 4104 470 4209 prohibet,
495 4105 608 4178 habere
633 4107 774 4182 eaodem,
803 4114 924 4187 praeter
949 4106 1065 4184 Solem,
1090 4116 1124 4170 et
1146 4109 1223 4172 alios
1245 4109 1353 4188 globos
1376 4112 1549 4176 coelestes?
1594 4112 1671 4176 'loru

313 4194 345 4256 si
364 4201 503 4256 carerent
523 4194 665 4274 planetae
690 4197 754 4257 luce
776 4197 915 4276 propria,
940 4196 1081 4260 videntur
1104 4199 1195 4262 etiam
1219 4199 1340 4275 faciem,
1365 4207 1399 4263 ut
1422 4200 1526 4276 Luna,
1549 4207 1668 4264 suntme

314 4283 434 4347 debere.
480 4282 617 4362 Denique
641 4283 784 4346 credibile
808 4293 865 4362 est,
891 4286 1049 4366 fulgorem
1062 4295 1094 4350 et
1112 4288 1360 4354 scintillatiouem
1374 4297 1593 4371 argumentum
1598 4311 1668 4354 esse

312 4372 389 4486 lucie
411 4371 562 4455 propriae,
586 4347 819 4436 nebulositatem
843 4383 875 4436 et
897 4375 1051 4456 pigritiem
1075 4377 1203 4440 alienae.

364 4547 661 4614 Considerandum
684 4568 761 4613 nuuc
784 4463 1242 4635 etiarShlfoscisesffiquridduam'
1234 4553 1265 4617 id
1287 4553 1343 4628 sit,
1375 4556 1455 4638 quod
1476 4557 1670 4636 planetarum

311 4639 367 4703 bas
390 4639 471 4704 vires
499 4640 530 4703 iu
554 4656 710 4701 excessum
740 4640 867 4704 medium
896 4650 929 4704 et
960 4645 1110 4716 defectum
1142 4643 1327 4725 distinguere
1359 4645 1467 4725 possit.
1514 4645 1669 4708 blutuati·

312 4729 386 4828 tiam
409 4729 510 4812 itaque
534 4731 630 4796 lucem
654 4747 719 4794 cum
744 4751 764 4793 a
786 4730 948 4800 reflexione
971 4733 1194 4806 deduxerimus,
1216 4734 1520 4804 considerandi-sunt
1539 4751 1595 4816 pro
1610 4733 1669 4799 ltac
