3586 5518
718 291 721 299 ’
828 275 940 340 Myrteril
959 275 1158 342 Gormcgraplrlci

784 471 828 536 IN
853 469 994 536 CAPUT
1015 467 1210 542 QUINTUM

849 593 947 646 nona
965 585 1149 646 auctoms.

354 701 427 858 gui)
455 705 500 760 lix
524 703 622 775 angerii
644 719 682 756 rc.
706 701 775 758 neoti
804 700 978 772 aptitudine,
1010 707 1040 756 et
1062 701 1133 772 quod
1157 700 1243 755 omnia
1273 699 1302 754 in
1328 697 1498 752 semicirculo
1522 703 1617 750 rectus
1639 703 1685 750 ert

318 803 354 845 an
407 801 448 840 ur.
1155 827 1159 832 .

909 903 1095 918 μ-ρ-

895 1043 1016 1144 Caput
1043 1041 1106 1116 VI.

636 1202 732 1280 Quod
753 1203 837 1266 irater·
859 1201 970 1265 Jooem
992 1158 1023 1264 et
1044 1201 1184 1263 Harum
1200 1163 1358 1282 pyram

406 1341 478 1404 lam
501 1361 553 1404 cur
576 1343 682 1406 cubum
703 1343 837 1424 excipiat
858 1341 1001 1426 pyramis,
1026 1359 1113 1403 nemo
1128 1340 1288 1403 admodum
1302 1338 1470 1413 mirabitur,
1495 1357 1563 1402 oum
1581 1336 1616 1412 l)
1630 1338 1685 1400 illa

319 1433 381 1494 iere
406 1431 443 1492 de
466 1431 637 1512 principatu
660 1432 741 1494 ausit
763 1450 830 1494 oum
855 1431 930 1494 cubo
952 1430 1148 1500 contendere,
1174 1425 1209 1502 2)
1234 1428 1355 1506 insuper
1377 1427 1425 1490 vel
1449 1427 1518 1508 ipsa
1540 1427 1590 1488 vel
1614 1421 1685 1503 opo

318 1523 390 1601 λογα
412 1519 590 1600 irregularia
612 1521 726 1583 iaciunt
749 1521 788 1582 ad
812 1529 979 1582 ceteromm
998 1519 1253 1600 compositionem.
1291 1517 1371 1580 Nam
1393 1515 1572 1578 icosaodron
1597 1535 1685 1578 oom-

318 1617 434 1690 ponnnt
457 1605 501 1672 20
523 1609 714 1691 pyramides,
743 1609 834 1688 paulo
856 1608 1012 1672 breviores
1041 1607 1251 1670 tetratdrioir:
1285 1603 1459 1668 octatdmm
1490 1613 1560 1668 octo
1583 1605 1685 1668 adbuc

320 1697 484 1760 breviores.
531 1697 749 1760 Dodecaddron
774 1697 833 1760 etsi
857 1696 1005 1778 quadrato
1029 1695 1146 1758 occulto
1171 1702 1306 1767 constat,
1331 1703 1430 1756 tamen
1455 1693 1484 1755 in
1508 1693 1685 1776 pyramidas

319 1785 431 1850 resolvi
455 1804 580 1848 necesse
605 1794 663 1848 est.
706 1783 742 1860 3)
763 1787 869 1866 Neque
885 1785 1134 1848 contemnendum
1148 1783 1213 1858 boc,
1239 1783 1316 1864 quod
1339 1782 1526 1845 tetraedmm
1550 1783 1579 1844 in
1605 1801 1683 1864 qna-

319 1883 387 1938 tuor
410 1875 564 1955 perlectas
592 1875 767 1956 pyramidas
796 1883 827 1936 et
849 1893 938 1937 unum
969 1873 1133 1937 octaedron
1166 1873 1293 1935 laterum
1317 1871 1439 1933 dimidio
1461 1870 1608 1933 minorum
1631 1891 1684 1933 re-

319 1963 397 2026 solvi
419 1971 530 2044 potest.
569 1959 606 2036 4)
630 1962 717 2025 Sicut
740 1965 769 2025 in
794 1963 893 2044 planis
918 1962 1019 2025 omnia
1042 1961 1231 2042 multangula
1254 1961 1282 2022 in
1307 1959 1459 2039 triangula
1481 1959 1684 2035 resolvuntur,

318 2053 363 2116 ita
386 2053 503 2132 reliqua
527 2050 627 2113 solida
649 2051 840 2114 mensurandi
864 2071 958 2114 cansa
985 2051 1014 2114 in
1045 2051 1238 2133 pyramidas,
1273 2068 1346 2130 quas
1376 2049 1484 2110 deinde
1513 2048 1618 2121 cubis,
1652 2059 1687 2110 nt

318 2141 471 2221 triangula
502 2140 677 2221 quadratis,
712 2141 860 2203 metimur.
907 2140 965 2202 Est
993 2141 1086 2221 igitur
1114 2141 1293 2220 reliquorum
1321 2157 1463 2200 mensura
1492 2145 1524 2199 et
1552 2139 1686 2202 omnium

319 2227 460 2291 facillime
480 2249 499 2289 a
517 2227 592 2290 cubo
612 2227 756 2292 mensilis.
795 2228 831 2303 5)
854 2229 933 2290 ilinc
955 2230 1115 2308 pleraeque
1140 2227 1205 2307 ejus
1229 2227 1335 2302 lineae,
1360 2235 1395 2290 nt
1417 2235 1452 2288 et
1473 2224 1596 2290 cubicae
1621 2233 1687 2290 mm

319 2317 409 2379 facile
432 2317 632 2398 quantitatem
663 2336 701 2379 ex
728 2317 847 2380 ratione
876 2317 1009 2397 diagonii
1043 2317 1211 2396 accipiunt,
1245 2335 1303 2377 non
1337 2324 1437 2377 tamen
1472 2315 1562 2377 aliter
1594 2316 1685 2397 quani

319 2405 475 2487 quadratis
490 2405 632 2467 numeris.
667 2402 702 2481 6)
726 2405 896 2490 Pyramidis
916 2407 1007 2468 etiam
1027 2407 1207 2485 regularitas
1231 2423 1269 2466 ex
1293 2405 1365 2466 solis
1389 2404 1535 2467 lateribus
1558 2405 1684 2485 pendet,

319 2494 386 2557 cubi
409 2495 502 2556 etiam
525 2513 563 2555 ex
587 2494 715 2574 angulis.
750 2498 852 2577 Atque
875 2494 919 2557 ein
943 2495 1129 2577 pyramidum
1150 2495 1229 2556 inter
1248 2493 1436 2574 aequilatera
1454 2512 1512 2554 non
1530 2494 1600 2573 plus
1624 2514 1686 2558 una

319 2591 376 2659 ert,
401 2590 434 2645 at
456 2583 485 2644 in
509 2579 651 2664 ἑξαοιρῳ,
675 2583 812 2664 quamvis
836 2585 1013 2664 aequalibus
1033 2583 1186 2658 lateribus,
1211 2590 1312 2644 tamen
1337 2583 1453 2644 infinita
1475 2583 1610 2644 varietas
1634 2591 1686 2644 est

318 2673 504 2752 angulorum.
552 2668 619 2743 Quo
643 2673 781 2749 nomine,
811 2673 838 2735 si
861 2674 961 2735 nullae
985 2672 1064 2734 aliae
1088 2682 1192 2733 essent
1212 2671 1355 2742 rationes,
1380 2671 1459 2734 sitne
1482 2671 1685 2752 praeferenda

318 2760 409 2836 cubo,
434 2779 473 2821 an
497 2761 722 2841 postponenda,
753 2763 782 2823 in
807 2761 896 2824 dnbio
920 2761 1065 2842 relinquo.
1113 2759 1148 2835 7)
1172 2761 1259 2822 Hanc
1282 2769 1408 2822 naturae
1432 2761 1588 2822 solertiam
1612 2761 1684 2823 imi-

320 2849 378 2912 tati
402 2849 537 2912 homines
565 2851 691 2930 primurn
721 2852 877 2913 materiam
902 2851 940 2911 ad
963 2849 1205 2931 perpendicnlum
1235 2849 1354 2929 erigunt
1383 2849 1535 2932 rectisque
1563 2850 1685 2932 angulis

318 2937 514 3018 contignant,
552 2939 660 3001 deinde
694 2939 852 3020 triangulis
889 2939 1009 3000 firmant
1034 2947 1067 3000 et
1095 2937 1263 3000 stabiliunt.
1323 2935 1359 3012 8)
1397 2939 1524 3019 Insuper
1560 2947 1684 3001 acutum

317 3028 459 3107 angulum
492 3045 559 3090 oum
591 3028 706 3091 babeat
736 3027 891 3110 pyramis,
923 3029 1006 3108 prior
1037 3035 1085 3089 est
1117 3026 1335 3106 obtusnngnlis.
1386 3027 1467 3090 Nam
1499 3027 1528 3088 id
1562 3047 1684 3109 semper

316 3116 443 3197 primum
467 3124 515 3178 est
539 3117 568 3178 in
598 3117 719 3193 ordine,
750 3118 828 3199 quod
854 3115 972 3195 justam
999 3115 1093 3179 babet
1121 3117 1342 3196 quantitatem:
1375 3116 1432 3179 boo
1455 3117 1540 3197 sequi
1562 3117 1683 3180 videtur

317 3204 416 3266 minus
436 3204 537 3282 justo,
569 3206 640 3285 qnia
662 3215 693 3268 et
717 3205 835 3286 longius
860 3204 968 3268 abesse
991 3205 1111 3266 videtur
1134 3206 1173 3266 ab
1201 3205 1364 3280 infinitate,
1396 3223 1484 3286 qnam
1508 3205 1577 3287 plns
1596 3207 1682 3289 justo

318 3300 349 3354 et
373 3291 537 3371 simplicius
561 3295 653 3355 etiam
677 3303 734 3355 est.
778 3296 858 3357 Nam
882 3294 1114 3374 obtusangnlum
1136 3293 1256 3355 videtur
1280 3293 1498 3375 quodammodo
1522 3295 1684 3377 multiplex

319 3399 356 3442 ex
379 3389 463 3442 recto
488 3389 519 3441 et
542 3390 640 3444 acuto.
687 3380 755 3455 Quo
779 3383 876 3446 minus
900 3383 1082 3451 mirandum,
1114 3401 1167 3444 our
1188 3381 1327 3463 paucitas
1352 3384 1527 3464 angulorum
1552 3383 1580 3446 in
1604 3385 1682 3458 basi,

318 3477 350 3530 ot
373 3469 505 3550 ipsarum
535 3470 627 3532 etiam
657 3471 771 3534 basium
803 3471 950 3534 tetrabdri
981 3491 1039 3533 non
1063 3471 1191 3551 deroget
1213 3471 1299 3534 onbo.
1346 3473 1424 3534 Nam
1450 3473 1630 3554 angulomm
1653 3483 1685 3536 et

319 3557 435 3619 basium
459 3577 598 3620 numerus
622 3560 661 3622 ad
685 3569 857 3640 susceptam
882 3561 984 3640 anguli
1008 3560 1138 3640 speciem
1161 3560 1333 3623 necessario
1357 3559 1501 3641 seqnitur.
1545 3563 1634 3625 Unde
1658 3563 1683 3624 si

318 3656 418 3707 rectus
432 3647 515 3725 prior
529 3655 578 3708 est
593 3657 692 3719 acuto,
716 3651 799 3728 prius
814 3645 906 3711 etiam
930 3645 1081 3729 ἑξαοιρω,
1105 3667 1193 3729 qnam
1207 3649 1392 3724 tetraedron,
1417 3651 1682 3732 tetragonoedrnm

318 3750 405 3813 quam
430 3735 662 3815 trigonoedmm.
703 3734 738 3811 9)
765 3739 867 3818 Atque
892 3739 921 3800 id
946 3737 1037 3799 etiarn
1062 3737 1129 3798 inde
1153 3738 1255 3820 colligi
1276 3747 1390 3818 potest,
1414 3740 1491 3820 quod
1516 3740 1683 3819 perlectum

318 3821 426 3902 ubique
449 3823 591 3902 primum,
621 3834 692 3905 post
720 3825 767 3900 id,
799 3827 876 3906 quod
901 3827 1014 3902 delicit,
1041 3826 1176 3902 demum,
1209 3827 1287 3908 qnod
1312 3827 1461 3894 excedit·
1489 3825 1568 3890 Cum
1591 3829 1683 3910 igitur
1723 3859 1729 3866 ·

317 3910 453 3972 senarius
477 3912 620 3973 facierum
644 3933 784 3976 nnmems
807 3915 960 3995 perfectus
986 3915 1042 3991 sit,
1073 3915 1208 3995 sequitur
1234 3917 1433 3998 pyramidem,
1464 3935 1542 3998 quae
1571 3918 1680 3994 delicit,

316 4015 373 4058 non
398 3998 516 4078 quidem
540 4001 722 4081 praeoedere
747 4003 856 4065 debere
882 4003 1002 4079 cubum,
1028 4011 1062 4065 at
1084 4003 1257 4066 immediate
1280 4005 1377 4085 sequi.

403 4085 567 4166 Habemus
584 4107 636 4152 cur
659 4091 739 4152 inter
753 4092 861 4154 Jovern
886 4100 917 4152 et
936 4091 1069 4154 Martem
1093 4093 1224 4154 secondo
1249 4095 1315 4156 loco
1339 4093 1380 4156 sit
1402 4095 1548 4176 pyramis.
1584 4093 1681 4176 Supra

316 4172 346 4234 in
371 4193 516 4253 suspenso
541 4178 607 4250 luit,
632 4181 709 4259 quod
735 4198 842 4259 corpus
866 4181 957 4242 tertio
983 4181 1048 4243 loco
1073 4182 1115 4243 sit
1137 4181 1216 4243 inter
1230 4181 1362 4244 Martem
1386 4191 1418 4245 et
1432 4183 1570 4246 Terram.
1605 4183 1680 4247 lllud

315 4280 387 4324 vero
412 4264 459 4326 bio
483 4267 572 4328 facile
598 4267 755 4331 deciditur.
795 4267 872 4331 Cum
893 4269 972 4330 enim
997 4289 1013 4330 e
1036 4270 1186 4350 primariis
1210 4271 1362 4334 residuum
1385 4271 1426 4333 sit
1449 4272 1679 4345 dodecaedrom,

207 4402 214 4426 ,
316 4351 376 4412 erit
398 4351 471 4414 illnd
495 4354 599 4415 ordine
621 4357 760 4430 tertium,
785 4359 864 4419 inter
885 4357 1019 4420 Martem
1042 4366 1075 4419 rt
1096 4359 1244 4421 Terram:
1275 4361 1313 4421 de
1337 4360 1422 4440 cnjus
1445 4360 1680 4441 proprietatibus

315 4439 386 4520 qnid
409 4441 599 4504 sentiendum
623 4444 677 4519 sit,
704 4445 865 4520 collatione
890 4465 957 4508 cnm
980 4447 1130 4527 prioribus
1153 4448 1237 4538 lacta
1261 4449 1350 4511 facile
1372 4449 1501 4529 patebit.

914 4635 1086 4650 m
