3674 5528
350 319 416 386 372
720 369 723 378 ,
771 320 871 370 Litorae
890 319 991 382 Kepleri
1009 319 1160 382 aliorumque
1179 322 1280 366 mutuae

351 489 514 562 portonum
544 478 602 557 ipsi
636 477 694 540 fuit
727 476 763 536 de
787 475 888 538 mnndi
917 477 1081 558 archetypo
1106 475 1258 555 cogitare,
1293 475 1343 554 qui
1366 483 1413 536 est
1436 473 1466 536 iu
1490 468 1661 552 geometria
1682 476 1711 530 et

350 568 525 630 nominatim
551 568 578 627 in
594 565 730 639 Euclide,
754 565 934 644 philosopho
958 573 1006 626 ter
1020 564 1160 626 maimo.
1198 563 1294 625 Nobis
1314 569 1445 638 constat,
1471 568 1609 624 creatum
1625 575 1709 619 mnn-

350 657 418 719 dum
443 664 474 717 et
493 662 665 734 quantum
691 653 823 728 factum3
847 653 1050 733 geometricae
1064 653 1177 734 figurae
1202 653 1245 726 (h.
1262 671 1287 714 e.
1314 647 1619 732 quantitativae)
1643 653 1711 708 snut

349 747 432 807 entia
463 743 600 805 rationis.
648 741 741 802 Ratio
774 751 907 804 aeterna.
954 741 1036 821 Ergo
1071 743 1183 821 figurae
1217 742 1419 820 geometricae
1452 747 1524 801 suut
1557 746 1711 806 aeternae,

348 852 457 914 nempe
482 833 520 893 ab
545 838 667 893 aeterno
691 849 793 892 verum
817 831 936 891 eratin
962 836 1060 893 mente
1084 829 1157 904 Dei,
1188 828 1293 890 lateris
1323 828 1505 910 tetragoniei
1530 825 1712 907 quadratum

348 941 374 984 e.
391 941 434 1004 gr.
456 939 524 982 esse
548 919 700 982 dimidium
724 919 760 979 de
777 921 924 998 quadrato
939 919 1089 980 diametri.
1131 917 1214 997 Ergo
1238 927 1375 997 quanta
1397 925 1468 980 snut
1482 914 1587 978 mundi
1602 911 1711 974 arche-

346 1019 449 1093 typus.
497 1008 532 1071 Si
556 1008 638 1069 Deus
662 1007 878 1088 iyeauarpqurr
906 1009 985 1068 inter
1013 1006 1188 1082 creandum,
1224 1013 1255 1068 et
1279 1007 1424 1070 animales
1449 1004 1618 1068 facultates
1643 1007 1713 1062 sunt

348 1098 532 1179 exemplaria
546 1096 620 1171 Dei;
645 1097 806 1158 secundum
833 1095 921 1157 illud:
947 1095 1165 1171 „Praesentem
1185 1093 1278 1156 refert
1299 1096 1453 1176 quaelibet
1467 1093 1562 1156 herba
1577 1088 1712 1190 Deum,“

347 1207 418 1268 ergo
451 1193 495 1248 et·
515 1185 660 1247 animales
693 1185 856 1246 facultates
885 1206 1102 1263 yaoprrpovur,
1136 1185 1205 1246 dum
1241 1185 1273 1246 id
1295 1204 1370 1264 opus
1393 1184 1591 1254 continuant,
1628 1197 1712 1257 cnjus

347 1277 446 1356 operis
479 1275 591 1335 creatio
627 1273 698 1334 fecit
729 1271 854 1335 initium.
901 1273 963 1335 Sed
987 1276 1064 1335 satis
1097 1274 1133 1333 de
1158 1273 1204 1334 his
1228 1272 1257 1334 in
1282 1273 1495 1352 disputatione.
1543 1267 1713 1332 Confirmat

347 1372 448 1426 autern
472 1383 534 1425 rem
559 1362 713 1423 musica.
759 1359 852 1423 Dicat
874 1362 947 1424 mihi
971 1363 1037 1443 quis
1052 1381 1176 1423 cansam
1192 1361 1282 1424 aliam
1306 1371 1479 1434 concentus,
1505 1377 1559 1422 cur
1575 1363 1711 1418 decuma

347 1454 496 1524 delectet,
514 1451 547 1512 δι’
564 1447 636 1512 ἑπτα
660 1449 794 1511 offendat
816 1469 915 1524 aures,
941 1469 1030 1530 quam
1054 1450 1131 1512 hanc
1155 1450 1262 1529 ipsam,
1288 1469 1378 1530 quam
1397 1469 1454 1530 ego
1469 1449 1546 1522 dico,
1573 1463 1709 1546 commu-

346 1561 413 1602 nem
437 1539 568 1602 musicae
593 1548 625 1600 et
648 1538 832 1618 aspectibus.
880 1537 943 1600 Sed
967 1539 1135 1619 supplenda
1158 1538 1206 1600 hic
1230 1539 1363 1600 definitio
1382 1539 1533 1601 rationum
1553 1535 1709 1596 harmoni-

346 1649 447 1691 carum
471 1647 509 1690 ex
531 1627 730 1702 harmonicis,
763 1635 798 1689 ut
827 1627 951 1701 videas,
987 1647 1055 1690 esse
1079 1634 1197 1688 tautum
1221 1637 1299 1690 octo.
1346 1627 1438 1689 Ratio
1462 1623 1641 1688 harmonica
1663 1628 1710 1681 est

344 1719 422 1781 ratio
450 1718 603 1797 perfecta,
634 1715 735 1777 solida
766 1723 798 1776 et
824 1735 903 1777 nexa
930 1737 948 1777 a
976 1717 1092 1778 ratione
1124 1716 1328 1796 aequalitatis.
1376 1717 1518 1778 Perfecta
1550 1711 1634 1774 ratio
1660 1716 1707 1770 est

345 1809 422 1869 inter
446 1806 590 1867 terminos
613 1805 775 1884 perfectos.
823 1803 954 1866 Termini
978 1805 1105 1884 perfecti
1130 1813 1200 1866 sunt
1219 1801 1334 1866 numeri
1348 1806 1507 1893 figurarum
1522 1799 1708 1881 regularium

345 1894 636 1967 demonstrabiliom,
670 1892 701 1957 h.
726 1912 752 1954 e.
782 1911 906 1972 quarum
935 1893 1032 1954 latera
1064 1895 1112 1956 vel
1135 1915 1211 1958 κατα
1233 1915 1326 1972 μηκας
1359 1894 1506 1956 velatura
1528 1893 1645 1960 πλατος
1664 1909 1707 1948 ror

346 2003 580 2063 erepayouopov
604 1983 650 2054 (et
673 1983 729 2043 hoc
752 1983 801 2042 vel
826 1977 937 2056 tiniae,
961 1983 1008 2044 vel
1032 1987 1207 2062 προσθεσει,
1231 1983 1280 2044 vel
1303 1981 1461 2062 deturparet
1485 1979 1615 2043 alterius
1631 1995 1707 2057 qua-

347 2073 427 2134 drati
449 2072 513 2133 noti
538 2093 584 2132 και
603 2065 704 2149 ῥητου,
728 2077 760 2130 et
783 2071 981 2150 completione
1005 2071 1144 2148 figurae),
1169 2079 1240 2132 sunt
1262 2071 1480 2149 comparabilia
1503 2087 1571 2131 cum
1588 2066 1706 2128 diame-

339 2169 393 2222 tro
426 2160 537 2222 circuli.
590 2161 673 2230 (Nota
691 2167 794 2231 Kepleri
811 2169 837 2218 iu
855 2171 985 2234 margine:
1018 2171 1091 2226 Huic
1116 2170 1342 2240 contemplationi
1369 2171 1540 2224 diversorum
1568 2169 1707 2238 graduum

345 2255 557 2326 comparationis
572 2256 691 2312 laterum
704 2273 764 2311 oum
774 2259 907 2312 diametro
922 2260 1016 2314 circuli
1025 2259 1204 2330 peculiariter
1213 2262 1363 2330 deputatus
1373 2259 1498 2314 estliber
1507 2258 1543 2312 X.
1555 2247 1705 2320 Euolidis.)

345 2337 425 2398 Nam
449 2337 634 2412 comparatio
659 2343 706 2397 est
728 2339 921 2413 mensuratio,
945 2357 1117 2400 mensurare
1142 2349 1190 2400 est
1211 2339 1307 2413 scire;
1332 2339 1439 2400 infiniti
1458 2337 1542 2398 nulla
1564 2350 1707 2396 mensura

344 2425 393 2484 vel
418 2423 555 2484 scientia.
603 2424 781 2503 Septanguli
805 2425 899 2498 latus,
923 2437 958 2488 ut
981 2435 1013 2488 et
1034 2428 1211 2508 nonanguli,
1238 2419 1457 2506 undecauguli,
1483 2420 1704 2519 tredecanguli,

347 2511 464 2590 fugiunt
486 2530 589 2573 omnes
614 2513 824 2592 aequationes,
858 2515 928 2594 quia
950 2515 1083 2594 ipsorum
1111 2515 1262 2578 certitudo
1286 2515 1481 2594 longitudinis
1507 2511 1654 2575 consistit
1677 2527 1706 2568 rn

343 2601 502 2676 infinitate,¹
527 2619 602 2680 quae
626 2602 800 2674 mensurari,
826 2603 905 2678 seiri,
929 2604 1079 2682 permeari
1103 2623 1162 2665 non
1186 2611 1297 2683 potest,
1323 2622 1358 2664 eo
1383 2605 1448 2685 ipso
1472 2621 1510 2663 ne
1533 2600 1706 2680 implicetur

344 2689 553 2751 contradictio.
600 2689 647 2751 Ex
672 2691 728 2751 hac
752 2689 867 2769 origine
892 2693 1107 2754 consistentiae
1138 2693 1167 2754 in
1191 2693 1338 2754 infinitate
1367 2691 1502 2774 sequitur
1525 2689 1554 2750 in
1579 2704 1705 2768 geome-

343 2778 422 2838 trica
445 2800 701 2854 uapurouorqoa,
735 2781 813 2858 quod
842 2799 937 2860 neque
961 2789 1083 2855 coeant,
1117 2799 1212 2862 oeque
1240 2781 1320 2842 inter
1351 2802 1384 2842 se
1417 2799 1513 2860 neque
1546 2797 1616 2840 cum
1639 2775 1705 2837 aliis

343 2865 532 2941 coeuntibus,
566 2885 660 2947 neque
685 2869 723 2929 ad
748 2870 940 2930 sternendam
963 2869 1121 2950 planitiem
1145 2888 1240 2948 neque
1264 2871 1302 2931 ad
1323 2870 1521 2933 claudendum
1536 2869 1637 2928 locum
1652 2884 1704 2926 so-

345 2955 446 3017 lidum.
486 2955 690 3035 Triangulum,
713 2957 959 3037 quadrangulum,
987 2952 1248 3040 quinquangulum,
1265 2960 1471 3040 sexangulum,
1498 2954 1702 3036 octangnlum,

343 3043 557 3124 decaogulum,
582 3061 637 3124 pes
661 3054 795 3120 truitae,
821 3054 936 3121 crates,
962 3047 1081 3128 aliaque
1106 3047 1289 3127 decaogula,
1315 3056 1426 3109 coeunt
1447 3045 1531 3109 varie
1556 3045 1637 3106 inter
1660 3061 1701 3115 se,

342 3133 391 3193 vel
423 3151 489 3194 cum
522 3133 579 3194 sibi
604 3133 751 3197 similibus
784 3135 833 3196 vel
861 3153 928 3196 cum
957 3136 1064 3209 sociis3
1098 3135 1142 3197 uti
1174 3144 1273 3198 crates
1298 3137 1390 3198 etiarn
1420 3137 1500 3198 inter
1523 3153 1558 3195 se
1582 3140 1701 3204 coeunt,

343 3221 397 3282 sed
418 3219 513 3294 hiant,
539 3241 598 3283 non
622 3223 751 3304 undique
775 3223 962 3286 soliditatem
986 3225 1129 3286 claudunt
1153 3225 1207 3287 irc.
1253 3226 1361 3306 ltaque
1386 3225 1488 3288 invitis
1513 3223 1608 3286 etiam
1632 3221 1701 3303 phi-

340 3308 474 3388 losophis
497 3309 639 3389 ingerunt
661 3330 729 3374 sese
751 3328 805 3391 pro
830 3311 1003 3393 archetypis
1027 3313 1204 3383 creationis,
1234 3313 1304 3396 quia
1326 3315 1448 3394 etipsa
1470 3313 1552 3374 intra
1575 3328 1701 3392 geome-

339 3397 417 3459 triae
441 3397 552 3459 limites
576 3399 759 3462 creationem
774 3400 906 3480 aliquam
931 3401 1174 3465 administrant·
1199 3401 1242 3464 Et
1257 3404 1295 3465 ab
1310 3404 1368 3466 hac
1385 3403 1515 3465 coitione
1530 3399 1702 3463 definissem

339 3486 493 3566 perfectas
518 3486 637 3566 figuras,
663 3489 720 3551 nisi
744 3490 802 3550 duo
825 3490 1016 3552 rhomborum
1036 3509 1148 3571 genera
1163 3491 1255 3553 etiam
1275 3493 1399 3568 coirent,
1424 3509 1500 3572 quac
1519 3489 1702 3570 irregulares

340 3575 452 3655 figurae
477 3583 547 3636 sunt
570 3577 681 3638 circulo
710 3597 767 3640 non
792 3585 900 3657 aptae3
939 3598 993 3640 nos
1022 3597 1093 3641 vero
1121 3580 1232 3641 circulo
1259 3580 1427 3660 indigemus
1456 3579 1496 3640 ad
1523 3579 1702 3658 angulorum

340 3663 603 3726 mensurationem.
650 3668 733 3734 (Nora
750 3675 776 3723 in
794 3687 889 3742 marga
908 3667 1117 3747 Proprietatee
1140 3669 1245 3731 harum
1268 3671 1427 3750 figurarum
1451 3674 1564 3748 cogunt
1582 3666 1701 3746 quidem

341 3751 470 3830 aliquam
496 3753 712 3830 longitudinem
733 3762 865 3824 certam,
891 3757 944 3817 sed
969 3775 1120 3836 expensae
1143 3767 1252 3836 petunt
1274 3758 1452 3838 principium
1475 3757 1506 3818 in
1529 3753 1698 3819 ratiocina-

341 3837 432 3901 tione.
479 3837 513 3900 Si
538 3839 603 3920 quis
627 3841 753 3903 haberet
776 3844 857 3905 latus
881 3846 1062 3924 septanguli,
1087 3846 1162 3910 illud
1185 3847 1259 3908 haec
1284 3855 1314 3909 et
1337 3848 1391 3909 illa
1416 3853 1602 3926 praestaret.
1640 3841 1701 3905 Sed

339 3945 426 3987 nemo
450 3945 579 4008 nuquam
601 3931 649 3991 vel
674 3930 703 3991 in
727 3931 843 4005 charta,
868 3935 917 3995 vel
939 3935 969 3996 in
993 3934 1133 4009 numeris,
1158 3937 1209 3996 vel
1231 3934 1260 3996 in
1285 3943 1385 3997 mente
1404 3934 1511 3997 habuit
1532 3934 1699 4014 perfectum

340 4017 421 4078 latus
445 4018 631 4098 septanguli3
656 4038 714 4080 non
739 4020 804 4099 ipse
826 4021 920 4096 Deus,
947 4023 1017 4102 quia
1040 4023 1104 4102 ejus
1129 4025 1265 4086 essentia
1287 4025 1317 4086 in
1341 4025 1397 4086 hoc
1412 4022 1563 4096 consistit,
1588 4029 1700 4084 utnon

338 4103 444 4165 haberi
466 4107 565 4185 possit
588 4117 697 4170 merite.
747 4108 862 4171 Contra
887 4111 924 4171 de
949 4111 1187 4192 quinquuugolo‚
1221 4113 1272 4174 nbi
1302 4113 1469 4192 geometria
1493 4111 1612 4188 delinit,
1646 4111 1699 4170 hoc

339 4211 407 4255 esse
431 4193 511 4256 latus
526 4195 747 4278 quinquanguli,
773 4199 855 4277 cujus
872 4200 1050 4280 quadratum
1065 4201 1253 4281 componitur
1268 4193 1305 4264 ex
1320 4203 1467 4282 quadrato
1482 4199 1700 4262 semidiametri

339 4281 371 4343 et
394 4283 541 4362 quadrato
560 4285 625 4364 ejus
643 4286 740 4366 partis
759 4287 880 4366 majoris
905 4288 950 4362 (in
965 4289 1097 4350 sectione
1113 4291 1275 4353 secundum
1291 4299 1426 4352 extrema
1441 4297 1474 4352 et
1487 4289 1614 4366 media).
1649 4287 1700 4350 Uti

340 4377 371 4431 et
386 4372 633 4452 quemadmodum
653 4374 876 4437 semidiameter
899 4385 930 4437 et
952 4397 1023 4458 pars
1048 4378 1263 4440 semidiametri
1287 4380 1382 4460 major
1402 4381 1433 4441 in
1458 4379 1593 4444 sectione
1618 4379 1702 4442 dicta

339 4461 519 4540 geometrice
535 4462 652 4538 dantur,
669 4463 713 4524 ita
728 4466 898 4545 septanguli
913 4467 992 4528 latus
1006 4466 1146 4545 potentii
1160 4476 1209 4529 est
1224 4468 1253 4529 in
1268 4469 1359 4547 plano
1374 4467 1485 4542 circuli,
1502 4468 1531 4529 h.
1549 4489 1576 4532 e.
1597 4479 1702 4550 potest

338 4549 367 4609 in
392 4569 426 4610 eo
452 4550 606 4624 delineari,
631 4552 686 4613 sed
708 4571 765 4613 non
789 4563 893 4632 potest
916 4574 1045 4634 unquam
1069 4566 1214 4636 punctum
1236 4557 1365 4633 ostendi,
1390 4558 1420 4619 in
1435 4576 1493 4638 quo
1508 4559 1698 4620 terminetur.

337 4637 404 4698 Nec
428 4639 577 4720 sequitur:
602 4640 675 4701 illud
700 4649 813 4721 potest,
839 4660 910 4722 ergo
934 4643 990 4704 hoc
1005 4653 1108 4723 potest
1127 4647 1230 4707 etiam.
1268 4647 1348 4708 Nam
1372 4646 1518 4708 abesse
1543 4649 1584 4710 ad
1608 4649 1699 4711 sciri

339 4741 398 4786 non
423 4726 568 4806 sequitur.
616 4727 695 4790 Sunt
718 4730 833 4793 infinita
855 4739 968 4814 puncta
992 4732 1020 4792 in
1046 4733 1135 4810 linea,
1160 4741 1193 4796 at
1216 4753 1275 4796 non
1291 4735 1425 4797 sciuntur
1441 4733 1561 4798 infinita
1574 4746 1698 4818 puncta,

339 4820 531 4877 numerentur
560 4815 638 4878 enim
667 4824 699 4879 et
721 4820 764 4881 sic
787 4817 873 4880 linita
897 4828 1009 4881 esseut.
1056 4821 1116 4884 Est
1138 4823 1232 4904 igitur
1255 4823 1423 4905 speculatio
1447 4823 1495 4886 hic
1518 4827 1698 4904 profundis-
