3674 5528
318 275 390 344 332⁵
737 221 837 329 urseris
857 276 959 342 Kspleri
981 275 1133 341 aliorumque
1149 281 1252 327 mutuas

318 440 392 501 lucis
417 438 458 500 sit
482 457 586 518 capax,
613 438 729 500 mboris
754 455 868 517 quoqne
894 434 1004 498 Martis
1028 437 1120 497 luisse
1145 456 1297 516 capacem,
1322 437 1425 517 itaque
1449 455 1485 497 err
1507 434 1564 496 hoc
1586 434 1662 494 fonte

318 529 347 590 iu
372 527 498 589 hominis
522 545 645 606 corpore
670 526 800 588 existere
825 523 974 586 terribiles
999 526 1124 588 affectus
1141 527 1209 600 bc,
1235 527 1385 606 etiamque
1399 525 1461 586 suis
1485 521 1661 602 temporibus

247 639 250 649 ¹
318 617 354 678 ad
379 617 462 696 leges
487 616 682 678 directionum
701 615 868 677 redundare
884 613 1021 676 humores
1037 621 1067 676 et
1087 614 1222 676 allectus.
1270 612 1350 685 Quid
1371 623 1404 677 tn
1422 613 1490 674 hic?
1535 609 1661 684 Talibus,

318 705 424 784 inquis,
449 704 631 784 argumentis
656 703 798 766 inauditis
822 701 907 763 nobis
931 704 1020 780 plane
1035 722 1144 796 nouam
1159 710 1190 764 et
1215 703 1444 782 imaginativam
1467 713 1500 762 et
1522 719 1559 760 cx
1583 707 1675 778 parte.

318 794 530 872 geometricam
563 793 788 872 astrologiam
792 791 969 852 constitues.
1017 779 1123 852 'lune
1132 810 1189 852 non
1219 793 1300 854 alind
1330 792 1424 854 babes
1453 795 1662 869 argumentum,

319 881 397 963 quod
421 883 580 961 opponas?
628 865 795 960 Figmenta,
821 878 877 940 hoc
901 888 949 940 est
972 886 1142 942 commenta
1167 881 1240 942 haec
1264 901 1332 943 esse
1356 881 1448 952 salsa,
1483 877 1661 958 probandum

318 970 372 1031 tibi
396 978 453 1032 est.
502 971 588 1032 Vera
611 969 744 1032 inandire
770 987 827 1029 non
852 967 1022 1030 reformido.
1069 969 1158 1030 Nova
1182 989 1218 1030 an
1244 971 1381 1045 afferam,
1407 987 1464 1031 non
1488 967 1577 1047 plane
1592 965 1663 1038 scio;

318 1079 375 1120 non
399 1059 497 1120 evolvi
522 1060 651 1120 omnium
676 1058 778 1120 libros.
827 1056 1060 1135 Imaginativam
1078 1059 1225 1119 contendo
1241 1077 1356 1120 omnem
1373 1059 1538 1120 coelestem
1561 1073 1663 1134 opera-

318 1147 439 1223 tionem,
464 1157 495 1209 et
512 1147 628 1227 quidem
643 1145 888 1226 imaginationem
904 1143 938 1205 in¹
950 1147 1060 1220 Terris,
1087 1147 1141 1208 hoc
1157 1157 1202 1208 est
1219 1148 1250 1208 in
1271 1147 1468 1210 facultatibus
1482 1143 1664 1216 animalibus,

318 1237 360 1299 rei
376 1237 576 1316 geometricae
593 1234 847 1315 imaginabilibus
863 1233 949 1295 simul
967 1243 997 1296 et
1013 1236 1096 1298 lucis.
1136 1235 1221 1297 Haec
1245 1238 1334 1315 plane
1353 1245 1424 1298 sunt
1437 1255 1504 1296 mea
1520 1234 1665 1312 dogmata.

317 1327 384 1388 Non
418 1345 463 1386 me
497 1333 593 1388 terres
621 1323 844 1406 explosionibns
875 1323 944 1384 tuis.
995 1325 1038 1384 Tn
1064 1344 1135 1386 vero
1169 1344 1266 1386 nonne
1300 1326 1336 1386 de
1363 1325 1447 1386 novis
1479 1321 1609 1384 inventis
1639 1319 1664 1380 in

318 1413 485 1493 astrologia
509 1424 539 1475 et
563 1415 628 1493 ipse
654 1413 710 1476 toti
739 1413 870 1474 minatus
896 1431 928 1471 es
956 1413 1149 1492 antiquitati?
1197 1414 1298 1493 Atque
1323 1415 1399 1475 adeo
1427 1431 1572 1492 perquam
1596 1428 1667 1470 nova

316 1503 389 1562 traco
405 1521 520 1563 mecum
542 1504 723 1564 communia:
749 1507 832 1562 astra
852 1517 910 1560 nou
928 1519 997 1562 esse
1019 1521 1128 1564 causas
1144 1522 1241 1565 rerum
1257 1503 1468 1574 sublunarinm‚
1496 1500 1550 1562 scd
1566 1515 1662 1559 enem-

317 1591 377 1664 pla,
401 1591 467 1652 Deo
491 1592 675 1653 internuncio
701 1601 730 1653 et
756 1593 952 1662 exsecutore3
982 1591 1031 1651 nbi
1057 1611 1112 1670 ego
1139 1591 1300 1670 cujuslibet
1324 1592 1366 1652 rei
1400 1590 1580 1653 facultatem
1604 1586 1665 1647 ani-

317 1679 424 1740 malem
452 1689 554 1741 statno
579 1680 854 1757 exsecutricemque
880 1677 1139 1757 imaginationem:
1183 1679 1248 1741 Tibi
1264 1681 1346 1742 Deus
1367 1681 1396 1740 in
1424 1688 1565 1741 naturam
1580 1675 1666 1748 uenit,

317 1767 388 1828 milri
417 1777 526 1830 natura
554 1771 591 1830 ad
625 1770 813 1830 divinitatem
844 1766 969 1844 aspirat.
1016 1769 1119 1848 Atque
1138 1771 1201 1829 en!
1239 1769 1281 1830 m
1307 1767 1574 1848 imaginationibus
1597 1762 1665 1826 meis
1700 1804 1711 1814 .

317 1857 493 1920 subscribis.
541 1859 704 1938 Approbas
728 1854 881 1932 exempla3
909 1857 1026 1934 profers
1051 1858 1080 1918 in
1099 1865 1196 1936 peste,
1227 1877 1283 1918 non
1313 1857 1430 1919 terrore
1455 1857 1552 1917 solnm
1576 1861 1665 1924 nocet,

318 1945 371 2006 sed
396 1947 573 2008 formatione
597 1947 641 2008 rei
665 1946 772 2008 similis
797 1941 881 2004 etin
905 1945 1035 2007 membro
1057 1945 1154 2007 simili.
1204 1945 1318 2007 Contra
1337 1965 1394 2007 non
1411 1945 1508 2006 omnis
1524 1943 1667 2022 imagina-

319 2033 409 2095 tionis
434 2053 507 2112 opus
532 2036 642 2096 malum
666 2045 728 2109 est;
758 2032 825 2096 hnic
849 2031 1038 2110 pulcherrimi
1069 2045 1099 2096 et
1124 2044 1281 2114 parentum
1305 2035 1419 2096 similes
1453 2031 1630 2113 prodeunt
1623 2049 1665 2091 ιι·

319 2125 427 2196 lantes,
444 2123 513 2184 huic
526 2124 598 2184 nulli
610 2125 773 2185 sanitatem
788 2130 969 2198 recuperant
984 2143 1020 2184 ex
1036 2124 1157 2185 morbis.
1195 2124 1346 2204 Denique,
1372 2122 1515 2204 quidquid
1530 2122 1667 2182 hactenus

318 2211 373 2274 tuit
397 2213 609 2291 exemplorum,
635 2233 692 2274 non
717 2213 821 2274 mirum
846 2208 912 2282 fnit,
938 2219 990 2272 aut
1015 2222 1095 2274 certe
1118 2228 1176 2273 non
1201 2231 1260 2292 qua
1283 2221 1369 2291 parte
1390 2211 1496 2273 mirum
1522 2231 1541 2272 a
1564 2218 1594 2270 te
1617 2207 1668 2270 ruit

318 2300 487 2363 adductum.
536 2301 631 2362 Tuum
659 2310 707 2363 est
738 2303 793 2363 hoc
818 2299 983 2362 clanculum
1008 2309 1038 2362 et
1063 2320 1155 2380 snpra
1178 2311 1312 2363 nostrum
1336 2309 1472 2381 captum,
1499 2299 1578 2380 quod
1601 2313 1669 2358 uxor

318 2408 398 2462 ιιιιιι,
442 2389 506 2448 eisc
541 2390 646 2452 limace
680 2399 711 2451 et
744 2391 813 2451 lorti
846 2385 1061 2467 imaginatione
1100 2390 1190 2451 filiolo
1224 2409 1290 2451 meo
1322 2389 1454 2451 Henrico
1486 2408 1516 2468 p.
1553 2407 1589 2449 m.
1620 2405 1667 2464 pro

318 2477 451 2538 mentula
474 2477 667 2556 implantavit
690 2478 855 2550 limaceam.
884 2483 981 2550 (Gomp.
1004 2487 1089 2537 literas
1113 2487 1214 2551 Kepleri
1241 2488 1273 2537 ad
1298 2487 1460 2550 Maestlinnm
1483 2473 1574 2541 datae,
1601 2496 1668 2546 supra

317 2591 339 2637 p
361 2571 440 2634 ιιι.)
481 2565 530 2627 Ad
552 2567 607 2628 hoc
632 2587 715 2647 opus,
742 2569 877 2648 quamvis
900 2569 1058 2630 rationalis
1087 2577 1253 2641 creaturae,
1280 2569 1416 2629 discursu
1441 2585 1517 2628 sane
1537 2588 1593 2629 non
1618 2563 1667 2624 init

318 2675 373 2715 usa
406 2661 527 2728 natura,
562 2657 679 2718 occulto
712 2657 856 2720 instinctu
890 2658 1012 2719 factum.
1069 2657 1119 2720 Sic
1158 2677 1254 2737 neque
1288 2655 1397 2718 Jacobi
1430 2674 1505 2716 oves
1540 2657 1667 2718 discursu

317 2741 443 2816 rationis
478 2743 646 2808 utebantur.
713 2743 794 2816 Quid
827 2746 918 2826 igitur
951 2754 983 2807 tu
1015 2746 1063 2808 hic
1094 2748 1130 2806 de
1166 2746 1330 2808 structione
1369 2744 1424 2805 viri
1465 2754 1497 2806 et
1537 2744 1666 2814 feminae,

316 2830 441 2892 animosi
466 2840 498 2893 ιι
521 2834 692 2909 effeminati,
720 2835 844 2897 scientis
859 2835 1028 2916 philosophi
1054 2845 1085 2895 et
1102 2835 1269 2914 ignorantis
1293 2832 1398 2894 rustici
1419 2835 1581 2912 argutaris,
1607 2847 1667 2891 cum

316 2939 352 2980 ne
377 2921 496 2999 quidem
520 2921 598 2983 inter
621 2941 707 2984 ovem
731 2931 761 2984 et
786 2924 935 2985 hominem
963 2924 1050 3001 hujus
1066 2924 1107 2984 rei
1134 2942 1227 2984 causa
1243 2923 1334 2983 liceat
1350 2921 1556 2999 distinguere?
1595 2918 1667 2980 Vide

317 3027 413 3069 meam
437 3008 731 3074 dissertatiunculam
757 3021 787 3072 et
810 3013 926 3073 refuta?
973 3013 1133 3091 Nunquam
1164 3013 1242 3072 forte
1267 3012 1398 3072 Martem
1422 3009 1500 3071 vidit
1531 3009 1666 3090 agricola.

317 3098 394 3158 l’uto
418 3097 510 3159 multo
535 3100 629 3162 minus
655 3101 719 3180 ejus
744 3119 834 3173 uxor;
860 3111 1025 3168 ettamen,
1050 3121 1116 3160 cnm
1140 3100 1284 3178 gignunt,
1309 3100 1400 3160 horas
1425 3099 1587 3177 genesibns
1612 3095 1668 3158 suis

317 3194 536 3248 consentaneas
560 3187 724 3262 inveniunt,
753 3189 881 3250 maxime
905 3190 967 3250 illa.
1015 3187 1048 3250 Si
1064 3189 1118 3250 tibi
1143 3208 1200 3249 non
1226 3188 1360 3268 suppetit
1384 3187 1586 3266 experientia,
1617 3203 1668 3246 oon

319 3293 352 3335 es
376 3273 505 3354 diligens
529 3277 710 3356 astrologus.
757 3277 827 3338 Dixi
854 3279 932 3338 idem
956 3277 985 3338 iu
1010 3277 1288 3351 dissertatiuncula3
1314 3275 1503 3353 respexisses
1532 3277 1569 3337 ad
1599 3293 1668 3335 eam.

407 3361 453 3424 De
477 3373 577 3424 cetero
609 3367 637 3426 in
663 3365 852 3428 enarratione
877 3377 947 3428 tuae
973 3367 1143 3427 sententiae
1173 3365 1345 3444 theologum
1378 3365 1464 3441 agis;
1497 3383 1618 3444 possum
1641 3371 1670 3422 et

320 3468 375 3528 ego
391 3450 421 3511 in
437 3469 512 3511 mea.
557 3450 632 3514 Cum
651 3453 735 3516 Deus
751 3454 902 3527 irascitur,
928 3463 1066 3517 naturam
1080 3454 1357 3533 imaginationibus,
1384 3472 1457 3531 quas
1473 3453 1577 3526 mittit,
1602 3452 1667 3512 hor-

319 3539 421 3599 rendis
445 3540 617 3619 eclipsibus,
642 3541 876 3604 circumstantiis
900 3543 987 3617 acris,
1014 3543 1121 3622 agitat,
1147 3552 1180 3604 ut
1202 3543 1366 3622 profundae
1391 3541 1453 3603 sint
1477 3542 1618 3616 tenebrae
1641 3547 1670 3599 et

319 3634 456 3688 naturam
480 3629 552 3691 diris
575 3630 671 3690 modis
696 3639 839 3692 terreant.

406 3716 544 3780 Ridicule
569 3717 692 3780 desinis.
740 3719 822 3781 Dens
848 3729 880 3782 et
904 3719 1000 3782 Satan
1034 3727 1278 3781 concurrunt—
1305 3718 1430 3779 stultum
1455 3737 1543 3798 ergo,
1577 3714 1669 3777 omnia

318 3803 356 3863 ad
381 3824 490 3866 causas
516 3806 670 3867 naturales
694 3807 815 3870 referre.
864 3809 972 3880 Multa,
991 3809 1121 3877 Fabrici,
1147 3807 1249 3879 multa,
1271 3805 1330 3867 imo
1354 3807 1515 3886 plerasque
1531 3805 1668 3868 scientiae

320 3891 409 3969 hujus
434 3895 603 3955 sententiae
628 3897 786 3976 tyrannide
811 3898 971 3977 opprimes.
1019 3895 1099 3966 Quid
1116 3895 1214 3957 enim?
1261 3893 1294 3955 Si
1310 3895 1365 3956 hoc
1386 3913 1498 3969 verum,
1525 3913 1594 3956 num
1609 3893 1668 3954 ideo

318 3999 416 4042 meam
440 3983 622 4044 sententiam
648 4004 713 4045 cum
738 3994 790 4045 tna
814 3986 1004 4066 permutabo,
1038 3992 1201 4064 propterea
1230 3983 1308 4062 qnod
1342 3992 1395 4043 tna
1419 3984 1474 4045 Dei
1500 3993 1533 4045 et
1555 3979 1667 4043 Diaboli

318 4087 374 4147 ope
398 4070 465 4148 plus
489 4070 613 4153 indiget,
639 4091 706 4134 mea
730 4074 798 4135 illas
813 4073 1050 4156 hyperpbysicas
1065 4074 1153 4153 plane
1180 4091 1237 4133 non
1261 4071 1414 4133 excludit?
1460 4072 1584 4134 Minime
1603 4069 1667 4131 boo!

319 4157 423 4220 Potius
447 4177 565 4221 omnem
589 4162 786 4241 astrologiam
810 4163 965 4224 mittamus
989 4170 1020 4223 et
1035 4162 1175 4224 mundum
1199 4159 1389 4222 sublunarem
1409 4161 1475 4222 Deo
1500 4158 1667 4223 etDiabolo

319 4248 482 4324 regendum
505 4250 670 4311 tradamus.
719 4252 795 4324 Aut,
829 4252 854 4312 si
879 4251 957 4330 pium
984 4261 1014 4312 et
1039 4260 1190 4326 sanctum,
1219 4249 1408 4311 naturalibus
1433 4260 1576 4329 quantum
1599 4267 1665 4328 pos-

274 4373 276 4377 ,
318 4354 420 4486 sqfimns
444 4336 636 4410 contendere,
660 4339 828 4416 praestabit
852 4340 917 4419 ejus
941 4339 1101 4412 sententia,
1131 4339 1180 4418 qui
1209 4337 1400 4418 paucioribus
1416 4337 1570 4418 principiis
1588 4337 1667 4416 plura

318 4445 334 4483 e
369 4423 410 4486 eit

389 4513 600 4564 Fabricius:
620 4513 659 4561 An
676 4514 882 4564 inflammare
902 4515 1097 4566 essentialis
1116 4515 1306 4578 proprietas
1325 4511 1413 4563 Solis
1431 4515 1476 4570 ιιι,
1497 4511 1567 4562 valde
1580 4508 1664 4560 dubito

319 4583 383 4633 Nam
402 4584 565 4634 inflammatio
585 4579 632 4645 (sc
652 4598 716 4648 quae
736 4598 752 4634 a
771 4584 828 4634 Sole
847 4585 933 4641 oritur)
951 4600 1000 4634 non
1019 4588 1048 4636 fit
1066 4587 1097 4636 ab
1118 4587 1216 4635 actione
1236 4583 1300 4634 Solis
1319 4585 1446 4634 essentiali
1464 4578 1666 4648 praecipuast

318 4669 362 4717 per
380 4657 507 4713 accidens,
526 4655 684 4705 aradiorum
702 4655 842 4706 reflexione.
879 4654 965 4705 Multis
984 4658 1082 4720 probari
1100 4661 1191 4719 potest,
1212 4655 1276 4704 Solis
1297 4655 1429 4705 calorem
1422 4671 1448 4705 m
1467 4669 1559 4703 summu
1573 4649 1667 4700 aethere

319 4725 438 4775 minorem
457 4741 520 4784 esse,
540 4741 615 4791 qnam
632 4727 657 4775 in
676 4725 766 4787 Terris,
786 4728 845 4790 qnia
863 4725 931 4776 calor
949 4726 990 4776 ille
1008 4743 1059 4777 non
1078 4734 1116 4776 ιιι
1135 4727 1311 4777 elementaris'
1304 4727 1377 4791 ignis
1397 4733 1441 4776 ιιι
1457 4725 1525 4776 calor
1537 4725 1666 4786 depascens

320 4802 364 4844 aut
382 4796 519 4855 desudem
548 4797 592 4848 aed
610 4797 735 4848 vivificam
764 4803 790 4848 ιι
808 4811 971 4853 comarum,
996 4804 1025 4848 ιιι
1042 4805 1070 4852 ιιι
1088 4805 1157 4850 recte
1175 4798 1275 4854 scribier
1304 4805 1331 4848 st
1348 4797 1449 4861 proinde
1468 4798 1542 4848 ιιιιιιι
1566 4790 1666 4844 naturali
