3542 5528
305 319 349 392 36
898 320 1061 375 raanan.

305 495 340 549 ut
363 486 463 566 s'upra.
505 483 586 565 Ergo
610 492 642 545 et
664 483 757 546 totius
775 481 863 545 ΕΒΑ
884 484 1026 564 trianguli
1050 484 1147 545 latera
1169 491 1240 546 sunt
1262 483 1389 546 invicem
1412 481 1659 565 proportionalia.

306 575 505 638 Corollariom
528 575 571 636 Il.
617 573 739 634 Datur
770 573 961 652 proportio
995 574 1159 634 laterum.
1205 572 1281 634 Dari
1313 581 1413 634 autem
1436 573 1661 652 proportionem

305 665 459 736 existimo,
484 663 510 724 si
534 661 734 742 exprimatur,
761 662 906 742 quomodo
930 681 963 722 se
986 661 1100 722 habeat
1123 662 1162 723 ad
1184 661 1275 724 aliam
1298 663 1523 742 proportionem
1547 670 1677 736 notam,¹

304 761 409 833 utpote
433 751 573 814 sectionis
596 751 758 814 secundum
782 761 946 815 extremam
969 758 998 812 et
1022 751 1149 812 mediam
1172 753 1330 814 rationem.
1377 752 1469 814 Fiant
1492 752 1587 832 igitur
1608 771 1664 833 per

303 840 364 916 46,
393 843 416 904 Ι.
450 859 539 919 super
577 837 597 902 3
631 840 776 902 lateribus
809 838 828 902 3
862 841 1010 921 quadrata
1043 848 1079 920 et
1115 841 1311 906 continuetur·
1336 839 1391 902 DF
1423 860 1517 922 usque
1553 841 1595 902 ad
1627 838 1665 910 C,

305 950 381 1012 quae
413 929 530 991 secabit
562 930 744 1012 quadratumx
772 931 879 1010 majus.
936 926 1012 991 Cum
1044 947 1119 1008 ergo
1143 947 1195 1007 per
1218 925 1279 1004 aa,
1302 928 1341 990 .Ι.
1375 931 1666 1010 parallelogramma

303 1019 374 1090 EC,
412 1017 469 1081 CA
497 1026 529 1079 et
556 1019 652 1097 ipsum
679 1027 776 1080 totum
800 1019 977 1098 quadratum
1000 1017 1062 1078 sint
1084 1018 1261 1098 aequealta,
1292 1027 1379 1080 erunt
1403 1037 1458 1098 per
1485 1019 1517 1094 l,
1544 1019 1600 1082 Vl.
1626 1019 1665 1079 ad

303 1109 428 1172 invicem
451 1115 486 1171 ut
508 1107 617 1182 bases,
649 1108 725 1176 EF,
758 1107 831 1182 FA,
860 1107 943 1169 ΑΕ..
974 1105 1044 1168 Jam
1067 1115 1168 1168 autem
1191 1126 1243 1187 per
1265 1103 1323 1183 47,
1349 1108 1373 1168 Ι.
1398 1110 1581 1188 quadratum
1603 1105 1665 1169 EG

303 1206 450 1280 aequatur
472 1198 753 1276 parallelogrammo
775 1195 844 1272 Ec,
874 1205 905 1258 et
928 1196 1056 1259 alterurn
1079 1196 1137 1257 BA
1160 1196 1246 1257 alteri
1271 1194 1338 1258 Ac,
1384 1197 1468 1278 Ergo
1492 1196 1567 1267 EG,
1593 1198 1662 1270 ΒΑ,

302 1289 361 1349 ΔΗ
388 1287 520 1348 suntad
544 1285 914 1361 invicemutEF,FA,
944 1285 1011 1348 ΑΕ.
1055 1283 1119 1347 'Sed
1142 1303 1196 1364 per
1219 1283 1275 1357 20,
1306 1285 1361 1348 Vl.
1394 1287 1473 1348 inter
1496 1284 1567 1360 EG,
1592 1286 1662 1360 BA,

304 1376 365 1440 ΑΗ
387 1374 500 1438 similes
524 1377 635 1454 figuras
656 1383 706 1436 est
727 1375 879 1454 proportio
903 1375 1057 1453 duplicat-a
1070 1375 1197 1436 laterum
1216 1373 1282 1444 ΕΙ),
1307 1374 1375 1448 DA,
1400 1375 1468 1437 ΑΕ.
1516 1371 1577 1436 Est
1591 1393 1665 1436 vero

302 1465 456 1546 proportio
489 1463 632 1527 sectionis
665 1464 827 1526 secuudum
858 1471 1023 1525 extremam
1055 1473 1087 1524 et
1118 1463 1244 1524 mediam
1268 1463 1426 1524 rationem.
1474 1464 1558 1542 Ergo
1583 1465 1665 1525 inter

302 1555 400 1616 latera
418 1553 484 1628 ΕΙ),
510 1553 579 1628 DA,
603 1554 661 1615 ΔΕ
685 1562 733 1615 est
756 1551 878 1615 dimidia
900 1553 1052 1632 proportio
1076 1553 1228 1628 sectionis,
1253 1551 1414 1614 secuudum
1438 1562 1608 1614 extremam
1633 1562 1666 1613 et

303 1643 435 1706 mediam
459 1644 616 1705 rationem.
662 1642 848 1722 Exprimitnr
870 1643 963 1722 igitur
985 1641 1138 1722 proportio
1161 1650 1243 1702 certo
1258 1641 1386 1718 nomine,
1412 1643 1492 1723 quod
1507 1648 1576 1704 erat
1589 1663 1665 1722 pro-

302 1733 443 1795 bandum.
490 1732 605 1812 Estque
627 1732 657 1792 in
687 1751 803 1794 summa
835 1732 976 1794 continua
1006 1729 1158 1810 proportio
1185 1731 1264 1792 inter
1295 1727 1372 1804 ΑΕ,
1396 1731 1469 1806 ΑΙ),
1495 1732 1573 1806 DE,
1597 1731 1664 1806 DF,

301 1822 372 1884 FE..
402 1821 487 1882 Haec
510 1821 566 1882 tibi
591 1819 637 1884 Ol.
662 1820 700 1882 D.
724 1821 775 1882 Pr.
800 1820 844 1882 sic
867 1839 1008 1901 propono,
1033 1829 1066 1880 ut
1089 1819 1202 1894 videas,
1227 1825 1326 1880 utrum
1350 1820 1461 1882 alicubi
1484 1821 1665 1900 impingam,

302 1931 340 1973 an
359 1929 439 1972 nova
460 1910 522 1972 ista
545 1910 623 1985 sint,
649 1927 687 1970 an
711 1909 832 1971 brevius
855 1909 1053 1972 demonstrari
1075 1908 1203 1987 possint,
1229 1908 1315 1970 simul
1341 1909 1433 1971 etiam
1457 1917 1491 1971 ut
1514 1911 1556 1972 ad
1580 1911 1666 1972 cele-

276 1991 385 2064 vbrer'u
413 1999 658 2066 mathematicum
691 2017 749 2059 non
782 1999 840 2060 nisi
867 1997 1080 2062 mathematico
1108 2006 1177 2059 utar
1200 1998 1331 2060 exordio.
1378 1999 1425 2060 Do
1450 2000 1526 2062 meis
1552 1999 1666 2062 studiis

302 2090 372 2172 quid
401 2088 550 2162 scribam,
585 2106 643 2149 non
675 2087 781 2149 habeo.
828 2087 906 2149 Nam
934 2107 982 2148 res
1011 2087 1219 2148 oeconomicae
1253 2106 1301 2148 me
1324 2088 1514 2167 perturbant.
1564 2087 1668 2154 Unum

301 2189 403 2242 tamen
427 2185 488 2253 est,
512 2178 541 2238 in
566 2196 622 2257 quo
646 2177 752 2238 merito
777 2176 815 2240 Η.
836 2176 872 2237 Τ.
897 2176 1029 2256 appello,
1063 2185 1096 2238 ut
1114 2176 1186 2238 milri
1209 2175 1349 2254 opitulari
1373 2177 1518 2256 digneris.
1567 2177 1666 2242 Incidi

302 2269 332 2330 in
356 2267 592 2350 speculationem
615 2265 772 2346 quandam,
799 2284 887 2346 quam
910 2285 965 2326 neo
988 2264 1120 2326 breviter
1139 2284 1193 2326 nec
1210 2265 1396 2328 confidenter
1409 2267 1666 2346 pronuntiavere,

301 2375 339 2419 no
363 2376 405 2419 sc.
430 2355 538 2418 ridear.
586 2355 700 2442 Verum
723 2362 758 2416 ut
780 2354 819 2415 ab
843 2373 949 2438 earne
974 2353 1143 2434 expediam,
1170 2371 1244 2436 opus
1262 2355 1336 2416 mibi
1359 2363 1408 2416 est
1430 2356 1492 2428 tuis
1517 2357 1618 2418 oculis
1636 2365 1669 2418 et

303 2464 411 2526 magno
435 2445 486 2506 illo
511 2444 686 2525 quadrante.
734 2443 833 2505 Velim
858 2463 901 2505 sc.
926 2451 961 2504 ut
984 2443 1075 2504 stella
1097 2443 1209 2521 polaris
1233 2443 1313 2512 circa
1339 2440 1389 2506 18.
1407 2441 1459 2508 28.
1476 2444 1567 2525 Sept.
1595 2445 1666 2520 (sed

302 2536 359 2598 beu
392 2533 465 2595 mibi
489 2531 558 2610 'iam
586 2535 722 2606 transiit)
755 2532 940 2607 culminans,
974 2531 1055 2592 circa
1090 2527 1139 2593 16.
1165 2527 1217 2593 26.
1242 2531 1316 2594 Dec.
1345 2551 1416 2594 vero
1440 2535 1552 2596 eadem
1575 2543 1667 2598 nocte

302 2624 467 2688 culminans
487 2631 519 2684 et
535 2621 701 2685 ¹humillima
720 2622 912 2684 observetur:
938 2628 969 2682 et
991 2618 1136 2694 videatur,
1163 2629 1261 2682 utrum
1283 2621 1362 2684 inter
1379 2631 1539 2704 utramque
1555 2625 1667 2686 culmi-

301 2713 403 2776 nantis
436 2711 626 2774 altitudinem
652 2731 712 2777 nou
743 2708 790 2782 sit
807 2709 1084 2786 differentiaunius
1109 2709 1346 2789 atquealterius
1370 2713 1504 2792 scrupuli
1529 2713 1561 2776 in
1588 2733 1665 2794 qna-

302 2804 418 2865 drante.
465 2802 531 2863 Hoc
565 2801 643 2864 enim
673 2801 801 2888 optarim
832 2799 978 2862 accidere.
1002 2797 1112 2878 ·Elegi
1146 2798 1235 2860 aliam
1268 2801 1405 2880 quamvis
1438 2801 1508 2863 huic
1539 2805 1667 2884 negotio

302 2895 398 2954 minus
422 2891 569 2966 idoneam,
595 2890 691 2952 solam
716 2899 816 2952 tamen
838 2897 909 2968 post
931 2887 1073 2968 polarem,
1100 2905 1174 2966 quae
1197 2887 1270 2950 mihi
1293 2907 1349 2950 uon
1375 2890 1448 2952 nihil
1472 2891 1665 2965 satisfaciat,

302 2982 491 3045 eductionem
519 2980 633 3042 caudae
662 2981 691 3041 in
720 2999 791 3040 ursa
818 2979 949 3058 majore..
987 2977 1071 3038 Haec
1101 2976 1127 3039 si
1154 2977 1235 3038 circa
1266 2974 1295 3040 9.
1324 2975 1375 3041 19.
1400 2977 1475 3040 Dec.
1508 2981 1668 3044 altissima

301 3069 389 3133 simul
412 3078 444 3132 et
467 3069 631 3131 humillima
654 3068 881 3139 observaretur,
916 3084 1017 3126 mense
1041 3085 1111 3127 vero
1130 3065 1258 3136 Martio,
1282 3067 1351 3128 dum
1375 3065 1429 3128 Sol
1454 3077 1503 3130 est
1527 3071 1567 3132 ia
1587 3091 1666 3151 qua-

301 3161 388 3222 drato
412 3160 496 3233 loco,
525 3174 642 3218 rursum
665 3165 822 3234 caperetur
845 3154 992 3215 alterutra
1015 3155 1077 3232 ejus
1101 3154 1247 3230 altitudo,
1273 3175 1321 3217 res
1345 3157 1418 3218 mibi
1441 3165 1474 3218 et
1497 3167 1533 3220 ut
1558 3162 1668 3240 opinor

301 3246 502 3309 astronomiae
517 3245 678 3306 utilissima
694 3251 794 3304 esset:
819 3243 996 3321 praesertim
1014 3242 1041 3303 si
1056 3242 1134 3304 inter
1148 3243 1238 3304 binas
1249 3244 1433 3321 altitudines,
1452 3266 1529 3326 quas
1546 3269 1667 3330 aequa-

300 3337 345 3399 les
364 3337 427 3397 fore
452 3352 566 3413 speras,
592 3332 693 3412 aliqua
716 3338 876 3410 appareret
899 3330 1075 3395 differentia.
1119 3331 1206 3393 Nunc
1229 3352 1276 3396 me
1300 3345 1476 3398 convertam
1501 3338 1542 3399 ad
1569 3339 1643 3400 alia.

390 3421 643 3502 Gruppenbachio
676 3438 764 3498 spero
789 3420 853 3499 jam
884 3419 1083 3482 satisfactum.
1130 3421 1232 3484 Mater
1262 3441 1330 3487 mea
1363 3443 1448 3504 spem
1481 3428 1557 3488 milri
1593 3429 1670 3490 tecit

301 3509 343 3575 20
367 3513 545 3572 florenorum
569 3509 607 3571 ad
631 3509 686 3570 hoc
710 3509 827 3570 instans
852 3515 987 3588 tempus,
1016 3528 1090 3589 quos
1113 3529 1146 3570 se
1170 3511 1273 3590 ajebat
1296 3521 1366 3575 tuae
1390 3515 1550 3578 custodiae
1576 3537 1667 3580 com-

299 3601 475 3672 missuram,
516 3607 549 3659 ut
580 3618 653 3672 eos,
692 3599 936 3678 quandocumque
973 3598 1096 3659 nuncius
1129 3599 1295 3678 Tubingam
1328 3603 1479 3684 appellat,
1521 3618 1667 3684 promtus

299 3688 442 3770 reperiat.
488 3685 558 3747 Etsi
581 3705 651 3747 vero
675 3695 748 3746 nota
771 3685 843 3747 mihi
873 3695 921 3747 est
953 3685 1017 3763 ejus
1050 3687 1078 3748 in
1109 3687 1155 3749 his
1183 3688 1272 3750 rebus
1303 3691 1465 3754 difficultas
1499 3704 1533 3756 st
1567 3715 1667 3770 mora,

299 3786 400 3837 tamen
425 3794 545 3836 monere
569 3775 606 3837 D.
631 3775 862 3857 Praeceptorem
886 3775 976 3849 volui,
1001 3775 1027 3835 sl
1050 3774 1103 3837 illa
1126 3796 1241 3839 summa
1264 3789 1444 3857 numeretur,
1470 3791 1506 3844 ut
1529 3805 1603 3856 eam
1626 3786 1665 3848 D.

301 3867 482 3943 Praeceptor·
505 3883 605 3926 secum
629 3863 779 3943 tantisper
802 3865 945 3937 retineat,
972 3863 1054 3940 dum,
1080 3865 1225 3945 quidtlla
1247 3867 1311 3930 lieri
1335 3871 1442 3945 velirn‘,
1472 3890 1529 3951 per
1555 3875 1666 3936 literas

300 3953 472 4032 significem.
515 3953 617 4034 Atque
641 3953 732 4013 etiam
756 3953 861 4014 nuncio
885 3952 916 4014 id
938 3952 1089 4032 negotium
1113 3954 1191 4029 dedi,
1214 3963 1249 4017 ut
1270 3967 1380 4036 poscat
1404 3959 1489 4023 illam
1513 3984 1534 4025 a
1548 3975 1665 4041 matre,

300 4042 325 4102 sl
349 4040 403 4102 tibi
430 4041 558 4102 nondum
581 4049 768 4102 numeratam
790 4042 952 4120 intelligat.

388 4129 490 4208 Nuper
514 4129 542 4192 in
558 4131 680 4192 ltaliam
703 4129 771 4190 misi
795 4128 814 4192 2
839 4130 1023 4210 exemplaria
1045 4130 1103 4191 mei
1126 4132 1259 4210 opusculi
1279 4135 1359 4208 (sive
1375 4137 1420 4199 tui
1434 4138 1569 4217 potius),
1587 4161 1667 4222 quae

301 4217 473 4296 gratissimo
506 4227 539 4278 et
565 4218 772 4281 lubentissimo
801 4218 899 4279 animo
928 4218 1045 4298 accepit
1067 4219 1228 4282 Paduanus
1245 4225 1506 4304 mathematicus,
1541 4231 1667 4295 nomine

301 4305 458 4368 Galilaeus
484 4305 660 4379 Galilaeus,
695 4308 737 4368 uti
766 4326 798 4367 se
828 4307 1016 4386 subscripsit.
1062 4307 1120 4369 Est
1144 4309 1223 4371 enirn
1246 4323 1278 4373 et
1301 4315 1366 4394 ipse
1390 4316 1420 4377 in
1445 4315 1667 4396 Oopernicana

255 4403 257 4414 '
300 4394 417 4456 haeresi
441 4395 552 4456 indes
574 4395 677 4456 multis
701 4395 798 4456 annis.
842 4395 939 4456 Unum
963 4397 1115 4475 exemplar
1137 4397 1220 4460 misit
1243 4401 1370 4466 Romam
1395 4406 1665 4484 etplurababere

299 4482 494 4571 desideravit.
545 4483 691 4563 Equidem
724 4484 801 4546 scire
825 4503 914 4556 aveo,
945 4481 1213 4563 Gruppenbachius
1237 4507 1297 4568 qua
1320 4493 1441 4556 fortuna
1465 4495 1509 4556 sit
1532 4517 1612 4560 usus
1636 4501 1666 4562 in

300 4570 495 4635 distractione
523 4570 749 4650 exemplarium,
782 4580 814 4632 et
843 4571 869 4632 si
893 4573 958 4652 quis
982 4573 1098 4634 interea
1120 4574 1246 4638 celebris
1271 4581 1316 4642 vir
1340 4582 1370 4643 in
1395 4590 1480 4644 tuam
1503 4588 1667 4650 notionem

299 4661 424 4737 venerit,
449 4659 499 4740 qui
522 4660 644 4722 veritati
668 4659 747 4720 ferat
765 4660 947 4740 suffragium.
964 4693 1005 4704 —-
1020 4662 1115 4723 Ursus
1129 4662 1231 4742 Praga
1254 4670 1294 4729 ad
1316 4689 1363 4732 me
1388 4671 1525 4751 scripsit,
1552 4685 1666 4756 petens

299 4749 499 4830 exemplaria,-
516 4749 568 4810 cni·
586 4746 721 4829 quamvis
744 4749 862 4810 minime
886 4749 971 4828 gravi
990 4751 1115 4824 authori,
1140 4750 1251 4815 indulsi
1264 4765 1378 4831 tamen,
1403 4761 1475 4842 quia
1494 4781 1665 4829 caesareus

299 4846 347 4900 est
369 4837 615 4913 mathematicus,
648 4835 776 4918 mihique
807 4857 866 4919 qna
892 4837 1035 4918 prodesse
1064 4856 1123 4917 qua
1149 4839 1257 4907 obesse
1288 4856 1403 4930 potest.
1450 4850 1550 4917 Patet
1582 4827 1665 4922 euim
