3606 5518
553 239 559 248 ⁸
668 287 701 339 es
718 287 793 340 sou
812 287 975 356 amimea.
1075 281 1079 292 '
1197 231 1200 242 ³
1435 283 1497 354 361

133 463 202 507 uam
216 444 356 525 trigono.
407 443 496 517 Quod
510 445 574 508 lieri
597 445 680 508 nulla
693 446 812 508 ratione
825 447 947 527 poterit,
974 447 999 509 si
1013 445 1043 508 in
1058 445 1182 509 zodiaco
1201 447 1257 508 hos
1272 453 1414 528 aspectos
1429 465 1505 508 con-

134 534 265 608 sideres,
293 553 355 596 uon
380 535 412 595 in
436 543 613 614 aequatore,
645 534 805 616 praecipue
829 535 855 596 si
879 535 922 597 Μ.
948 535 984 598 Ο.
1008 537 1037 597 in
1062 536 1172 598 circulo
1199 535 1364 597 meridiano
1388 535 1504 598 consti-

136 622 236 686 tuas.“
286 623 438 685 Producit
460 641 534 684 sane
558 623 606 684 hio
630 624 727 685 locum
751 622 891 698 Stadios,
926 625 976 704 qni
1000 625 1164 694 decorose
1190 643 1244 685 seu
1268 622 1403 685 domibus
1427 623 1501 703 agit,

140 712 193 774 sed
216 718 341 772 tantum
367 712 471 786 abest,
505 719 539 773 ut
565 710 740 773 institutum
767 711 919 786 obtineat,
953 713 1163 774 Ptolemaeum
1191 712 1381 792 inaequales¹
1398 712 1503 773 domos

59 803 63 810 '
138 801 247 874 iacere,
271 808 309 862 ut
331 817 390 879 ego
413 799 515 880 potins
539 799 608 861 hinc
630 799 751 862 inverso
776 807 953 878 argumento
977 801 1195 881 aequalitatem
1218 800 1381 874 obtineam,
1406 809 1438 861 et
1452 817 1505 860 sa-

140 889 211 952 tiem
236 895 486 966 argumentorum
510 905 602 967 supra
624 895 765 968 coeptam
788 887 836 948 hic
861 889 1042 951 continuem.
1089 889 1168 950 illud
1191 888 1453 969 praemittendum,
1479 888 1505 948 si

139 978 180 1038 Μ.
206 974 255 1050 0,
280 985 315 1038 nt
340 975 394 1050 ait,
418 977 448 1038 in
472 975 583 1040 circulo
606 976 770 1039 meridiano
794 977 974 1051 constituas,
998 995 1058 1038 non
1082 976 1252 1039 habituram
1276 977 1373 1038 locum
1388 995 1506 1056 aequa-

74 1135 76 1138 ,
142 1067 263 1128 litatem
287 1065 437 1139 domuum,
463 1072 496 1126 at
519 1065 546 1126 si
570 1063 753 1128 contrarium
778 1064 841 1144 ejus
866 1065 971 1140 facias,
997 1066 1076 1146 qnod
1092 1074 1198 1127 auctor
1212 1065 1406 1128 Ptolemaeos
1421 1065 1503 1138 lecit.

141 1153 243 1233 ntique
268 1159 368 1214 totam
392 1153 459 1232 ejus
481 1153 630 1216 rationem
654 1152 709 1215 tibi
730 1153 875 1234 perverti,
900 1155 973 1216 nihil
997 1153 1102 1216 mimm
1126 1162 1184 1216 est.
1232 1151 1426 1215 Ptolemaeus
1449 1153 1507 1214 hoc

144 1243 208 1304 loco
233 1242 278 1302 Μ.
305 1239 342 1303 0.
375 1259 433 1302 non
464 1241 494 1303 in
518 1242 685 1304 meridiano
716 1241 891 1315 constituit,
930 1242 983 1303 sed
1012 1241 1041 1302 in
1069 1251 1180 1322 puncto
1208 1241 1324 1304 zodiaci
1357 1240 1507 1303 altissimo

144 1349 234 1410 super
258 1330 401 1403 Terram,
435 1330 571 1410 quodque
603 1331 777 1411 plerumque
810 1331 901 1392 altius
934 1337 983 1392 est
1010 1348 1046 1392 eo
1077 1331 1192 1392 zodiaci
1215 1341 1342 1411 puncto,
1371 1328 1451 1412 qnod
1475 1328 1504 1388 in

144 1419 313 1482 meridiano
338 1417 457 1492 haeret,
489 1417 599 1481 circulo
622 1417 761 1480 verticali
785 1436 839 1497 per
861 1420 962 1499 polum
985 1419 1101 1484 zodiaci
1116 1419 1277 1489 traducto.
1324 1417 1425 1479 Probo
1449 1417 1506 1478 hoo

143 1527 180 1568 aa
206 1505 284 1587 ipsis
312 1505 425 1568 verbis.
472 1504 523 1568 Sit
554 1501 647 1588 igitur
670 1506 867 1586 aequalitatis
890 1507 1027 1570 domnum
1053 1513 1260 1587 argumentum
1295 1506 1505 1578 sco'undum,

143 1595 219 1676 qnod
243 1594 440 1657 Ptolemaeos
462 1595 526 1668 hio,
555 1596 605 1657 ubi
634 1595 699 1676 agit
727 1593 764 1656 de
788 1595 941 1670 domibus,
972 1613 1045 1658 voce
1079 1593 1375 1658 dodecatemorii
1405 1601 1509 1656 utatur

142 1703 193 1766 pro
217 1703 294 1745 voce
319 1683 459 1744 domus.
506 1683 619 1746 Notum
645 1692 747 1746 autem
771 1691 833 1758 est,
864 1702 923 1745 non
948 1685 1045 1748 solare
1070 1692 1264 1764 aequatorem
1289 1682 1383 1746 dividi
1407 1681 1504 1756 aliter,

143 1773 197 1836 uisi
221 1773 415 1852 intempore
438 1767 516 1846 330,
550 1773 645 1834 solnm
669 1790 742 1833 vero
766 1771 920 1834 zodiacum
945 1771 974 1833 in
998 1773 1260 1848 dodecatcmoria,
1285 1779 1318 1832 et
1341 1770 1508 1832 dodecate·

142 1862 270 1925 morium
293 1860 323 1921 in
348 1881 457 1939 μοιρας
481 1856 533 1935 30,
558 1879 616 1922 non
640 1881 775 1942 χρονους,
801 1868 833 1922 et
855 1861 903 1922 hic
919 1879 1035 1942 qnoque
1058 1881 1117 1922 vox
1141 1883 1233 1940 μοιρα
1253 1859 1391 1923 occurrit.
1430 1857 1507 1921 (lum

143 1969 214 2030 ergo
238 1949 435 2011 Ptolemaeus
459 1969 671 2028 pecooponppoe
695 1948 743 2010 hic
768 1949 903 2029 appellet
926 1949 1217 2022 dodecatemorium‚
1247 1949 1384 2028 appellat
1413 1946 1505 2026 igitur

142 2047 260 2120 partem
284 2037 405 2100 zodiaci·
424 2059 647 2117 psoovporrzpa.
674 2045 706 2098 et
728 2036 769 2112 id,
795 2037 848 2108 ait,
872 2039 1009 2119 aspicere
1033 2039 1180 2118 quadrato
1204 2039 1341 2109 unciam,
1360 2055 1437 2117 quaa
1460 2041 1510 2096 cst

143 2128 225 2192 circa
249 2127 458 2204 horoscopum.
497 2127 592 2206 Atqui
615 2125 715 2197 uncia,
739 2145 817 2206 quae
839 2127 921 2188 circa
944 2126 1140 2189 meridianum
1160 2134 1217 2201 eet,
1243 2123 1416 2205 5partibne
1436 2130 1507 2184 ante

144 2225 175 2279 et
196 2214 240 2279 25
266 2221 351 2295 post,
385 2233 443 2275 non
467 2216 639 2296 frequenter
668 2215 777 2293 aspicit
804 2214 1054 2295 horoscopantem
1079 2216 1237 2296 quadrato.
1285 2213 1367 2294 Ergo
1390 2210 1508 2274 zodiaci

144 2323 226 2385 pare,
253 2323 332 2386 qnae
356 2302 404 2364 hic
418 2303 593 2364 Ptolemaeo
618 2302 728 2364 dicitur
741 2325 944 2383 peoocposse,
968 2304 1089 2384 saepius
1113 2304 1171 2368 erit
1195 2297 1284 2364 extra
1299 2300 1505 2364 meridianum.

143 2392 310 2456 Tertium
336 2399 563 2471 argumentum:
597 2391 734 2470 aspicere
757 2410 790 2452 se
816 2391 954 2454 dicuntur
977 2393 1049 2455 illae
1073 2392 1174 2454 circuli
1198 2399 1319 2470 partes,
1350 2407 1426 2469 quae
1450 2389 1509 2448 ha-

144 2483 218 2544 bent
242 2481 300 2542 sub
324 2499 358 2542 se
382 2488 538 2542 currentes
562 2479 703 2560 planetas
727 2479 926 2558 aspicientes:
962 2489 1104 2561 aspectus
1127 2481 1206 2542 enim
1229 2497 1288 2540 non
1313 2485 1362 2540 est
1384 2485 1511 2558 propter

143 2573 242 2634 locum
262 2569 318 2632 sed
332 2576 458 2648 propter
471 2568 634 2648 planetam.
675 2568 720 2631 At
738 2569 767 2629 in
788 2577 951 2648 aequatore
971 2569 1045 2631 nulli
1059 2569 1210 2647 planetae,
1234 2568 1264 2629 in
1279 2566 1403 2628 zodiaco
1418 2565 1511 2645 igitur

143 2657 348 2741 quaerendum
372 2658 428 2719 hoc
451 2676 672 2736 paoooponppa,
697 2655 845 2737 quadrato
870 2657 1021 2737 aspiciens
1044 2656 1251 2736 horoscopum,
1276 2654 1367 2716 etsie
1385 2661 1420 2716 nt
1437 2653 1507 2735 pln-

141 2749 248 2811 rimnm
280 2753 370 2808 extra
398 2745 603 2807 meridianum.
652 2743 833 2816 Quartum
865 2745 1026 2808 coincidit:
1066 2745 1131 2824 agit
1158 2744 1199 2806 ibi
1227 2743 1285 2805 loci
1312 2741 1507 2804 Ptolemaeus

142 2838 179 2900 de
204 2834 282 2897 locis
305 2833 465 2914 apheticie.
511 2833 654 2914 Aphetaa
679 2852 750 2895 vero
774 2851 832 2894 nou
857 2841 927 2896 sunt
958 2833 987 2895 in
1012 2842 1189 2913 aequatore,
1220 2847 1293 2912 ergo
1318 2831 1346 2891 in
1372 2829 1508 2890 zodiaco.

142 2924 224 2997 Quid
249 2923 329 2984 enim
348 2923 439 3002 juvat
462 2921 605 3001 aphetam
628 2929 660 2983 et
684 2921 884 3002 horoscopum
908 2922 937 2983 in
962 2922 1086 2984 zodiaco
1110 2921 1308 2992 constitutos,
1341 2917 1368 2977 si
1392 2935 1509 2998 aequa-

142 3014 219 3078 toris
243 3011 345 3092 portio
369 3011 607 3090 correspondens
636 3010 883 3090 correspondeuti
907 3009 1032 3072 orientis
1055 3008 1185 3088 portioni
1215 3005 1410 3087 aequatoriae
1435 3021 1509 3066 con-

141 3100 312 3184 figuratur?
357 3098 427 3162 Non
452 3117 526 3159 sane
549 3100 661 3178 magis,
697 3098 837 3178 quamsi
862 3097 990 3178 alicujus
1013 3099 1195 3177 tropicarum
1220 3101 1273 3156 aut
1295 3090 1509 3173 parallelorum

142 3188 419 3269 correspondentes
442 3186 597 3267 portiones
622 3187 826 3265 configuratae
850 3185 1018 3248 exhiberes.
1066 3184 1222 3256 Quinto:
1255 3181 1349 3244 uerba
1371 3181 1426 3242 illa
1456 3181 1513 3255 („a

143 3279 276 3362 quinque
299 3275 439 3356 partibus
462 3275 828 3357 praeascendentibus“),
862 3293 938 3355 quae
963 3274 1059 3354 rigide
1083 3273 1210 3336 Stadios
1234 3280 1266 3334 et
1290 3269 1450 3333 Cardenus
1474 3267 1513 3328 ad

144 3375 342 3448 aequatorem
366 3361 504 3438 trahunt,
539 3366 607 3425 sola
629 3381 689 3424 vox
712 3363 944 3442 dropepcpernr
966 3362 1089 3425 zodiaco
1112 3361 1258 3424 vindicat.
1305 3357 1386 3421 Nam
1409 3364 1513 3420 astro·

144 3457 226 3520 nomi
252 3453 366 3517 Graeci
399 3453 437 3514 de
460 3452 577 3514 zodiaci
600 3452 738 3534 partibus
768 3461 917 3532 usurpant
947 3453 1154 3514 ascensionem
1188 3450 1312 3530 ejusque
1344 3459 1515 3508 mensuram

142 3545 173 3608 in
198 3551 367 3624 aequatore
391 3541 596 3616 constituunt,
622 3541 653 3602 id
676 3539 770 3602 multo
794 3542 906 3621 magis,
932 3541 972 3617 si,
997 3548 1031 3602 nt
1053 3541 1112 3613 hic,
1133 3539 1302 3620 jungantur
1324 3557 1415 3614 μοιρα
1437 3532 1513 3596 dao-

145 3651 317 3714 spepopmn
340 3639 414 3692 tnnc
436 3629 520 3692 nulla
542 3629 661 3692 ratione
685 3637 822 3708 tempora
845 3629 1023 3710 aequatoria
1037 3637 1165 3708 possunt
1187 3625 1326 3704 intelligi.
1374 3623 1509 3686 Sexto:

145 3721 379 3784 distinctissime
413 3718 545 3798 loquitor
577 3720 614 3780 de
648 3715 691 3780 30
715 3718 763 3779 his
785 3718 924 3797 partibus
948 3717 1113 3797 (μοιραις),
1147 3712 1342 3794 configuratio
1366 3711 1515 3794 quadrato

146 3815 238 3892 (puta
261 3809 368 3871 itidem
393 3803 437 3869 30
458 3810 606 3886 palpans),
639 3825 716 3888 quae
740 3813 811 3868 sunt
833 3806 916 3869 illius
940 3807 1058 3879 domus,
1095 3823 1171 3885 qnae
1195 3802 1329 3864 Medium
1355 3799 1441 3862 Coeli
1465 3798 1515 3859 di-

146 3902 236 3964 citur.
285 3897 356 3959 Jam
375 3913 446 3958 vero
469 3895 608 3976 partibus
632 3895 751 3958 zodiaci
775 3895 939 3957 orientibus
964 3903 1102 3972 tempora
1126 3891 1298 3973 aequatoria
1318 3887 1518 3951 culminantia

146 4009 205 4052 non
229 3989 401 4067 figurantur
423 3984 592 4065 quadratis.
640 3981 720 4046 Sunt
742 3984 834 4064 igitur
864 3985 955 4046 etiam
986 3985 1066 4045 circa
1098 4003 1134 4043 so
1161 4001 1376 4057 peoocporopa
1399 3975 1516 4038 intelli-

147 4077 268 4158 gendae
294 4083 400 4154 partes
424 4073 556 4147 zodiaci,
590 4081 621 4134 et
645 4074 690 4134 sic
714 4081 803 4134 extra
825 4073 1034 4136 meridianum.
1082 4069 1275 4149 Septimo:
1310 4073 1384 4128 cum'
1401 4074 1516 4128 certum

148 4167 198 4241 sit,
224 4167 295 4227 loce
320 4160 462 4242 aphetica
486 4179 553 4223 esse
577 4161 607 4222 in
631 4161 772 4234 zodiaco,
805 4162 873 4223 vide
898 4179 976 4222 nunc
999 4159 1060 4221 ista
1082 4158 1192 4220 verba:
1230 4154 1346 4225 dasem
1368 4153 1518 4217 enasset·

145 4277 211 4318 anos
233 4275 289 4315 soc
312 4271 580 4329 μισουρατηματος
603 4271 715 4320 sorae.
763 4249 838 4311 Tale
862 4257 911 4312 cst
933 4246 1064 4310 medium
1088 4247 1173 4320 coeli,
1199 4263 1295 4325 aquo
1310 4243 1426 4305 zodiaci
1441 4260 1515 4323 por-

145 4343 244 4406 tiones
269 4341 412 4420 utrinque
436 4338 599 4414 declinant,
625 4347 659 4400 at
682 4359 700 4399 a
724 4345 836 4418 puncto
860 4337 985 4412 zodiaci,
1012 4337 1092 4417 qnod
1116 4337 1143 4397 in
1168 4333 1337 4398 meridiano
1363 4329 1515 4401 culminat,

145 4453 203 4496 uon
227 4450 305 4512 pure
339 4427 474 4490 declinat
503 4427 650 4489 alteruter
678 4445 819 4501 arcuum,
855 4427 908 4488 sed
944 4444 981 4486 ex
1003 4434 1091 4505 parte
1120 4443 1233 4504 magna
1256 4422 1349 4482 etiam
1374 4417 1514 4487 acclinat,

144 4531 291 4604 qnantum
318 4535 362 4580 sc.
398 4523 446 4577 est
477 4525 640 4600 aupnncto
672 4516 783 4594 gradus
813 4514 1002 4594 nonagesimi
1032 4514 1070 4575 ad
1094 4509 1300 4575 meridianum.
1349 4506 1515 4606 Octavo:

142 4609 267 4692 trigoni,
293 4603 448 4684 hexagoni
472 4611 505 4665 et
527 4604 680 4684 tetragoni
713 4603 842 4665 hicnon
866 4610 996 4684 possunt
1017 4601 1146 4682 intelligi
1170 4601 1208 4662 de
1232 4603 1412 4677 aequatura,
1447 4607 1519 4670 qma

141 4719 244 4764 corum
276 4695 333 4758 alii
364 4692 505 4755 dicuntur
533 4712 602 4754 esse
626 4695 801 4773 longarum,
836 4693 888 4755 alii
911 4692 1047 4753 brevium
1078 4688 1298 4752 ascensionum.
1345 4683 1390 4742 At
1412 4695 1517 4780 omnes

140 4786 324 4874 aequatoria
348 4780 461 4864 trigoni
484 4789 555 4842 sunt
579 4782 750 4866 aequalium
774 4782 994 4846 ascensionum.
1041 4780 1163 4844 Nono:
1189 4773 1262 4837 alibi
1281 4767 1437 4831 consentit
1459 4763 1517 4828 sibu
