3542 5528
192 253 356 356 ,se
743 253 1064 306 ·es0m

311 437 367 482 sua
390 415 501 480 alieubi
524 415 689 490 addixerit,
713 433 808 494 eaque
832 415 870 476 ad
892 423 1009 494 tempus
1032 423 1182 496 praestet,
1206 422 1330 496 utroque
1353 415 1439 478 modo
1462 422 1561 478 totam
1582 413 1658 476 hauc

310 525 373 572 rem
395 505 453 586 ipsi
477 505 602 568 utilitati
627 505 698 568 lore.
745 502 807 566 Sed
835 504 921 579 vide,
954 503 1024 584 quid
1051 511 1146 566 metus
1177 503 1269 566 faciat
1296 504 1464 566 immanium
1491 504 1658 566 verberum.

311 595 446 659 Obsecro
460 603 501 667 te,
514 593 697 674 Praeceptor
712 592 893 667 honorande,
917 593 1040 662 enitere,
1065 601 1098 654 ut
1116 593 1142 655 si
1157 613 1215 674 qua
1229 593 1359 656 conditio
1379 594 1459 673 apud
1480 611 1536 654 vos
1559 601 1658 666 vacet,

310 685 340 748 in
364 704 431 746 eam
455 702 511 764 ego
535 683 704 746 succedam.
750 681 868 762 Ubique
891 681 936 744 ita
958 700 1005 744 me
1028 701 1139 762 geram,
1163 689 1197 744 ut
1220 682 1537 764 gratnm-discipulum
1560 682 1659 744 decet

310 773 408 838 Crede
423 773 503 846 mihi,
519 772 546 832 si
559 771 725 852 Tubiugam
741 779 855 833 mature
870 788 989 845 venero,
1013 771 1122 832 multos
1137 769 1298 854 Styreuses
1313 771 1428 834 nobiles
1442 790 1477 834 eo
1492 779 1660 844 adtraxero,

311 864 360 945 qui
384 862 524 925 aliorsum
548 861 755 923 concederent.
801 860 848 922 De
875 859 997 940 negotio
1024 861 1179 940 eclipsium
1205 860 1336 941 gaudeo,
1367 861 1423 924 tibi
1450 869 1570 922 cautum
1593 859 1662 940 jam

310 951 437 1032 pridem.
464 981 504 994 -
528 949 629 1033 Tycho
653 949 725 1013 mire
748 949 990 1031 philosophatur,
1016 950 1156 1011 utendum
1179 949 1295 1022 canali,
1326 969 1363 1012 ne
1387 969 1438 1012 aer
1460 950 1661 1012 intercurrens

311 1039 476 1103 confundat
497 1045 530 1101 et
552 1039 693 1101 obliteret
715 1039 850 1134 radium:
874 1037 990 1119 optieee
1013 1038 1060 1100 hic
1083 1037 1215 1101 nonnihil
1234 1038 1380 1119 indigens.
1413 1040 1495 1102 Idem
1510 1037 1660 1100 aestima-

309 1130 391 1192 tione
415 1128 481 1191 sine
504 1127 615 1189 circino
640 1128 731 1204 lacta,
756 1124 775 1192 5
800 1127 928 1190 testibus
951 1127 1216 1201 consentientibus,
1241 1128 1404 1202 contendit,
1429 1127 1553 1208 eclipsin
1577 1126 1661 1190 Solis

310 1215 363 1282 30.
374 1217 444 1280 Jun.
457 1220 500 1292 (v.
508 1219 564 1288 st.)
580 1217 671 1279 luisse
687 1225 805 1279 tantum
819 1213 910 1298 5dig.
922 1235 1010 1298 qnam
1019 1216 1166 1278 Jostelius
1177 1217 1371 1297 Witebergae
1386 1215 1559 1280 aestimavit
1572 1215 1661 1278 simi-

309 1308 378 1370 liter
392 1306 456 1368 siue
471 1306 581 1369 circino
597 1304 616 1368 7
632 1314 664 1369 et
682 1307 760 1368 ultra
780 1305 949 1386 digitorum,
972 1324 1028 1385 ego
1044 1303 1163 1368 Graetii
1182 1305 1220 1367 ad
1234 1313 1301 1368 octo
1321 1307 1383 1368 iere
1398 1306 1518 1368 extendi
1533 1305 1661 1367 demon-

310 1395 415 1470 stravi,
441 1415 507 1458 cum
530 1401 612 1456 certo
636 1402 797 1475 appareret
819 1394 848 1456 in
871 1395 955 1456 radio
979 1394 1122 1474 ampliato
1146 1388 1221 1476 6¹1„
1245 1403 1277 1457 et
1299 1403 1332 1457 tn
1346 1395 1498 1474 'lubingae
1522 1393 1664 1464 similiter

309 1484 469 1548 mtiliciose
500 1503 558 1546 uon
591 1484 778 1546 aestimando
803 1482 912 1547 vvidisti
944 1482 1025 1544 ultra
1063 1484 1214 1546 dimidium
1243 1483 1379 1546 delicere.
1437 1481 1499 1546 Sed
1527 1491 1561 1544 ut
1590 1483 1663 1545 illuc

309 1574 444 1650 redeam,
469 1573 685 1635 demonstratio
710 1573 803 1634 totius
826 1572 869 1634 rei
893 1591 959 1634 cnm
983 1573 1024 1636 sit
1046 1573 1170 1655 pulchra
1192 1581 1224 1636 et
1247 1573 1422 1648 artificiosa,
1447 1572 1565 1634 videtur
1588 1572 1662 1635 mihi

310 1663 419 1743 digua,
448 1680 536 1743 quam
563 1661 645 1745 typis
674 1661 831 1734 mandem,
859 1669 894 1724 ut
923 1661 1064 1726 hederam
1091 1662 1290 1741 suspendam,
1318 1681 1384 1726 cum
1405 1663 1467 1742 jam
1490 1660 1663 1724 absolutum

309 1751 382 1814 nihil
397 1751 525 1814 habeam
540 1751 630 1814 aliud.
663 1753 769 1830 Itaque
794 1749 819 1812 sl
844 1751 885 1813 sit
899 1752 1114 1832 typographus,
1138 1752 1246 1814 curabo
1260 1751 1398 1832 imprimi.
1435 1751 1558 1814 Interea
1581 1752 1661 1826 vale,

310 1848 340 1904 et
362 1841 421 1904 mei
444 1858 556 1904 memor
579 1841 632 1912 sis,
655 1841 723 1902 dum
747 1839 786 1900 iu.
800 1839 1023 1902 calamitatibus
1047 1841 1128 1904 hisce
1152 1859 1264 1917 versor,
1288 1842 1336 1922 qni
1358 1859 1405 1904 me
1425 1841 1561 1904 foelicem
1576 1859 1662 1904 sem-

309 1947 364 2012 per
387 1939 516 2101 ⁸Pmrhsgtsie
540 2013 571 2081 6.
598 2013 649 2082 16.
673 2017 747 2078 Dec
772 2035 821 2078 an.
850 2011 943 2080 1600.
1196 2018 1234 2079 Η.
1259 2018 1292 2080 Τ.
1339 2017 1427 2081 Grat.
1452 2017 1616 2098 discipulus

1274 2107 1322 2170 Μ.
1345 2107 1379 2171 J.
1403 2106 1529 2191 Kepler.
1639 2103 1657 2148 ’·

398 2230 436 2292 Ι).
460 2230 499 2293 D.
525 2229 662 2310 Zieglero
694 2228 851 2310 plurimam
883 2228 1011 2292 salutem
1043 2229 1092 2301 (ut
1118 2236 1151 2290 et
1177 2229 1286 2292 ceteris
1313 2230 1556 2311 praeceptoribus
1585 2231 1664 2293 meis

213 2329 218 2338 “
311 2319 461 2393 omuibus)
484 2317 561 2380 dico.
603 2317 762 2390 Quartana
785 2336 842 2379 unu
867 2318 927 2379 lert
947 2319 1048 2396 plures
1072 2317 1226 2397 epistolas.
1266 2319 1328 2382 Oro
1351 2327 1461 2392 tamen,
1483 2327 1517 2382 nt
1540 2319 1664 2382 affinem

311 2427 396 2472 enum
419 2408 457 2470 D.
482 2407 706 2487 Eugelhardum
729 2405 924 2469 Stuccardiae
949 2407 1107 2485 degentem
1134 2405 1283 2484 hortetur,
1313 2429 1350 2470 ue
1378 2409 1449 2472 niibi
1478 2428 1534 2470 sua
1567 2427 1663 2489 opera

312 2497 394 2560 desit
415 2497 444 2559 iu
468 2515 515 2572 re,
549 2516 636 2577 quam
667 2496 705 2559 ab
734 2496 800 2576 ipso
823 2494 1016 2575 Eugelhardo
1038 2514 1093 2575 per
1114 2495 1219 2557 literas
1242 2499 1335 2578 petii.
1371 2506 1402 2560 et
1425 2499 1461 2560 de
1485 2517 1544 2578 qua
1568 2499 1663 2578 Zieg-

309 2585 545 2738 mnpppstat:
579 2605 620 2648 sc.
652 2593 685 2648 nt
715 2585 753 2650 D.
778 2585 917 2648 Doldium
951 2591 1089 2659 moneat,
1123 2591 1154 2645 et
1185 2584 1288 2648 literas
1317 2606 1372 2667 per
1397 2594 1517 2670 postam
1547 2587 1586 2650 ad
1612 2605 1661 2649 me

383 2836 424 2885 Ad
440 2835 503 2886 haec
515 2833 661 2885 Maestliuns
680 2849 728 2883 uon
746 2833 878 2898 respondit,
897 2833 1043 2898 penitusque
1062 2833 1190 2895 obmutuit,
1209 2835 1318 2899 quamvis
1336 2837 1434 2900 saepius
1453 2835 1593 2901 alieplsro
1611 2851 1661 2886 mo·

311 2908 386 2966 nitus,
401 2921 478 2972 usqne
491 2906 524 2956 ad
533 2920 625 2956 murum
638 2903 712 2966 leot,
725 2919 772 2969 qno
781 2904 885 2954 taudem
894 2903 1002 2968 Keplero
1013 2905 1089 2954 etlam
1101 2910 1176 2970 atque
1190 2906 1264 2956 etiam
1277 2909 1372 2972 roganti
1385 2909 1516 2958 obsecutus
1527 2908 1663 2972 respoudit.

383 3013 444 3064 oum
461 3015 487 3062 iu
505 3013 667 3075 superioribus
685 3009 864 3061 Maestliui
888 3009 918 3059 de
937 3008 1071 3073 Copae-nico
1090 3012 1239 3060 senteutiam
1262 3015 1468 3076 proposuerimus,
1494 3027 1546 3062 non
1570 3011 1617 3062 aba
1637 3027 1664 3063 re

311 3099 366 3138 esse
383 3091 508 3150 putamus,
527 3085 547 3132 si
563 3083 682 3146 judicium
701 3083 812 3145 eiusdem
830 3081 861 3131 de
874 3081 973 3130 decreto
985 3081 1129 3144 pontificali,
1149 3097 1195 3146 quo
1208 3082 1328 3133 imaeue
1339 3090 1377 3133 est
1389 3084 1517 3148 Goperuioi
1530 3085 1605 3141 ratio,
1623 3084 1662 3134 hie

313 3171 479 3222 apponamus,
498 3168 638 3219 quanquam
655 3153 838 3217 imperfectum,
857 3152 922 3217 quod
941 3165 970 3201 eo
988 3153 1068 3200 minus
1086 3153 1125 3203 hic
1144 3153 1306 3203 omittendum
1323 3167 1465 3213 censemus,
1484 3155 1551 3221 quod
1566 3155 1661 3206 Maest-

313 3229 377 3278 linus
396 3229 442 3278 sihi
459 3231 625 3292 proposuerat,
645 3225 746 3275 editioni
760 3225 838 3288 operis
851 3223 988 3287 Gopemici,
1008 3221 1124 3274 Basileus
1141 3226 1206 3288 typis
1227 3225 1391 3284 recudendae,
1408 3227 1567 3277 Prodromum
1580 3241 1662 3276 mum-

313 3313 360 3364 que
380 3297 540 3362 appendicem
564 3296 705 3361 adjuugere.
745 3295 814 3346 Inter
830 3295 999 3358 manuscripta
1016 3295 1179 3346 bibliothecae
1198 3293 1395 3362 Stuttgartiauae
1413 3298 1508 3350 scilicet
1525 3297 1662 3362 deprehen·

313 3370 392 3422 unm
409 3369 502 3420 haecce
520 3382 596 3418 manu
613 3367 739 3418 Maestliui
757 3369 866 3431 scripta:

386 3455 459 3508 ,pag
479 3437 527 3497 to,
545 3445 600 3504 post
616 3440 811 3504 praelationem,
830 3443 889 3490 ante
907 3437 1036 3504 epistolam
1054 3438 1154 3490 umeri
1174 3433 1207 3501 ¹⁶)
1226 3440 1411 3504 interponantur
1428 3441 1575 3506 saquemia:

906 3545 1069 3595 Addltio.

385 3653 497 3705 Auctarii
515 3653 569 3705 loeo
591 3652 650 3704 huie
668 3653 792 3717 praesenti
812 3652 912 3702 editioni
929 3651 993 3702 haec
1011 3653 1141 3716 sequentia
1163 3653 1278 3703 addenda
1299 3655 1391 3704 censui.
1420 3653 1484 3703 Exiit
1508 3665 1574 3704 nuo
1598 3651 1663 3703 toto

315 3741 346 3780 ex
367 3724 531 3792 typographia
555 3723 674 3776 Gamerae
686 3787 687 3790 Ἴ
700 3725 856 3789 Apostolieae
880 3722 976 3774 Minae
1001 3723 1135 3774 Decretum
1152 3731 1272 3774 manunt
1295 3725 1373 3791 sigillo
1396 3724 1429 3774 ill.
1452 3723 1524 3774 Cari.
1550 3723 1576 3776 S.
1601 3725 1663 3776 Cae

315 3799 387 3851 ciliae
405 3798 529 3862 signatum
542 3799 707 3854 etmunitum,
727 3795 766 3845 die
786 3791 912 3849 bMartis.
933 3798 1002 3858 cujus
1020 3796 1145 3858 inscriptio
1164 3801 1216 3846 est:
1240 3796 1408 3848 Decretum
1420 3796 1445 3848 S·
1464 3799 1663 3864 congregationis

314 3869 352 3920 lll.
372 3867 398 3920 S.
417 3867 449 3918 R.
470 3869 498 3917 E.
519 3867 700 3924 cardinalium,
720 3882 737 3917 a
755 3865 779 3917 S.
799 3866 832 3916 D.
852 3865 884 3917 N.
903 3865 979 3918 Paulo
998 3865 1069 3930 Papa
1086 3865 1118 3917 V.
1150 3865 1291 3933 Sanctaque
1309 3868 1367 3919 sede
1385 3866 1527 3932 Apostolica
1545 3869 1578 3918 ad
1597 3869 1663 3920 Indi·

316 3956 371 3993 cem
388 3941 517 3990 Librorum
536 3940 713 4003 eorundemque
731 3939 922 4002 permissionem,
940 3937 1140 4003 prohibitionem,
1160 3941 1375 4005 expurgationem,
1395 3945 1420 3990 et
1436 3941 1622 4004 impressionem
1639 3941 1663 3989 in

315 4013 430 4064 universa
446 4011 510 4076 Rep.
530 4010 670 4061 Christiana
688 4010 827 4074 specialiter
844 4011 1030 4075 deputatorum,
1048 4009 1137 4075 ubique
1155 4011 1337 4074 publicandum.

386 4083 422 4134 Eo
436 4083 535 4135 decreto
547 4085 611 4132 inter
624 4082 782 4132 ceterahaec
794 4083 923 4147 leguntur:
949 4081 1031 4144 ,Quia
1049 4082 1081 4132 ad
1099 4083 1212 4134 notitiam
1231 4099 1249 4133 s.
1265 4083 1461 4150 congregauonis
1478 4083 1600 4148 pervenit,
1618 4083 1661 4133 lal-

316 4170 372 4207 sam
399 4154 467 4205 illam
495 4155 632 4205 doctrinam
658 4153 849 4219 Pythagoricam
875 4155 973 4204 divinae
995 4155 1131 4218 scripturae
1153 4157 1251 4204 omnino
1275 4155 1446 4206 adversantem
1467 4155 1498 4205 de
1525 4155 1662 4206 mobilitate

316 4228 409 4278 Terrae
428 4231 453 4274 et
471 4225 640 4274 immobilitate
659 4223 736 4284 Solis,
760 4239 834 4290 qnam
851 4224 882 4274 N.
903 4225 1051 4289 Gopemious
1070 4232 1096 4275 et
1113 4225 1223 4276 Didacus
1241 4228 1362 4277 Aetunica
1385 4227 1461 4276 etiam
1484 4225 1589 4282 docent,
1611 4229 1663 4290 jam

317 4297 438 4363 divulgari
465 4302 491 4345 et
517 4310 533 4344 a
562 4297 644 4345 multis
672 4297 765 4360 recipi;
802 4297 874 4346 sicuti
905 4297 986 4347 videre
1011 4303 1049 4348 est
1072 4313 1102 4348 ex
1134 4298 1241 4363 quadam
1266 4298 1370 4361 epistola
1393 4299 1512 4360 impressa
1536 4299 1662 4360 cujusdam

317 4369 346 4421 P.
364 4365 513 4418 Carmelitae
524 4365 552 4416 P.
567 4367 597 4416 Δ.
611 4367 746 4423 Foscariui,
759 4401 765 4413 .
780 4403 808 4416 ..
828 4368 891 4424 ideo,
910 4381 942 4416 ue
960 4367 1060 4418 ulterius
1078 4368 1216 4432 hujusmodi
1234 4370 1313 4433 opinio
1332 4371 1357 4417 iu
1374 4369 1506 4432 perniciem
1525 4369 1662 4419 catholicae

317 4437 427 4492 veritatis
445 4443 536 4502 serpat,
556 4439 659 4496 censuit,
679 4439 757 4488 dictos
770 4437 931 4503 copemieum
946 4439 976 4488 de
995 4439 1068 4488 rerol.
1088 4442 1180 4490 orbium
1193 4446 1219 4491 et
1230 4439 1353 4491 Didacnnu
1371 4442 1396 4489 in
1414 4439 1461 4490 Job
1479 4439 1662 4504 suspendendos

318 4525 381 4568 esse.
401 4509 480 4558 douae
498 4509 655 4574 corrigantur.
684 4509 784 4561 Librum
802 4525 858 4560 rero
877 4511 1001 4560 Foscarlni
1020 4512 1117 4561 omnino
1135 4511 1325 4576 prohibendum⁸⁴
1345 4510 1389 4562 dte.
1400 4533 1435 4546 ·-·
1454 4511 1534 4572 Quae,
1555 4513 1661 4568 obsecro.

320 4581 425 4635 cmdide
443 4580 534 4630 lector!
554 4585 592 4629 est
610 4587 655 4630 tua
672 4581 703 4631 de
720 4581 767 4632 hon
781 4581 818 4632 lll.
833 4581 906 4632 Card.
925 4582 1024 4632 decreto
1036 4583 1158 4634 censura?
1183 4585 1222 4634 Au
1239 4598 1298 4641 non,
1317 4583 1357 4632 uhi
1375 4585 1479 4648 primum
1496 4585 1550 4646 ejus
1568 4583 1661 4648 magni·

319 4653 393 4706 ileum
410 4652 507 4704 uenum
525 4651 628 4718 legeris,
654 4653 699 4704 tibi
716 4653 861 4717 persuades,
882 4653 914 4703 ad
931 4653 1005 4703 istam
1023 4653 1049 4704 S.
1069 4653 1289 4721 Congregatiouem
1307 4655 1437 4718 deputatos
1456 4669 1509 4704 esse
1528 4656 1592 4705 siros
1610 4667 1660 4718 spe

321 4726 432 4783 cialiter.
456 4739 506 4776 nou
528 4728 626 4772 tantum
643 4725 668 4772 in
691 4725 801 4774 omuibus
820 4723 845 4775 S.
864 4725 1016 4790 theologiae,
1040 4726 1245 4790 iurisprudentiae
1264 4723 1308 4776 te.
1331 4728 1452 4790 pertibus,
1477 4725 1522 4775 sed
1547 4725 1661 4776 suumin

323 4797 388 4848 omni
406 4795 483 4848 scibili
500 4795 697 4846 instructissimos
715 4801 742 4846 et
760 4796 926 4856 doctissimos,
951 4810 1010 4864 quoa
1028 4797 1090 4848 nihil
1107 4811 1205 4854 eorum,
1231 4811 1295 4866 quae
1313 4797 1416 4861 alicujus
1433 4799 1553 4848 momeufi
1570 4799 1597 4847 iu
1613 4796 1661 4848 diss
