3542 5528
329 279 372 348 ω
914 275 1076 326 mn

325 441 512 508 reroKepieri
530 431 1672 508 ququhmnhrecotaruntmweadiet'nmluiuthmdemtuddi·

326 516 418 572 ἄιιιιιι.
437 511 807 579 haudparrisuetmoment‘a

395 587 462 647 lam,
480 581 873 638 redemtuodflemrtum.
892 578 1157 637 hameouchdeutet
1174 577 1540 642 hancpnelah'onirpartem,
1561 574 1675 626 addeuda

325 658 615 710 reanimarem
633 653 695 703 adiit
712 652 848 718 Keplermn
865 651 1017 708 Hermus,
1036 650 1212 715 rhmudogicis
1230 649 1317 700 stadiis
1334 655 1482 714 occupetur,
1501 663 1547 712 per
1566 646 1673 696 Ourirto

285 720 753 816 'phorumGrieubergerumeSoe
772 724 847 778 lesu.
872 721 1181 787 tamtemporirtinettie
1205 719 1550 784 manupretiosum,
1579 723 1675 769 mute

325 803 384 852 uni
403 797 483 857 rtet,
503 797 629 850 Lucani
647 795 740 846 dictum
758 795 791 845 ad
808 801 902 844 certam
920 807 1012 844 ιιιιιιιιιι
1028 794 1119 844 referre
1138 795 1254 858 mpiena.
1280 808 1359 858 quo,
1363 792 1479 842 Lucam
1496 795 1618 840 recenset
1635 789 1674 838 ob-

325 874 487 923 servationem
506 869 707 924 comtehationit.
726 881 800 932 qoam
812 867 926 932 Nigidius
938 866 1040 930 figulus
1052 864 1245 917 Mathematicus
1263 871 1323 915 ante
1340 863 1430 914 bellum
1444 863 1516 913 civile
1530 861 1560 912 (l.
1573 861 1600 912 J.
1614 859 1675 911 Cae·

325 946 403 1000 saris.
421 943 460 994 vel
478 943 567 994 adrem
584 941 705 1006 Augusti.
725 937 876 988 ohserndf‘
895 935 983 1000 (verba
999 934 1143 998 Horruit).

397 1089 437 1139 Ad
454 1089 520 1140 hane
538 1091 707 1155 eumenem
724 1086 850 1152 respondit
867 1086 1021 1150 Keplarur
1038 1085 1105 1138 huuc
1121 1087 1147 1135 in
1164 1085 1277 1136 πιιιιιιιιι

415 1195 491 1259 Com
514 1197 544 1258 in
567 1198 623 1260 hoo
644 1196 803 1276 dignitatis
827 1196 949 1274 fastigio
972 1195 1138 1257 collocatus
1168 1192 1357 1256 nihilominus
1384 1191 1540 1254 literarum
1563 1189 1675 1260 studia

326 1285 481 1348 lectionem
505 1286 697 1349 historiarum
720 1293 752 1348 et
774 1285 945 1347 matheseos
968 1283 1168 1364 cognitionem
1191 1301 1284 1356 ames,
1308 1300 1366 1343 non
1388 1299 1512 1362 possum
1537 1278 1676 1359 equidem

324 1375 387 1450 tibi,
412 1375 470 1437 Vir
492 1375 560 1439 nob.
576 1384 608 1439 et
630 1375 730 1456 ampl,
754 1394 813 1436 uon
835 1373 990 1455 gratulari,
1014 1381 1117 1452 utpote
1140 1373 1187 1436 cni
1210 1371 1284 1433 nihil
1306 1370 1434 1433 omnium
1456 1387 1557 1430 rerum
1578 1368 1674 1441 deest,

324 1483 400 1546 quae
424 1464 473 1526 vel
494 1465 559 1545 ipse
581 1464 766 1528 Aristoteles
798 1463 827 1525 in
859 1483 915 1524 sua
945 1461 1100 1524 felicitatis
1127 1463 1196 1524 idea
1223 1459 1383 1522 desideret.
1430 1457 1497 1530 Quo
1522 1456 1675 1519 lubentius

323 1553 471 1615 desiderio
494 1563 555 1630 tuo,
580 1555 657 1634 quod
673 1553 768 1615 literis
783 1554 821 1614 ad
835 1553 874 1615 D.
889 1549 1140 1631 Grieubergerum
1163 1551 1244 1612 dah's
1267 1557 1399 1611 testatus
1421 1568 1464 1622 es,
1488 1547 1669 1610 satisfacere

323 1643 479 1717 contendo,
502 1643 674 1724 propositae
689 1641 873 1724 quaestionis
888 1640 1086 1724 explicatione
1101 1639 1232 1720 scripta:
1256 1658 1315 1700 non
1330 1639 1457 1718 quidem,
1482 1637 1562 1716 quod
1583 1636 1630 1697 ita
1654 1655 1673 1696 a
1766 1639 1767 1642 ’

322 1731 439 1793 nemine
463 1751 552 1812 quam
575 1753 595 1794 a
617 1751 664 1793 me
687 1731 798 1794 rectius
821 1729 885 1792 lieri
908 1749 997 1810 posse
1020 1747 1181 1809 sperarem,
1206 1728 1259 1790 sed
1277 1727 1348 1808 qnia
1361 1726 1549 1788 occasionem
1564 1726 1672 1787 deme-

324 1821 407 1883 rendi
431 1820 501 1882 mihi
524 1823 603 1884 tanti
626 1821 699 1896 viri,
734 1821 819 1899 cujus
842 1819 912 1880 mihi
936 1838 1019 1899 spem
1042 1819 1155 1880 faciunt
1177 1818 1246 1880 illae
1273 1817 1358 1897 ipsae
1388 1816 1513 1884 literae,
1546 1815 1672 1877 mirifice

325 1911 517 1973 deosculatus
541 1929 614 1972 sum.
647 1909 874 1972 Resolutiouem
899 1915 998 1970 autem
1021 1907 1119 1987 ipsam
1136 1927 1195 1969 non
1210 1907 1270 1968 alia
1284 1905 1391 1986 scripsi
1404 1904 1555 1979 methodo,
1582 1923 1673 1984 quam

323 2018 369 2074 ea,
394 2017 453 2080 qua
475 2006 566 2061 natae
589 1998 661 2060 mihi
684 2005 754 2060 sunt
776 1998 812 2059 de
835 1998 903 2078 ipsa
926 1995 1100 2078 quaestione
1122 1996 1336 2077 cogitationes:
1368 2013 1442 2075 quae
1470 1995 1568 2055 forma
1592 1993 1674 2056 scri-

322 2087 413 2150 bendi
436 2087 493 2149 etsi
517 2086 599 2149 rudis
622 2095 654 2148 et
676 2086 797 2167 indigna
820 2087 949 2149 fortasse
973 2093 1058 2149 tanto
1081 2087 1193 2149 lectore
1218 2091 1274 2156 est,
1297 2093 1398 2147 tamen
1417 2083 1454 2146 ob
1475 2081 1505 2143 id
1520 2081 1592 2144 mihi
1612 2101 1672 2162 po-

323 2176 471 2238 tissimum
495 2175 605 2250 arrisit,
628 2183 662 2238 ut
683 2194 738 2255 per
760 2195 826 2238 eam
848 2184 967 2257 pateret
989 2194 1055 2238 oum
1078 2176 1151 2238 fides
1174 2194 1242 2237 mea
1263 2174 1293 2236 in
1311 2174 1368 2236 hac
1388 2171 1588 2253 explicatione
1611 2169 1672 2232 ad-

324 2264 419 2326 hibita
441 2274 504 2327 tum
527 2265 688 2328 difficultas
710 2264 740 2326 in
765 2265 828 2328 alia
849 2264 1053 2346 confingenda.
1096 2263 1211 2336 Quibus
1233 2263 1262 2325 in
1285 2262 1412 2343 pagellis
1436 2261 1462 2323 si
1485 2260 1556 2339 quid
1578 2279 1673 2342 repe-

323 2353 408 2428 reris,
433 2354 511 2435 quod
533 2353 661 2435 placeat,
685 2361 718 2416 et
741 2355 778 2416 ob
801 2355 880 2434 quod
901 2373 949 2416 me
972 2363 1023 2416 tuo
1042 2353 1163 2434 dignum
1178 2353 1280 2415 favore
1294 2371 1428 2424 censeas,
1453 2350 1531 2430 quod
1555 2351 1673 2412 utinam

323 2462 381 2505 non
405 2441 491 2506 irrita
514 2443 585 2506 mihi
608 2443 787 2506 confidentia
801 2444 1042 2524 persuaderem,
1076 2443 1140 2524 ejus
1173 2441 1215 2504 rei
1242 2439 1491 2503 demonstrandae
1519 2439 1671 2518 geminam

324 2533 511 2595 occasionem
534 2551 600 2595 com
623 2532 743 2613 optione
765 2551 917 2613 propono,
950 2539 985 2594 ut
1007 2539 1061 2593 aut
1082 2551 1130 2594 me
1153 2531 1190 2592 D.
1214 2530 1370 2603 Ficlrlero,
1403 2529 1467 2590 viro
1490 2529 1669 2601 clarissimo,
1760 2525 1763 2530 '

325 2620 373 2702 qui
396 2621 658 2696 consanguinitate
682 2629 823 2702 parentes
839 2639 921 2684 meos
936 2620 1067 2699 attingit,
1092 2619 1291 2693 commendes,
1316 2626 1369 2680 aut
1390 2618 1670 2680 mathematicorum

322 2709 500 2772 vestratium
518 2711 632 2790 judicia
655 2710 692 2772 de
716 2729 781 2772 meo
804 2729 897 2790 nuper
920 2709 1002 2772 edito
1025 2708 1141 2783 libello,
1173 2728 1232 2772 non
1264 2709 1358 2773 refert
1390 2725 1476 2789 quam
1501 2707 1572 2768 mihi
1596 2723 1669 2786 pro·

322 2797 407 2880 pitia,
432 2809 620 2880 extorqueas,
644 2807 734 2880 atque
758 2800 797 2860 ad
815 2819 862 2862 me
874 2798 1000 2880 perferri
1019 2799 1060 2871 (si
1074 2817 1132 2860 non
1147 2805 1322 2878 arroganter
1335 2799 1421 2875 peto)
1435 2815 1488 2876 pro
1504 2795 1669 2857 autoritate

323 2897 376 2950 tua
393 2889 512 2968 jubeas.
540 2889 596 2951 ld
619 2908 707 2968 quam
729 2889 803 2950 meis
830 2889 919 2950 rebus
947 2889 1132 2980 profuturum
1164 2888 1223 2961 sit,
1256 2887 1454 2966 conjecturam
1479 2903 1516 2946 ex
1539 2884 1593 2946 illa
1616 2892 1669 2945 tua

323 2976 453 3058 epistola
476 2978 571 3057 capio,
596 2996 672 3059 quae
696 2978 771 3040 adeo
796 2977 972 3059 quibusdam
994 2995 1031 3039 ex
1054 2996 1119 3038 meo
1134 2976 1312 3056 magistratu
1330 2974 1451 3055 placuit,
1476 2982 1510 3035 ut
1532 2973 1605 3035 nihil
1628 2973 1669 3034 ad

322 3085 419 3128 meum
447 3067 586 3130 honorem
618 3066 841 3129 convenientius
874 3067 1008 3130 accidere
1041 3067 1175 3146 potuisse
1209 3064 1384 3126 existimem
1431 3063 1510 3124 Vale
1532 3061 1612 3125 Nob.
1637 3069 1670 3122 et

323 3153 422 3234 Ampl.
439 3153 503 3229 Vir,
529 3163 560 3217 et
583 3156 608 3218 si
633 3156 702 3234 quid
725 3155 786 3217 dixi
808 3155 904 3219 minus
927 3156 991 3217 foro
1011 3155 1275 3228 accommodatum,
1300 3151 1577 3215 mathematicorum
1601 3169 1667 3213 mo-

322 3244 403 3306 ribus
426 3245 570 3308 condona.
612 3242 649 3306 17
670 3243 753 3323 Sept.
783 3241 875 3310 1597.

691 3333 770 3396 Nob.
795 3341 825 3395 et
848 3333 948 3412 Ampl.
973 3331 1007 3392 Τ.
1252 3329 1455 3392 deditissimus

1168 3419 1212 3482 Μ.
1237 3419 1397 3482 Johuanee
1417 3415 1544 3500 Kepos.

1032 3507 1077 3571 lll.
1103 3505 1223 3588 Styriae
1246 3527 1401 3588 procerum
1423 3507 1669 3572 Mathematicus.

392 3685 449 3736 Hae
479 3684 581 3752 Keplerl
605 3686 692 3738 literae
727 3687 816 3740 desunt
842 3690 868 3738 in
895 3686 1037 3738 collectione
1070 3685 1265 3750 Petropolitana;
1301 3686 1461 3735 desumsimus
1489 3699 1533 3734 aas
1564 3701 1580 3736 e
1611 3686 1670 3736 hhro

323 3755 350 3808 F.
371 3755 473 3807 Paula
497 3755 532 3806 de
562 3757 718 3816 Schrank‚
746 3777 819 3826 quem
845 3759 982 3822 inscripsit:
1011 3756 1154 3820 Sammiung
1178 3757 1334 3807 naturhistor.
1362 3772 1386 3805 ιι.
1419 3755 1513 3820 physik.
1542 3758 1670 3820 Aulestes.

265 3850 268 3858 ¹
323 3825 406 3878 liorib.
422 3823 500 3882 1796,
517 3829 542 3878 iu
560 3844 607 3894 qno
625 3830 671 3879 has
690 3846 744 3880 eum
763 3833 840 3882 trihus
857 3835 975 3894 sequente
993 3843 1058 3878 auno
1077 3829 1109 3878 ad
1126 3828 1280 3878 Heruartum
1298 3829 1394 3890 scriptis
1411 3827 1486 3877 literis
1505 3827 1608 3892 Kepleri
1626 3831 1670 3878 im·

323 3898 461 3962 primendar
481 3901 586 3958 curarit,
605 3901 729 3953 desumtas
749 3919 761 3953 s
780 3902 951 3964 manuscriptis
970 3899 1090 3950 Heruarti
1108 3901 1133 3949 in
1151 3899 1299 3950 bibliotheca
1311 3898 1499 3949 Landshntiana
1517 3897 1597 3960 (nuuc
1616 3899 1669 3950 llo·

323 3964 418 4030 uachii)
439 3973 595 4021 conservatis.
634 3972 704 4034 Quae
723 3975 817 4025 addidit
834 3973 955 4036 Keplerus
975 3971 1021 4020 illis
1039 3971 1130 4026 literis,
1148 3973 1268 4032 separatis
1287 3973 1425 4033 conscripta
1441 3970 1505 4020 foliis
1522 3971 1598 4034 plane
1615 3987 1670 4035 per·

323 4041 403 4090 duent
430 4039 462 4090 ad
490 4044 658 4104 quaestionem
685 4046 716 4095 ab
739 4045 868 4096 Herverto
890 4044 1054 4108 propositam.
1073 4057 1149 4106 quare
1167 4042 1207 4092 hic
1226 4042 1362 4092 omittenda
1379 4041 1423 4091 illa
1441 4057 1579 4092 censemus.
1616 4043 1671 4094 Hoc

323 4117 420 4160 tantum
439 4111 549 4162 addimus
567 4116 724 4178 respicientes
743 4116 776 4166 ad
794 4116 974 4166 conclusionem
992 4115 1117 4164 literarum
1135 4112 1253 4177 Kepleri‚
1281 4112 1415 4177 Keplsmm
1438 4121 1573 4176 cognatum
1596 4115 1671 4164 fuisse

323 4181 363 4234 Jo.
386 4181 461 4232 hlich-
486 4183 612 4245 Fichlero,
640 4187 689 4236 filio
715 4187 755 4236 lo.
783 4187 887 4237 Ficltleri
913 4186 1043 4243 Wilensis.
1076 4187 1144 4248 cujus
1176 4191 1255 4235 mater
1285 4199 1351 4233 soror
1377 4184 1423 4234 fuit
1447 4183 1559 4241 hltilleri,
1587 4187 1671 4248 proavi

324 4252 432 4316 Kepleri.
480 4254 519 4303 lo.
550 4253 626 4306 Mich.
659 4258 797 4316 Fichlerus,
826 4272 934 4308 assessor
963 4271 1077 4308 camerae
1108 4255 1240 4320 Spirensis,
1277 4255 1392 4306 fundator
1421 4256 1535 4318 stipendii
1573 4255 1669 4306 Fictis·

324 4325 401 4384 risui,
429 4338 475 4388 quo
501 4326 604 4389 posthac
621 4329 746 4379 hnehetur
768 4329 868 4392 Kepleri
892 4328 953 4377 lilius
972 4329 1127 4386 Ludoricus‚
1151 4328 1257 4378 decessit
1280 4341 1345 4376 anno
1367 4323 1441 4378 1587.
1479 4325 1536 4375 Joh.
1556 4327 1672 4390 Baptista

325 4395 457 4453 ficklerus,
477 4411 549 4461 quem
566 4412 641 4461 supra
657 4400 778 4463 Keplerus
797 4400 864 4456 dicit,
884 4399 960 4449 frater
978 4405 1032 4448 erat
1049 4401 1101 4449 sins
1120 4399 1192 4448 dubio
1210 4398 1282 4453 illius.
1301 4398 1375 4449 theol.
1388 4406 1414 4448 et
1423 4398 1552 4462 jurisprud.
1567 4397 1670 4456 Doctor‚

325 4467 437 4518 electoris
463 4465 625 4519 Maximiliani
648 4471 668 4520 1.
695 4477 859 4534 praeceptor
885 4470 1035 4520 consiliarius
1063 4476 1088 4519 et
1110 4469 1288 4534 protonotarius
1316 4469 1568 4534 Salisburgensis.-
1537 4468 1672 4518 -Prima

326 4538 481 4604 epistolarum
504 4538 674 4601 Hernarci,
702 4555 765 4606 quae
790 4543 873 4591 insunt
898 4541 975 4591 codici
992 4540 1192 4604 Petropolitano.
1220 4540 1281 4589 data
1303 4539 1429 4591 Monachii
1452 4541 1475 4589 d.
1497 4537 1530 4588 24
1550 4539 1607 4590 oo.
1628 4537 1670 4595 et,

325 4611 388 4660 haec
411 4610 501 4662 hebet.
529 4609 614 4662 Salute
636 4618 661 4662 et
678 4613 811 4663 officiorum
832 4612 1012 4676 studiorumque
1038 4611 1159 4662 oblatione
1186 4613 1331 4688 praemissis
1360 4615 1487 4663 certiorem
1515 4617 1541 4660 te
1568 4610 1670 4661 reddere

325 4680 397 4738 volui.
417 4681 460 4732 Vir
478 4682 636 4740 Doctissime,
661 4685 745 4734 literae
762 4699 801 4734 me
819 4689 874 4734 tuas
895 4681 934 4732 17.
955 4683 1022 4747 Sept.
1041 4683 1113 4734 datus
1130 4684 1193 4733 bene
1211 4663 1331 4745 quidem,
1352 4691 1463 4734 amaruan
1485 4682 1605 4732 hesterna
1627 4682 1668 4732 de-

326 4765 392 4802 mum
410 4753 464 4812 die,
483 4755 615 4816 accepisse.

397 4823 518 4875 Laetatur
535 4824 569 4877 fui
588 4840 752 4892 summopere.
772 4840 842 4888 cum,
862 4827 907 4876 uiri
925 4841 965 4876 me
983 4825 1077 4876 animm
1095 4824 1168 4888 plane
1186 4823 1271 4882 fallat,
1288 4824 1464 4887 perspexerim,
1492 4823 1536 4872 tihi
1562 4823 1628 4874 haec
1646 4829 1670 4873 et
