3628 5518
298 256 362 326 198
753 254 783 305 lo
802 253 946 316 Mystes-ium
966 251 1198 318 Cosmoqrspbiqnm

292 439 481 496 μεπειητεεει.
518 418 585 472 Cum
608 421 703 470 autem
722 416 779 470 sint
798 414 896 485 pauci,
921 430 1032 468 causam
1053 414 1199 468 habebunt
1217 412 1304 468 etiam
1325 428 1475 482 paucarum
1496 411 1660 466 formarum.

294 502 436 562 Breviter,
461 517 516 553 non
538 497 646 550 faciunt
668 495 783 566 singula
805 511 922 564 corpora
944 493 1069 563 singulos
1093 498 1192 566 loyes,
1220 509 1274 547 non
1298 492 1395 563 anguli
1417 491 1493 561 plani
1517 491 1544 544 in
1569 492 1663 544 solido

295 581 415 650 angulo,
439 579 468 632 in
489 579 604 648 planum
626 576 737 630 extensi
751 583 781 630 ει
793 568 855 628 oum
877 573 993 628 4reotis
1014 575 1168 644 comparati
1189 571 1327 644 (quamvis
1349 573 1467 643 perfecti
1487 574 1573 644 λογοι
1593 571 1664 624 ltine

295 661 380 714 etiam
393 659 490 712 haberi
505 651 626 727 possint)
641 671 695 708 non
709 656 797 725 plana
811 671 1067 725 superornatam,
1086 670 1140 708 non
1159 652 1304 723 implentia
1318 659 1348 706 et
1362 652 1499 705 struentia
1512 651 1664 721 planitiem

295 738 461 800 continuam,
484 753 537 791 non
553 751 667 806 quorum
681 737 819 805 quadrata
833 734 953 787 laterum
967 739 1032 787 sunt
1046 735 1080 787 ad
1096 733 1259 804 quadratum
1275 731 1410 794 diametri,
1432 737 1465 784 ut
1478 747 1607 785 numerus
1623 733 1661 783 ad

295 835 443 874 numerum.
474 817 572 870 Omnia
592 816 662 869 haec
682 813 855 885 perreptavi,
878 814 984 868 nullum
1005 829 1094 885 genus
1116 814 1256 868 satisfacit
1275 815 1310 867 ad
1333 812 1418 866 talem
1439 810 1663 865 constituendam

294 897 487 960 definitionem,
509 911 581 967 quae
602 895 775 964 supradictos
795 900 857 948 octo
871 898 957 964 loyce
976 895 1184 962 complectatur,
1207 911 1258 947 nec
1276 894 1380 962 plures.
1410 892 1480 954 Quid
1495 891 1582 962 igitur
1596 898 1661 944 tan·

295 981 376 1032 dem?
404 978 503 1030 Dicam
525 975 718 1038 definitionem,
743 982 844 1043 postea
865 972 1016 1044 intelliges.
1045 974 1122 1044 Ergo
1144 973 1172 1028 in
1192 973 1324 1026 divisione
1343 971 1480 1040 bipartita
1500 971 1595 1025 circuli
1613 971 1663 1025 rel

295 1063 415 1129 quatuor
428 1062 566 1110 rectomm
580 1054 757 1109 constituitur
771 1059 858 1125 toyoc
871 1052 1026 1124 repotiaris,
1046 1056 1214 1122 respondens
1233 1051 1396 1122 perfectioni
1417 1067 1561 1121 corporum
1574 1068 1663 1122 regu·

296 1137 403 1198 larium,
424 1135 532 1207 quoties
547 1141 577 1187 et
590 1139 686 1204 partes
701 1134 774 1188 inter
793 1151 822 1187 se
837 1142 941 1188 etcum
963 1139 1021 1186 toto
1036 1133 1144 1186 habent
1158 1138 1246 1204 loyor
1259 1131 1377 1200 alicujus
1391 1132 1499 1202 figurae
1517 1131 1664 1202 regularis

241 1217 246 1230 ¹
296 1215 539 1271 demonstrativae.
575 1215 654 1267 Haeo
672 1214 802 1268 delinitio.
835 1215 907 1268 Nam
927 1212 1000 1266 sicut
1018 1213 1190 1283 reguilaritss
1210 1229 1354 1282 corporum
1374 1227 1425 1280 per
1443 1211 1663 1281 regularitatem

295 1296 442 1366 planorum
455 1294 592 1355 delinitur,
612 1293 651 1346 sio
666 1297 750 1365 loyor
765 1294 903 1362 perfectus
918 1299 955 1354 et,
972 1297 1004 1344 ut
1017 1293 1059 1345 ita
1072 1294 1169 1355 dicam,
1189 1293 1300 1355 solidus,
1317 1307 1367 1362 per
1380 1295 1485 1361 lorove
1498 1289 1665 1359 simpliciter

296 1376 491 1430 consideratos.
527 1373 624 1428 Dicam
647 1379 740 1428 autem
761 1372 831 1427 idem
855 1373 973 1426 fortasse
996 1391 1266 1448 γεωμετρικωτερον.
1303 1375 1401 1443 Λογος
1424 1371 1527 1424 solidus
1551 1371 1663 1434 existit,

295 1453 404 1526 quoties
419 1461 448 1508 et
462 1454 597 1508 subtensa
616 1469 696 1508 arcus
716 1458 760 1507 est
778 1456 876 1524 toysxq
898 1453 933 1505 ad
954 1451 1129 1517 diametrum,
1154 1461 1184 1510 et
1206 1469 1287 1507 arcus
1309 1453 1342 1507 sd
1363 1450 1501 1507 residuum
1522 1453 1606 1524 dator
1627 1467 1663 1504 eo

296 1535 375 1592 modo
390 1542 421 1589 et
434 1549 555 1596 numero,
570 1550 623 1604 quo
638 1549 718 1587 arcus
733 1533 813 1596 alius,
834 1532 981 1586 subtensus
996 1535 1102 1607 λογικῇ,
1122 1536 1156 1588 sd
1171 1532 1301 1588 circulum
1315 1539 1412 1588 totum.
1653 1575 1657 1582 .

375 1613 429 1668 Hio
449 1612 514 1681 jure
535 1613 698 1682 principium
719 1615 852 1683 quoddam
880 1617 926 1664 est
946 1615 1032 1682 loyor
1056 1613 1252 1684 aequalitatis,
1282 1613 1327 1684 qni
1349 1610 1445 1682 nequit
1465 1612 1662 1675 demonstrari,

295 1693 347 1750 nisi
368 1695 477 1764 inepte,
505 1698 536 1746 ot
556 1693 673 1748 oirculus
701 1698 777 1746 totus
799 1693 947 1746 subtensus
968 1700 1070 1762 puncto
1091 1695 1126 1748 sd
1147 1694 1278 1748 urculum
1304 1711 1333 1748 se
1360 1691 1448 1762 ipsum
1474 1697 1564 1744 totum
1595 1693 1662 1746 sub·

296 1781 404 1829 tensum
424 1773 519 1826 itidem
538 1778 650 1842 puncto.

375 1869 506 1942 Sequitur
520 1873 604 1940 loyor
622 1869 660 1936 Ἰ..
680 1869 752 1922 Nam
770 1871 797 1936 Ἰ,
820 1867 914 1920 circuli
929 1876 973 1922 εει
991 1871 1126 1925 subtensa
1144 1870 1287 1933 diametro,
1309 1886 1380 1940 quse
1400 1875 1445 1924 est
1464 1870 1500 1923 ad
1519 1886 1549 1922 se
1570 1869 1664 1942 ipsam

296 1957 405 2024 toyaxq,
419 1951 541 2020 adeoque
557 1947 641 2080 etilam
655 1950 730 2020 ρητη,
744 1953 775 2001 ει
792 1949 821 2016 Ἰ,
838 1947 872 1999 ad
886 1948 1024 2004 residuum
1043 1953 1069 2017 Ἰ,
1086 1953 1169 2024 dqsor
1182 1968 1215 2005 eo
1230 1967 1419 2019 numeroque
1434 1955 1509 2002 totus
1525 1955 1612 2004 antea
1627 1952 1664 2004 ad

297 2039 394 2094 totum,
411 2045 448 2086 so.
464 2028 577 2083 utlad
613 2066 620 2080 .

375 2108 469 2164 Tertio
488 2099 528 2168 Ἰ..
558 2107 630 2162 Nam
647 2100 675 2167 Ἰ.
693 2105 787 2160 circuli
801 2106 976 2162 subtenditur
990 2109 1080 2162 latere
1096 2107 1230 2179 trianguli
1254 2113 1358 2179 toysaqs
1380 2110 1415 2162 sd
1434 2108 1609 2173 diametrum,
1632 2117 1664 2164 et
1730 2139 1733 2144 ·

301 2183 330 2250 Ἰ.
348 2191 383 2244 ad
402 2183 430 2247 Ἰ.
447 2193 492 2240 εει
505 2193 538 2240 ut
551 2192 637 2242 antea
651 2186 769 2240 circulus
784 2187 819 2239 ad
836 2180 877 2246 Ἰ..

378 2268 483 2330 Quarto
500 2259 542 2325 Ἰ..
567 2265 639 2401 ιΙῗειιι
654 2264 829 2319 subtenditur
841 2265 932 2318 latere
947 2267 1122 2337 tetragonioo
1142 2271 1254 2337 toyssp,
1275 2275 1305 2320 et
1320 2261 1351 2326 Ἰ.
1369 2273 1413 2320 εει
1432 2271 1467 2321 ad
1486 2261 1514 2328 Ἰ.
1530 2278 1564 2323 ut
1582 2271 1664 2324 modo

300 2353 365 2401 erat
378 2347 497 2400 circulus
513 2345 548 2399 ad
584 2371 607 2404 ..

378 2426 480 2488 Quinto
496 2416 537 2484 Ἰ..
567 2425 638 2479 Nam
658 2424 832 2478 subtenditur
850 2425 939 2479 latere
954 2423 1187 2498 quinquangulari
1208 2431 1313 2498 λογιεῳ
1332 2427 1491 2496 imperfecte
1511 2435 1542 2480 et
1564 2420 1596 2488 Ἰ.
1620 2435 1666 2482 εει

297 2509 333 2560 ad
345 2500 379 2566 Ἰ.
396 2513 430 2559 ut
446 2508 525 2558 modo
541 2510 603 2559 erat
623 2503 740 2558 circulus
764 2505 797 2557 ad
817 2495 858 2564 Ἰ..
888 2503 940 2558 Hic
961 2505 1061 2568 nescio,
1085 2522 1120 2560 an
1141 2505 1167 2560 id
1192 2509 1262 2578 quod
1284 2513 1328 2560 est
1347 2505 1565 2562 demonstrabile
1587 2517 1664 2562 recte

297 2587 386 2644 dicam
408 2589 535 2658 λογικον.
577 2585 649 2639 Nam
672 2585 837 2656 quadratum
860 2584 958 2638 lateris
982 2585 1230 2658 quinquangmlaris
1254 2587 1310 2640 soio
1333 2586 1496 2642 irrationale
1519 2587 1589 2648 dici,
1615 2591 1664 2642 sed

299 2672 393 2722 tamen
406 2664 574 2736 geometrice
589 2663 770 2718 demonstrari
784 2669 886 2734 potest,
908 2663 1004 2734 itaque
1018 2666 1093 2721 aliud
1108 2668 1149 2722 illi
1163 2683 1261 2720 nomen
1275 2669 1342 2722 dare
1358 2673 1385 2722 te
1400 2668 1535 2739 magistro
1550 2669 1665 2730 discam,

266 2743 269 2748 ’
297 2747 406 2806 interea
419 2750 533 2800 vocetur
548 2748 671 2815 ιογικον,
692 2745 763 2814 quod
781 2745 962 2798 demonstrari
980 2747 1150 2814 geometrice
1167 2753 1272 2816 potest.
1301 2746 1354 2802 Sed
1370 2754 1451 2818 patet
1464 2747 1529 2802 bino
1544 2765 1664 2818 quoque,

297 2827 370 2880 bunc
386 2829 472 2896 loyor
483 2823 713 2895 imperfectiorem
727 2841 798 2886 esse,
813 2841 874 2878 oum
887 2841 943 2878 non
957 2824 995 2879 sit
1008 2825 1105 2880 lateris
1120 2826 1300 2897 pentagonioi
1314 2829 1477 2897 qssadrstum
1493 2830 1527 2880 ad
1543 2829 1665 2898 quadra·

297 2914 355 2960 tum
368 2904 506 2967 diametri,
530 2911 561 2959 ut
579 2920 707 2958 numerus
723 2905 757 2957 ad
778 2919 933 2964 numerum
955 2907 1003 2957 sed
1023 2911 1116 2960 ιειιεε
1136 2907 1207 2961 duae
1221 2907 1365 2976 potentiae
1380 2914 1410 2960 et
1423 2907 1505 2976 hujus
1520 2907 1622 2961 lateris
1637 2914 1667 2959 st

300 2985 450 3039 subtensae
464 2985 569 3054 angulo
580 2983 696 3052 junctae
712 2984 825 3036 suntad
840 2982 994 3052 potentiam
1008 2984 1134 3040 diametri
1149 2991 1182 3039 ut
1196 2986 1212 3040 5
1228 2987 1263 3040 sd
1278 2987 1306 3040 4.

376 3065 462 3118 Sexto
481 3057 522 3124 Ἰ..
551 3065 621 3118 Nam
637 3063 811 3116 subtenditur
825 3063 914 3117 latere
929 3065 1111 3135 sexangulari
1126 3071 1232 3139 loyeap
1250 3068 1373 3136 perfecte
1393 3075 1477 3138 atque
1493 3067 1578 3120 etiam
1594 3070 1666 3138 ῥηεφ

297 3151 327 3198 ει
345 3139 374 3206 Ἰ.
392 3145 427 3198 ad
447 3135 477 3204 Ἰ.
494 3151 538 3196 εει
551 3151 583 3197 nt
596 3145 675 3198 modo
689 3143 806 3196 circulus
822 3144 856 3196 ad
876 3137 914 3202 Ἰ..
1210 3201 1213 3206 ,

377 3223 499 3292 Septimo
518 3216 558 3283 Ἰ..
586 3223 656 3276 Nam
671 3221 845 3276 subtenditur
858 3225 948 3277 latere
973 3219 997 3291 ll
1023 3229 1128 3297 loyssqs
1146 3226 1321 3298 imperfecte,
1345 3229 1392 3280 sed
1411 3245 1471 3281 cum
1490 3227 1582 3280 latere
1597 3244 1666 3296 pen·

298 3302 395 3436 tagqpi
409 3302 528 3440 junctiqn
542 3307 647 3373 loysap
668 3303 800 3372 perfecte,
825 3310 857 3358 ut
876 3305 937 3357 loco
959 3305 1054 3376 quinto
1075 3307 1149 3368 dixi;
1174 3314 1204 3361 et
1221 3299 1249 3367 Ἰ.
1269 3309 1304 3361 ad
1323 3300 1351 3368 Ἰ.
1375 3317 1420 3361 εει
1438 3313 1472 3362 ut
1492 3323 1581 3376 supra
1601 3313 1667 3361 erat

297 3383 352 3436 ciro
383 3399 414 3436 us
434 3383 469 3436 sd
512 3409 534 3442 ..

378 3462 483 3516 Octavo
501 3455 541 3521 Ἰ..
571 3463 642 3516 Nam
660 3461 835 3516 subtenditur
849 3463 938 3517 latere
964 3465 1119 3539 ssssloyssqs
1138 3464 1296 3535 imperfecte
1316 3467 1485 3537 simpliciter,
1507 3467 1556 3520 sed
1570 3473 1665 3520 ιειεειι

723 3537 944 3610 demonstrabili,
970 3557 1000 3600 et
1025 3539 1055 3605 Ἰ.
1081 3545 1116 3598 ad
1144 3539 1173 3605 Ἰ.
1195 3555 1240 3601 εει
1262 3555 1294 3601 ut
1318 3548 1395 3602 modo
1419 3546 1537 3600 circulus
1560 3548 1596 3599 ad
1622 3537 1663 3607 Ἰ..

595 3646 612 3710 q
637 3611 689 3746 {is
728 3621 781 3674 Hic
803 3622 920 3678 omnium
944 3625 1091 3680 vilissimus
1114 3633 1159 3678 εει
1181 3631 1283 3699 loyor,
1307 3633 1451 3682 ettamen
1472 3629 1574 3698 loyor,
1605 3631 1665 3680 stat

366 3755 375 3785 ¹
459 3753 467 3782 ¹
525 3683 555 3784 :is
570 3649 622 3784 iss
659 3683 688 3752 Ἰε
728 3700 850 3756 enimin
873 3704 978 3760 musica
997 3711 1027 3760 et
1049 3712 1198 3770 consonat,
1223 3709 1270 3760 sed
1293 3709 1374 3762 valde
1396 3706 1539 3761 dissolute.
1582 3707 1664 3760 Haeo

301 3790 327 3855 Ἃ
345 3750 353 3893 ἶ
368 3757 396 3892 ‚5²
411 3747 419 3886 Ξ
435 3755 444 3884 ζ
459 3755 485 3890 ,5⁸
525 3759 555 3891 ’i
609 3755 621 3786 ⁸
725 3781 840 3871 pulchre
868 3783 955 3839 rideri
985 3790 1104 3876 possunt
1134 3783 1161 3838 iu
1197 3787 1329 3858 apposita
1364 3787 1471 3842 tabula.
1513 3785 1586 3840 Nam
1615 3787 1662 3840 ad·

376 3861 395 3909 '¹
474 3860 553 3962 ’Ἰῖ
569 3860 621 3998 li:
724 3863 1662 4016 itt.‚⁰ttt².ltttsstttttttttttttt.tt⁹.¹td⁰ttlt

397 4095 403 4107 .
723 4029 890 4076 numerator.
926 4025 990 4079 lnde
1008 4031 1098 4096 patet,
1119 4041 1168 4079 cur
1187 4043 1241 4079 non
1259 4043 1354 4081 eamus
1373 4027 1500 4082 ulterius.
1528 4025 1662 4095 Exempli

296 4112 422 4150 oausam
441 4087 486 4158 Ἰ.,
513 4093 579 4150 3ει
598 4098 617 4151 4
636 4106 701 4152 sunt
722 4097 747 4153 i.
785 4104 825 4154 Δι
842 4103 1010 4159 subtendens
1034 4097 1061 4163 Ἰ.
1086 4111 1203 4160 nonest
1225 4106 1456 4162 demonstrabilis.
1491 4105 1585 4167 Quare
1606 4123 1661 4160 non

295 4183 465 4246 potestesse
480 4176 567 4229 bonus
582 4181 672 4248 loyor,
692 4177 715 4230 si
730 4177 847 4234 circulus
862 4182 889 4236 in
905 4183 923 4237 3
938 4191 968 4238 et
982 4186 1000 4240 4
1015 4184 1161 4240 dividatur.
1190 4185 1235 4240 Sic
1249 4186 1335 4241 etiam
1348 4194 1414 4256 post
1430 4180 1471 4248 Ἰ..
1498 4179 1540 4246 Ἰ..
1562 4203 1661 4256 seque·

293 4261 371 4308 retur
388 4247 429 4318 Ἰ..
448 4247 489 4318 Ἰ..
511 4247 549 4318 Ἰ..
569 4250 609 4314 Ἰ..
639 4257 678 4310 Et
691 4265 756 4326 post
772 4252 801 4319 Ἰ.
820 4271 983 4332 sequeretur
999 4256 1039 4328 Ἰ..
1059 4257 1102 4326 Ἰ..
1130 4269 1170 4319 At
1184 4267 1352 4320 subtendens
1369 4258 1399 4326 Ἰ.
1421 4283 1475 4320 non
1490 4271 1535 4318 est
1549 4267 1661 4320 demon-

295 4333 428 4389 strabilis.
453 4333 522 4387 Post
537 4329 566 4394 Ἰ.
579 4342 608 4389 ει
621 4329 650 4396 Ἰ.
667 4347 829 4407 sequeretur
847 4335 901 4405 Ἰη,
920 4337 973 4407 ii...
992 4339 1046 4408 Ἰ...
1064 4335 1118 4407 Ἰ...
1135 4351 1166 4398 at
1179 4347 1347 4400 subtendens
1362 4347 1435 4399 tales
1450 4361 1531 4400 arcus
1547 4350 1663 4400 nonest

294 4412 526 4470 demonstrabilis.
557 4416 622 4470 lnde
636 4423 725 4484 patet,
746 4437 794 4473 cur
811 4413 851 4483 Ἰι,
871 4415 900 4482 Ἰ.
916 4424 1004 4478 faciat
1017 4427 1115 4496 λογον,
1135 4430 1166 4479 ει
1187 4443 1240 4478 non
1261 4418 1298 4489 Ἰ.,
1319 4419 1358 4485 Ἰ..
1389 4427 1460 4480 Nam
1475 4424 1529 4479 etsi
1550 4421 1580 4483 Ἰ.
1596 4427 1661 4480 sub·

295 4503 375 4548 tensa
389 4495 598 4559 demonstratur,
614 4495 689 4550 latus
700 4515 798 4568 nempe
806 4503 951 4571 octogoui;
967 4511 1059 4570 mmen
1073 4504 1307 4560 constituerentur
1321 4504 1348 4558 in
1363 4505 1464 4560 circulo
1479 4513 1577 4575 partes
1597 4505 1661 4568 1.r.

293 4591 364 4645 quae
378 4591 434 4630 nou
447 4582 564 4644 possunt
578 4575 722 4630 transferri
737 4576 763 4631 in
780 4587 867 4634 totum
883 4581 899 4636 7
915 4589 944 4637 et
958 4583 1019 4652 ejus
1033 4593 1141 4655 partem
1159 4587 1182 4648 l,
1199 4585 1226 4650 6,
1241 4585 1307 4656 quia
1324 4588 1403 4639 modo
1423 4580 1449 4645 Ἰ.
1471 4585 1583 4654 rejects
1597 4583 1660 4640 fuit.

371 4669 409 4726 Hi
423 4678 488 4724 sunt
501 4686 570 4742 ergo
585 4671 644 4741 logi
662 4671 750 4735 solidi,
772 4675 794 4727 si
811 4677 905 4744 placet
919 4678 993 4748 ipsos
1008 4680 1048 4734 sio
1061 4681 1211 4744 nominare,
1231 4683 1297 4753 quis
1311 4683 1382 4737 sicut
1397 4691 1454 4738 tres
1469 4683 1505 4736 ad
1520 4683 1661 4738 minimum

294 4749 390 4826 anguli
405 4757 570 4810 concurrunt
590 4751 625 4810 ad
645 4750 768 4818 solidum,
793 4754 835 4814 ita
858 4757 886 4812 in
908 4759 1012 4819 musica
1033 4762 1065 4820 lit
1085 4779 1122 4820 ex
1135 4759 1178 4816 his
1193 4767 1290 4842 λεγοις
1305 4763 1387 4826 trium
1402 4778 1500 4818 vocum
1513 4763 1661 4826 harmonia
