3674 5528
693 282 725 334 rs
742 282 816 334 usu·
835 283 997 350 osochor.
1460 285 1524 352 353

147 438 300 520 planetas
327 441 369 502 ad
394 447 491 503 ortum
513 441 561 503 vel
585 459 725 504 occasum
750 441 921 520 dirigendos
943 461 1086 522 persnas
1111 443 1296 519 latitudines,
1322 445 1523 510 consideratis

123 541 127 547 ·
150 527 199 600 his
215 529 347 608 quidem
371 530 401 590 in
426 530 598 605 directione,
628 530 746 610 quaudo
761 531 886 609 planeta
909 531 958 593 vel
973 531 1087 594 oriatur
1108 533 1157 594 vel
1172 532 1299 595 oc'cidat.
1348 531 1437 604 Quod
1451 553 1523 598 vero

155 617 235 678 alios
261 618 488 696 significatores
512 617 639 691 attinet,
668 625 702 680 ut
724 619 855 692 Lunam,
885 619 951 698 jam
981 620 1062 680 alind
1091 639 1130 682 ex
1152 619 1392 699 Regiomontauo
1417 623 1522 685 dicen-

159 707 244 779 dum,
271 707 358 768 aliud
382 707 466 768 mihi.
503 705 762 784 Regiomontanus
785 725 840 787 per
855 707 1096 786 significatorcm,
1123 709 1241 788 quando
1256 709 1282 770 is
1306 710 1400 772 habet
1415 712 1522 773 latitu-

159 794 279 866 dinem,
315 795 402 856 dnoit
425 795 566 856 circulum
589 795 762 874 positionis,
796 814 920 876 eumque
944 797 1085 859 circulum
1108 798 1226 858 omnino
1251 801 1460 860 accommodat
1483 801 1523 862 ad

164 882 384 962 significatoria
415 883 616 946 latitudinem.
662 883 736 944 Inde
769 883 981 965 promissorem
1014 885 1053 948 ad
1085 886 1163 948 hunc
1191 885 1332 949 circulum
1361 888 1521 966 positionis

161 971 288 1033 adducit
309 991 415 1032 rursus
438 991 492 1051 per
516 991 602 1034 snam
624 972 815 1051 promissoris
840 973 992 1052 propriam
1015 973 1214 1048 latitudinem,
1240 975 1414 1036 considerat
1433 977 1521 1050 enirn,

159 1078 229 1122 cum
253 1078 313 1142 quo
336 1060 434 1138 gradu
464 1061 580 1122 zodiaci
609 1059 775 1140 promissor
798 1061 902 1122 veniat
929 1062 958 1124 in
986 1061 1064 1124 hunc
1095 1062 1237 1124 circulum
1260 1063 1431 1144 positionis.
1477 1065 1522 1126 Et

161 1149 219 1210 hoc
248 1148 286 1209 de
311 1167 436 1228 corpore
465 1149 673 1227 promissoris,
705 1150 754 1211 vel
778 1150 842 1229 ejus
866 1151 1005 1230 opposito
1029 1151 1128 1224 radio,
1163 1152 1212 1230 qni
1245 1161 1385 1216 censetur
1410 1153 1521 1216 hebere

160 1235 355 1298 latitudinem
379 1238 549 1318 oppositam
572 1237 650 1300 citra
672 1238 919 1300 controversiam.
966 1239 1033 1319 Ego
1062 1259 1133 1301 vero
1162 1239 1280 1320 qnando
1304 1240 1422 1303 invenio
1455 1242 1519 1306 Lu-

161 1345 233 1388 nsm
258 1325 503 1405 significatricem
535 1325 565 1386 in
590 1329 809 1405 septentrione,
843 1329 974 1388 Martem
997 1321 1208 1408 promissorem
1228 1337 1329 1392 autern
1352 1329 1383 1390 in
1407 1339 1519 1406 austro,

161 1415 229 1476 dico
254 1414 452 1476 directionem
482 1434 550 1476 esse
582 1416 713 1490 fatuam3
748 1415 845 1494 dirigo
874 1414 983 1496 quippe
1010 1436 1068 1478 non
1096 1435 1151 1495 per
1183 1417 1310 1480 circulos
1338 1419 1521 1497 positionum

158 1511 357 1564 transeuntes
381 1521 435 1582 per
458 1503 690 1582 significatorern
714 1505 771 1566 nisi
793 1505 824 1567 in
847 1504 1001 1567 horizonte
1025 1513 1057 1567 et
1070 1505 1244 1578 meridiano,
1268 1506 1317 1586 qui
1340 1507 1400 1584 ipsi
1423 1508 1520 1588 signi-

157 1592 301 1654 ficatores
325 1599 411 1666 sunt;
442 1600 474 1653 et
493 1600 567 1670 puto
591 1593 650 1654 vim
670 1593 858 1674 significandi
879 1593 981 1654 inesse
1005 1593 1079 1656 solis
1103 1594 1275 1672 corporibus
1295 1593 1377 1656 Solis
1401 1606 1433 1658 et
1455 1599 1520 1658 Lu-

158 1699 228 1742 nae.
275 1679 534 1758 Regiomontanus
558 1699 629 1743 vero
654 1682 793 1746 diffundit
811 1682 890 1746 hanc
913 1681 974 1744 vim
995 1700 1049 1761 per
1067 1682 1209 1744 circulum
1222 1683 1392 1762 positionis,
1417 1692 1518 1748 mans·

158 1777 281 1830 euntem
304 1787 359 1848 per
381 1769 457 1832 haec
480 1788 617 1848 corpora.
1575 1776 1577 1785 ¹

250 1856 322 1918 Jam
346 1857 425 1938 quod
449 1857 560 1920 attinet
583 1867 724 1938 aspectus
748 1859 972 1939 promissomm,
997 1859 1107 1938 triplex
1130 1867 1179 1920 est
1193 1859 1298 1920 modus
1322 1858 1519 1923 consideran-

158 1946 216 2008 dae
241 1945 421 2008 latitudinis.
466 1945 533 2008 Ant
554 1946 632 2008 enim
655 1947 784 2010 circulus
798 1966 924 2027 magnus
948 1949 1051 2029 pote'st
1073 1947 1204 2009 transire
1219 1965 1272 2026 per
1287 1948 1518 2027 significatorem

159 2044 192 2096 et
213 2034 439 2114 promissorem.
470 2043 502 2097 et
524 2035 554 2095 iu
578 2054 614 2096 so
645 2037 767 2098 extendi
791 2044 948 2116 aspeotns;
982 2043 1036 2098 ant
1061 2035 1190 2098 circulus
1213 2054 1339 2115 magnus
1367 2038 1518 2100 transiens

158 2143 213 2205 per
236 2123 453 2202 promissorem
475 2132 561 2185 secat
585 2124 755 2203 eclipticam
779 2124 809 2186 in
833 2125 906 2188 locis
927 2145 946 2185 a
968 2125 1150 2204 promissore
1175 2124 1358 2187 distantibus
1382 2127 1519 2206 utrinque

158 2213 330 2293 quadrante
354 2211 535 2292 exhibetque
558 2212 660 2274 radios
685 2221 868 2295 aspectuum.
914 2213 979 2274 Ant
1001 2212 1128 2293 denique
1152 2222 1257 2275 contro
1279 2213 1379 2293 posito
1403 2214 1432 2277 in
1448 2234 1517 2277 cor-

157 2319 231 2381 pore
253 2299 451 2382 promissoris
475 2298 506 2362 'ct
529 2301 737 2380 amplitudine,
764 2309 906 2383 quantam
927 2301 1063 2381 postulat
1078 2309 1231 2382 aspectus,
1256 2301 1402 2369 ducuntur
1416 2304 1520 2366 circuli

158 2397 302 2450 secantes
327 2387 498 2468 eclipticam
535 2397 568 2450 et
599 2391 795 2452 ostendentes
825 2398 968 2470 punctum
990 2389 1163 2469 eclipticas,
1197 2389 1227 2450 in
1252 2409 1309 2470 qno
1342 2391 1521 2454 terminatur

159 2485 322 2558 aspectum
351 2469 447 2556 primo
471 2478 558 2539 modo
583 2497 646 2540 uon
660 2478 781 2542 memini
803 2497 981 2558 quemquam
1003 2480 1057 2541 uti.
1103 2478 1147 2540 Et
1169 2486 1268 2540 tamen
1293 2479 1364 2542 mihi
1387 2480 1519 2542 nonnihil

157 2564 342 2639 verisimilis,
366 2573 438 2627 tunc
461 2567 580 2647 quaudo
603 2567 788 2646 significator
811 2567 905 2629 habet
928 2568 1127 2642 latitudinem,
1153 2575 1188 2629 ut
1210 2567 1236 2628 si
1256 2567 1343 2630 Luna
1366 2569 1406 2630 sit
1420 2569 1517 2649 signi-

89 2661 98 2678 ·
157 2655 287 2716 licatrix.
335 2651 493 2716 Secundus
517 2656 623 2717 modus
646 2655 951 2735 estRegiomontani,
977 2655 1056 2735 apud
1075 2675 1163 2736 quem
1187 2655 1305 2718 sextilis
1329 2675 1446 2738 semper
1460 2657 1518 2720 ha-

157 2743 208 2806 bet
233 2742 393 2805 dimidium
417 2743 587 2806 latitudinis
611 2745 691 2824 ejus,
716 2765 804 2826 quam
828 2745 921 2807 hahet
944 2745 1281 2824 corpuspromissoris,
1309 2745 1404 2806 trinus
1429 2746 1519 2808 dimi-

157 2832 240 2894 dium
264 2831 435 2894 latitudinis
460 2833 626 2912 oppositae,
652 2835 816 2914 quadratus
837 2834 1028 2896 latitudinem
1043 2833 1164 2895 nullam.
1213 2831 1333 2894 Tertius
1354 2834 1426 2896 mihi
1443 2853 1517 2914 pro-

157 2921 249 2984 hatur
274 2930 362 2994 tunc,
387 2923 505 3000 quando
529 2921 649 2984 horizon
673 2923 721 2985 vel
745 2923 927 2986 meridianus
956 2929 1004 2984 est
1036 2921 1230 3000 significator.
1277 2921 1339 2984 Sed
1362 2923 1434 2984 mihi
1458 2922 1517 3001 ipsi

81 3039 83 3042 ·
157 3028 217 3072 non
241 3006 419 3072 satisfacio:
445 3008 514 3089 quin
536 3011 637 3090 potius
661 3019 732 3074 tunc
755 3011 784 3072 in
810 3010 1066 3091 speculationibus
1089 3009 1222 3091 physicis
1241 3010 1428 3089 suspiciones
1443 3029 1541 3072 con--

156 3098 247 3179 cipio,
283 3096 390 3178 quasi
422 3115 517 3160 vana
547 3100 598 3162 sit
624 3117 756 3178 magua
781 3119 869 3180 pars
902 3099 1154 3162 directionum.
1201 3097 1334 3158 Primum
1364 3099 1458 3172 enim,
1492 3099 1518 3162 si

157 3187 248 3250 Luna
262 3195 314 3248 est
328 3184 536 3266 significatrix,
556 3189 702 3267 quomodo
717 3189 746 3250 in
762 3207 797 3251 eo
813 3189 923 3251 circulo
943 3205 1052 3267 magno
1069 3186 1179 3268 dicitur:
1192 3185 1293 3246 venire
1309 3187 1347 3248 ad
1362 3195 1518 3267 aspectum

156 3277 315 3356 planetae,
339 3274 371 3334 in
395 3293 452 3354 quo
475 3295 532 3338 non
557 3277 692 3338 incedit?
716 3277 760 3338 At
779 3278 808 3339 in
824 3278 904 3339 nullo
920 3277 1010 3338 trium
1026 3275 1163 3354 superius
1187 3275 1403 3338 recensitorum
1420 3277 1518 3338 circn-

159 3365 256 3428 lorum
281 3362 405 3424 incedit.
450 3363 543 3426 Esset
565 3365 657 3444 igitur
680 3367 785 3428 modus
808 3374 934 3447 quartus
959 3365 1122 3446 quaerendi
1146 3363 1224 3426 hunc
1239 3363 1391 3437 circulum,
1416 3365 1444 3426 in
1461 3384 1518 3446 quo

77 3474 78 3485 ¹
158 3461 306 3533 aspectus
330 3451 421 3526 inest,
446 3461 478 3514 et
499 3451 525 3514 is
550 3454 642 3516 etiam
665 3456 826 3534 perplexus
850 3463 881 3516 et
900 3453 1069 3534 ambiguus.
1116 3453 1279 3516 Ducendus
1299 3454 1407 3533 qnippe
1431 3454 1519 3516 utin

121 3574 129 3588 .
157 3542 247 3604 modo
277 3539 369 3603 tertio
403 3541 514 3604 circum
545 3543 758 3621 promissorem
781 3543 924 3618 circulus,
956 3543 1051 3604 donec
1074 3550 1159 3604 secet
1185 3542 1266 3603 viam
1289 3542 1392 3604 Lunae
1421 3541 1518 3621 signi-

157 3629 305 3692 ficatricis
329 3629 498 3706 genuinam.
544 3631 640 3710 Atqui
665 3651 813 3711 quaenam
835 3633 910 3694 haec
924 3631 1039 3694 viarum
1052 3630 1174 3712 propria
1189 3630 1314 3692 Lunae?
1358 3631 1428 3694 Non
1443 3631 1518 3692 diri-

157 3719 238 3799 gitur
262 3719 353 3780 Lnna
374 3734 429 3796 per
451 3717 561 3802 itinera
583 3720 690 3784 diurna
713 3721 845 3800 propria,
875 3721 929 3782 ssd
953 3738 1006 3799 per
1029 3719 1139 3780 itinera
1167 3718 1272 3782 diurna
1296 3718 1409 3796 Solis.)
1433 3719 1516 3800 Ergo

156 3809 233 3870 haec
257 3807 312 3889 ria
336 3806 440 3866 Lunae
464 3809 646 3870 assumenda
669 3809 727 3872 erit
751 3810 867 3883 fictitia,
893 3809 918 3870 si
943 3813 1048 3887 nempe
1071 3826 1195 3870 manens
1219 3808 1248 3870 iu
1272 3809 1377 3870 eadem
1402 3827 1421 3868 a
1444 3807 1517 3872 Sole

157 3896 310 3958 distantia
333 3913 399 3956 curn
423 3893 495 3958 Sole
518 3897 697 3960 circumiret.
745 3899 827 3962 Tunc
855 3915 927 3977 ergo
954 3896 1037 3976 prius
1066 3904 1150 3958 esset
1173 3897 1324 3958 ducendus
1353 3897 1518 3976 parallelus

156 3984 320 4065 eclipticae
351 4001 406 4062 per
428 4003 535 4064 corpus
563 3986 792 4066 significatoria,
827 3986 934 4049 deinde
958 3993 993 4048 ut
1018 3985 1101 4065 prius
1131 3985 1264 4046 secanda
1286 3985 1360 4046 haec
1384 3986 1451 4061 via,
1485 3995 1520 4049 ut

156 4075 253 4136 sectio
278 4073 379 4134 locum
402 4075 585 4150 ostenderet,
610 4075 660 4138 ubi
683 4075 862 4138 terminator
892 4083 1046 4156 aspectus.
1091 4074 1186 4154 Atqui
1215 4091 1320 4152 parum
1345 4075 1519 4136 verisimili-

157 4162 273 4226 tudinis
297 4161 381 4224 inest
402 4160 432 4223 in
457 4162 513 4225 hoc
536 4163 633 4225 modo.
680 4162 779 4234 Quam
803 4164 891 4239 enim,
917 4181 1039 4243 quaeso,
1064 4164 1124 4224 vim
1139 4162 1276 4226 obtineat
1291 4162 1341 4224 via
1356 4165 1516 4242 quaedam,

155 4270 210 4331 per
234 4269 327 4332 qnam
351 4251 438 4313 Luna
460 4269 518 4313 non
543 4251 669 4326 incedit,
703 4254 758 4315 sed
780 4254 918 4316 incedere
942 4252 1086 4331 fingitur?
1132 4253 1235 4331 Atque
1259 4252 1315 4320 hac
1341 4254 1518 4316 considera-

156 4343 238 4403 tione
261 4347 362 4402 totnrn
377 4340 531 4420 negotium
547 4341 659 4415 Lunae,
684 4350 719 4404 ut
733 4341 955 4422 significatricis
971 4339 1155 4419 dirigendae,
1180 4348 1354 4419 suspectum
1371 4342 1518 4403 redditur.
1707 4381 1717 4414 ,

155 4429 274 4492 Deinde
290 4428 410 4508 objicio,
435 4447 503 4490 curn
521 4448 586 4491 meo
597 4430 745 4492 horizonti
760 4439 792 4492 et
806 4431 985 4500 meridiano,
1010 4439 1074 4490 tum
1088 4428 1322 4507 Regiomontaoi
1336 4428 1517 4508 positionum

156 4517 276 4582 circulis
299 4517 565 4599 significatoribus,
591 4527 645 4580 ant
667 4519 726 4580 nhn
749 4539 840 4600 posse
864 4527 1005 4600 aspectus
1029 4517 1244 4596 promissorum
1264 4535 1331 4580 esse
1346 4515 1516 4597 promisso-

155 4627 211 4684 res,
238 4617 293 4670 aut
316 4613 452 4670 tractum
474 4607 583 4687 requiri
606 4609 750 4687 temporis
775 4608 944 4688 longissimi
968 4608 1114 4669 adunam
1135 4606 1339 4679 directionem,
1364 4604 1422 4665 imo
1439 4623 1516 4683 qua-

127 4697 275 4761 -dratam
310 4695 530 4770 modiationem,
563 4716 616 4760 seu
645 4697 708 4776 ejus
737 4697 931 4760 directionem
955 4695 1072 4759 omnino
1100 4701 1278 4775 perpetuam
1305 4711 1382 4756 esse.
1430 4693 1511 4753 Nam

153 4805 227 4852 unus
251 4796 284 4850 et
307 4786 393 4850 idern
416 4784 583 4863 promissor
603 4785 720 4849 radium
743 4787 891 4864 sextilem,
921 4786 1100 4867 quadratum
1120 4785 1173 4847 drc.
1198 4782 1310 4870 circulo
1333 4779 1460 4842 circumi
1498 4815 1514 4828 -

219 4893 312 4946 uepres
327 4887 433 4942 opor-1.
902 4913 903 4920 .
1271 4885 1304 4937 2³
