3718 5520
684 280 840 348 Astrologiat
859 282 1009 334 certioribus.
1456 279 1520 348 425

176 439 335 505 variatione
357 441 435 504 varii
457 440 538 506 medi
561 440 743 515 reflexionis,
768 460 845 523 quae
869 447 918 504 est
941 462 961 504 a
982 440 1076 505 variis
1099 441 1323 523 superficiebus.
1369 443 1439 507 Nori
1463 461 1521 526 ago

173 533 230 612 jam
251 531 288 592 de
311 531 366 594 illa
388 531 561 606 reflexione,
587 549 664 610 quac
689 538 738 593 est
760 551 780 592 a
802 531 958 612 superficie
982 532 1132 612 speculari
1166 539 1198 594 et
1216 532 1382 594 reflectitur
1405 554 1424 594 a
1445 551 1520 613 quo-

175 621 242 684 libet
263 619 327 700 ejus
350 627 461 701 puncto
484 619 513 682 in
537 620 654 682 unicum
678 621 788 682 saltem
811 627 969 700 punctum:
1004 621 1059 682 sed
1083 621 1120 683 de
1144 620 1198 683 illa
1221 621 1399 694 reflexione,
1432 640 1520 702 qnam

175 707 314 771 cernimus
340 708 372 770 in
401 709 535 788 quolibet
561 709 695 789 pariete,
728 709 895 790 inaequalis
923 707 1015 771 etiam
1043 717 1075 772 et
1102 728 1229 790 asperae
1258 707 1439 790 superficiei,
1472 709 1522 791 qui

174 799 272 872 lucem,
298 815 359 878 qna
380 797 531 878 pingitur,
554 798 699 860 imbutam
722 816 758 859 eo
782 799 882 860 colore
908 817 996 880 quem
1019 799 1126 874 habet,
1151 798 1322 882 aqnolibet
1343 805 1455 879 puncto
1476 799 1522 861 sni

173 886 321 950 intutum
349 886 601 966 hemisphaerium
629 887 770 950 reflectit.
815 887 895 949 Nam
927 887 979 949 lux
1007 907 1027 948 a
1048 887 1135 949 Luna
1164 887 1203 948 ad
1225 905 1280 948 nos
1309 888 1423 950 reflexa
1450 906 1521 968 per-

174 975 251 1038 senit
272 975 339 1050 hoc,
365 993 424 1037 non
447 975 499 1038 illo
523 975 628 1050 modo;
652 975 729 1037 alias
752 993 811 1038 non
835 993 948 1038 cornua
970 975 999 1038 in
1019 976 1117 1046 Luna,
1141 976 1196 1038 sed
1218 975 1440 1057 imagunculam
1459 975 1521 1040 So-

149 1063 208 1126 ·lis
234 1081 354 1144 semper
375 1064 536 1126 rotundam
566 1081 765 1126 cerneremus.
813 1065 919 1146 Itaque
953 1065 1140 1146 geometrica
1163 1065 1323 1145 dispositio
1354 1065 1522 1148 superficiei

174 1152 241 1215 nihil
264 1153 313 1215 hic
336 1151 395 1214 nisi
419 1153 497 1216 forte
519 1153 665 1228 maculas,
691 1154 795 1234 quales
819 1154 849 1216 in
873 1155 960 1216 Luna
982 1154 1141 1230 cernimus,
1167 1154 1270 1216 efficit.

698 1243 829 1304 Thesis
852 1242 987 1306 XXVII.

251 1327 374 1394 Gausae
395 1345 468 1392 voro
492 1329 570 1392 alins
593 1337 684 1411 atque
709 1331 786 1393 alius
808 1331 979 1394 reflexionis
1004 1333 1113 1404 (eausa
1127 1331 1285 1412 qualitatis
1308 1331 1339 1392 in
1359 1330 1445 1392 radio
1470 1349 1521 1393 re-

172 1419 257 1493 flexo)
292 1425 364 1481 sunt
397 1417 581 1481 reflectentis
615 1420 782 1498 superficiei
815 1420 943 1483 colores.
993 1421 1097 1483 Velim
1135 1420 1183 1482 hic
1215 1420 1319 1482 andire
1359 1419 1522 1500 chymieos,

172 1507 307 1588 quidnam
329 1507 446 1570 colores
470 1506 499 1567 in
523 1508 719 1572 terrestribus
742 1509 917 1589 corporibus
940 1508 1049 1572 variet.
1097 1507 1223 1572 Colores
1240 1507 1358 1590 qnidam
1382 1507 1467 1570 iridis
1492 1507 1521 1570 in

172 1597 242 1660 duas
264 1596 487 1660 distribuuntur
511 1597 628 1660 classes
635 1615 644 1672 ;
678 1597 780 1660 altera
802 1606 900 1660 ortum
923 1598 1017 1660 habet
1040 1597 1079 1659 ab
1102 1597 1352 1660 obtenebratione
1380 1617 1434 1659 seu
1457 1597 1522 1676 pri-

172 1685 289 1749 vatione
313 1685 405 1756 lucis,
438 1685 536 1747 altera
568 1706 588 1747 a
610 1686 792 1749 refractione
825 1707 878 1749 seu
906 1687 1061 1750 tinctione.
1109 1686 1274 1768 Utriusque
1298 1686 1407 1749 classis
1436 1686 1521 1766 prin·

170 1773 272 1855 cipium
299 1781 348 1836 est
371 1772 409 1836 ab
432 1772 585 1853 ipsissima
609 1776 689 1850 lnce,
722 1795 776 1838 sen
799 1776 868 1839 albo
892 1777 993 1839 calore
1016 1775 1092 1838 lucis
1122 1774 1269 1855 ἀιαλογῳ,
1302 1793 1378 1857 quac
1403 1775 1521 1856 quidem

169 1865 218 1927 lux
238 1863 371 1926 medium
394 1861 479 1925 iridis
503 1862 646 1926 circulum
669 1864 825 1942 obtinens,
855 1883 923 1926 eum
951 1865 981 1926 in
1005 1865 1063 1928 duo
1094 1865 1181 1944 quasi
1209 1871 1306 1927 secat.
1352 1863 1402 1926 Ex
1425 1864 1524 1926 altera

172 1971 296 2033 namque
319 1959 408 2032 parte
431 1950 613 2028 diminuitur,
639 1971 678 2015 ex
701 1954 801 2017 altera
823 1955 1013 2034 refringitur:
1045 1952 1182 2034 utrinque
1206 1945 1329 2022 tandem
1352 1953 1382 2014 in
1405 1953 1522 2033 nigrum

171 2061 220 2104 seu
245 2041 391 2104 tenebras
419 2039 540 2103 desinit.
587 2042 623 2104 In
654 2042 860 2106 diminutionis
888 2043 984 2124 primo
1015 2031 1109 2124 gradu
1139 2043 1174 2105 fit
1206 2042 1301 2116 flava,
1336 2041 1522 2104 insecundo

171 2129 271 2206 rubei,
304 2138 367 2192 tum
390 2130 492 2192 lusca:
526 2137 558 2192 et
586 2130 714 2211 denique
744 2133 839 2212 nIgra.
890 2131 974 2195 Idem
1004 2138 1133 2212 apparet
1159 2132 1189 2193 in
1219 2129 1345 2193 nubibus
1374 2128 1446 2192 Sole
1474 2129 1523 2191 vel

170 2237 276 2288 occaso,
304 2219 355 2280 vel
384 2217 507 2280 orituro.
554 2220 638 2282 Idem
666 2221 696 2281 in
726 2220 827 2284 stellis
855 2221 936 2284 eirca
958 2221 1159 2296 horizontem,
1193 2220 1271 2282 idem
1299 2221 1329 2280 in
1358 2219 1523 2300 eclipsibus

172 2306 342 2382 Solarihus3
370 2325 438 2370 cum
465 2307 543 2370 oculi
566 2308 677 2385 nostri,
709 2309 869 2390 inquibus
899 2317 948 2372 est
970 2311 1043 2372 haec
1073 2309 1210 2381 fallacia,
1243 2308 1343 2371 subito
1366 2307 1523 2389 privantur

165 2397 231 2460 'luce
253 2396 348 2460 Solis.
394 2396 429 2458 Iu
459 2396 630 2460 reflexionis
655 2415 725 2460 vero
748 2400 844 2479 primo
868 2400 979 2479 gradu,
1012 2399 1136 2475 viridis,
1168 2405 1241 2479 post
1268 2398 1421 2471 caerulea,
1454 2397 1521 2459 dein

168 2504 328 2566 purpurea,
363 2492 395 2548 ct
425 2484 552 2566 donique
581 2485 700 2548 omnino
729 2488 817 2568 nigra
845 2506 899 2549 seu
927 2486 1126 2550 obtenebrata
1149 2487 1290 2550 cernitur.
1339 2483 1416 2550 Oum
1449 2503 1522 2566 ergo

168 2573 213 2636 hic
239 2575 280 2638 sit
311 2575 385 2638 ordo
408 2571 487 2637 inter
515 2574 631 2638 colores
661 2575 691 2636 in
720 2575 826 2639 iridez‘
844 2583 1079 2638 consentaneum
1107 2583 1156 2638 est
1183 2576 1310 2639 eundern
1339 2593 1407 2638 esse
1437 2582 1469 2637 et
1492 2575 1522 2635 in

169 2663 345 2739 reflexione3
373 2669 408 2724 ut
438 2662 603 2726 fortissime
631 2665 746 2728 radium
776 2665 915 2728 reflectat
942 2663 1114 2745 superficies
1142 2665 1231 2740 alba;
1263 2671 1335 2744 post
1356 2663 1461 2726 viridis
1492 2669 1523 2724 et

168 2753 260 2828 flava3
285 2761 351 2816 tum
365 2753 506 2814 caerulea
529 2759 561 2814 et
574 2753 685 2829 rubea3
710 2754 779 2816 dein
792 2772 944 2835 purpurea
962 2763 994 2815 et
1012 2753 1112 2828 fusca3
1136 2753 1321 2816 debilissimo
1340 2770 1412 2814 vero
1427 2751 1523 2831 nigra.

689 2842 821 2906 Thesis
844 2842 996 2906 XXVIII.

253 2929 353 3010 Niger
381 2933 483 2990 antem
511 2929 631 2992 fortiter
660 2930 831 2994 illustratus
859 2930 983 2994 rubeum
1010 2927 1129 3010 spargit
1160 2929 1286 2992 radium.
1333 2927 1368 2990 ld
1397 2935 1546 3008 apparot,

168 3035 204 3078 er
227 3017 384 3101 chalybeia
408 3018 555 3098 speculis,
585 3017 635 3081 ubi
659 3019 747 3082 faciei
772 3021 855 3084 color
878 3020 964 3082 albus
998 3027 1030 3082 et
1052 3018 1166 3098 speculi
1189 3018 1274 3098 niger
1298 3017 1414 3080 confusi
1437 3016 1522 3078 rubi-

168 3107 340 3170 cundiorem
362 3113 593 3186 repraesentant
617 3108 734 3171 faciem.
781 3108 883 3182 Quare
906 3108 1075 3171 rectissime
1104 3107 1170 3188 quis
1193 3107 1304 3169 Martis
1328 3105 1449 3168 stellam
1473 3104 1522 3167 di-

165 3195 241 3257 xerit
263 3194 422 3276 superficie
446 3195 535 3276 nigra
564 3197 736 3276 praeditam
760 3218 840 3273 esse,
865 3216 931 3261 cum
954 3197 1056 3260 radius
1081 3197 1146 3275 ejus
1170 3196 1211 3259 sit
1223 3196 1314 3258 valde
1331 3194 1522 3257 rubicundus.

166 3281 351 3348 Debilitatnr
373 3284 466 3362 igitur
488 3283 554 3364 ejus
578 3286 691 3348 reflexa
714 3289 781 3362 lux,
811 3306 869 3349 non
893 3287 985 3367 igitur
1007 3285 1133 3347 multum
1156 3286 1326 3359 humectat,
1353 3291 1384 3346 et
1407 3283 1438 3346 in
1461 3283 1519 3345 hn-

166 3374 254 3436 moris
278 3371 401 3436 defectu
424 3379 483 3436 est.
528 3373 646 3437 Eodem
669 3376 778 3438 coloris
800 3382 833 3437 et
856 3373 1089 3438 humectationis
1114 3382 1291 3455 argumento
1310 3371 1442 3436 Saturno
1466 3371 1523 3434 tri-

166 3459 290 3526 buemus
315 3462 418 3526 albam
440 3469 472 3524 et
495 3482 635 3544 asperam
658 3465 855 3545 superficiem,
882 3466 952 3544 quia
966 3465 1066 3527 colore
1081 3463 1292 3544 estplumbe0‚
1316 3462 1386 3526 Jori
1401 3461 1525 3525 rubeam

165 3551 212 3614 rel
235 3569 435 3634 pnrpuream,
470 3553 541 3633 quia
563 3554 660 3615 flavus
685 3553 827 3616 subrufus
850 3562 994 3634 apparet,
1024 3553 1137 3615 Veneri
1161 3555 1273 3615 flavam
1295 3553 1344 3613 vel
1368 3550 1469 3614 albam
1492 3559 1524 3612 et

167 3639 453 3721 aequabilissimam,
478 3661 546 3706 cum
569 3641 700 3720 omnium
723 3643 765 3706 sit
787 3643 1002 3724 pulcherrima:
1027 3641 1177 3706 Mercurio
1194 3642 1363 3704 caeruleum
1387 3640 1435 3702 vel
1449 3638 1525 3701 riri-

166 3727 240 3802 dem,
263 3749 334 3794 eum
359 3738 521 3810 argenteus
545 3739 711 3812 appareat,
734 3732 833 3812 magis
857 3731 1073 3796 scintillatione
1096 3750 1149 3794 seu
1173 3731 1269 3794 diluto
1293 3731 1409 3811 fulgore
1433 3747 1522 3810 quarn

166 3819 263 3882 coloro
287 3819 399 3882 clarus.

709 3907 842 3970 Thesis
865 3907 984 3972 XXIX.
1118 3961 1122 3969 ,

250 3995 323 4058 Lux
345 3995 468 4078 propria
485 3995 606 4078 quidem
630 3995 698 4077 ipsa
722 3997 814 4059 etiam
836 3998 973 4060 variatur
995 4015 1050 4077 per
1072 3993 1258 4076 superficiem
1279 3994 1424 4075 corporis,
1448 3995 1527 4057 unde

167 4085 256 4161 veuit,
281 4092 317 4147 ut
341 4085 432 4148 alium
456 4094 488 4148 et
511 4085 600 4148 alium
625 4087 756 4148 colorem
779 4094 1005 4168 repraesentet:
1030 4085 1085 4146 scd
1109 4082 1221 4164 gradus
1244 4083 1439 4146 collectoriae
1462 4083 1526 4145 vir-

166 4174 238 4236 tutis
263 4173 443 4255 adipiscitur
467 4174 505 4237 ab
529 4174 636 4238 intima
659 4175 792 4254 corporis
817 4177 863 4239 sui
887 4175 1094 4256 dispositione.
1142 4171 1205 4235 Sed
1218 4181 1319 4234 tamen
1344 4173 1415 4253 ipsa
1430 4172 1523 4234 etiarn

166 4261 341 4343 superficies
374 4263 412 4326 de
440 4264 574 4344 corporis
607 4263 805 4345 dispositione
835 4271 984 4329 testatur:
1020 4271 1053 4326 ut
1085 4263 1130 4324 ita
1157 4262 1349 4324 humectandi
1380 4262 1476 4324 virtus
1506 4270 1534 4322 a*

166 4353 347 4416 collectaria
372 4352 592 4433 quodammodo
622 4353 800 4433 dependeat.
846 4356 894 4418 Ac
923 4373 996 4415 sane
1026 4351 1158 4414 siccior
1185 4352 1356 4413 interventu
1386 4350 1462 4412 lucis
1487 4349 1526 4410 ab

168 4458 225 4503 uno
249 4460 380 4524 corpore
403 4441 433 4504 in
458 4443 588 4505 alienum
611 4443 769 4504 transferri
793 4450 825 4505 et
847 4443 1009 4524 propagari
1033 4447 1145 4522 potest,
1170 4439 1312 4502 credibile
1328 4445 1377 4501 est
1400 4447 1431 4498 et
1449 4437 1526 4498 alias

166 4531 331 4610 qualitates
354 4549 461 4611 poster
486 4533 523 4594 de
547 4531 647 4594 calore
671 4533 751 4593 enim
774 4533 975 4595 certissimum
998 4541 1056 4594 est.
1103 4529 1190 4592 Unde
1210 4548 1300 4610 quam
1315 4526 1439 4606 quisque
1453 4525 1524 4604 pla·

166 4627 236 4681 neta
262 4621 409 4684 virtutem
437 4620 467 4683 in
498 4621 606 4682 effectu
636 4626 786 4695 ostentat,
820 4621 886 4700 ejus
911 4620 1061 4700 analogon
1090 4616 1222 4700 aliquam
1243 4615 1471 4696 dispositionem
1496 4613 1524 4674 in

167 4704 229 4786 ipso
252 4711 399 4789 planetae
424 4727 548 4790 corpore
577 4729 645 4771 esse
669 4715 904 4772 consentaneum
929 4709 1058 4772 videtur.
1106 4705 1195 4778 Quod
1222 4705 1248 4766 si
1273 4707 1369 4766 locum
1393 4701 1522 4776 obtinet,

168 4797 205 4860 ad
226 4797 382 4862 mirabilia
404 4799 534 4864 artificia
556 4817 644 4863 manu
668 4801 776 4863 ducere
807 4817 862 4862 nos
889 4805 1003 4881 potest.
1052 4796 1148 4861 Verbi
1171 4794 1272 4876 gratia
1298 4810 1353 4872 per
1375 4795 1528 4854 aestatem
