3638 5524
502 337 507 358 .
545 251 549 256 ¹
635 253 813 346 ¹Astrologise
831 253 984 330 certioribus.
1019 333 1028 351 l
1434 246 1499 348 ffl

131 437 212 504 tiore
237 457 301 503 000
325 437 526 514 sufficientes,
550 445 582 502 et
604 443 638 502 01
659 437 818 520 plurimum
841 438 1053 520 imaginarias,
1077 457 1173 504 vanas
1197 447 1230 504 et
1252 443 1366 518 falsas,
1391 442 1500 524 partim

135 529 265 610 denique
290 527 411 592 omniuo
434 529 549 600 nullae,
573 528 778 591 enthusiasmo
803 529 951 590 calamum
973 529 1184 609 permittentes
1191 550 1199 606 ;
1230 551 1287 613 qno
1316 531 1449 611 abrepti,
1474 531 1500 592 si

135 637 240 682 verum
265 618 418 681 interdurn
441 618 563 694 dicant,
588 617 726 681 fortunae
749 617 941 680 tribuendum
964 626 1028 692 est,
1061 620 1106 682 siu
1131 621 1253 700 saepius
1290 628 1321 682 et
1348 627 1381 681 nt
1403 621 1500 700 plnri-

137 725 227 782 mum,
253 707 294 770 ab
317 706 420 770 altiori
443 715 475 770 et
500 707 618 771 occulto
641 706 741 786 aliquo
764 705 910 768 instinctu
933 707 964 769 id
986 707 1134 787 proficisci
1156 709 1322 790 putandum
1345 717 1403 771 est.

712 794 843 857 Thesis
867 795 924 857 IV.

225 882 380 966 Physicae
409 901 520 946 causae
552 882 671 964 aliquae
699 883 738 946 ab
762 883 898 946 omnibns
922 891 1138 964 agnoscuntur,
1164 885 1282 966 aliquae
1307 905 1326 947 a
1348 885 1499 966 paucissi-

135 973 210 1036 mis:
235 973 334 1036 multa
356 991 473 1054 quoqne
498 971 633 1036 existunt
656 973 835 1036 naturaliter
858 972 996 1053 quidem,
1031 975 1086 1036 sed
1114 994 1151 1036 ex
1181 975 1282 1036 causis
1306 976 1378 1038 nulli
1402 976 1499 1038 adhuc

135 1063 290 1126 hominum
313 1060 453 1141 cognitis.
499 1061 543 1124 Et
565 1079 723 1124 causarum
747 1080 821 1143 qnae
845 1069 934 1124 notas
958 1061 1121 1140 habemus,
1147 1063 1226 1125 aliae
1254 1072 1342 1140 suut,
1375 1084 1499 1146 quarum

136 1151 259 1216 modum
283 1159 315 1213 et
336 1150 486 1213 rationem
510 1150 706 1212 communiter
729 1169 832 1213 omnes
859 1150 1073 1231 intelligimus;
1102 1152 1196 1224 aliae,
1227 1171 1351 1233 quarum
1379 1154 1499 1216 modum

139 1259 195 1304 sen
219 1259 330 1304 causas
353 1239 522 1302 mediantes
544 1238 594 1326 nel
616 1238 789 1320 paucissimi
811 1239 993 1321 intelligunt,
1017 1241 1066 1304 vel
1090 1260 1187 1304 nemo.

694 1328 851 1396 ,Thesis
874 1329 914 1391 V.

228 1413 477 1491 Generalissima,
503 1415 668 1479 fortissima
691 1423 723 1478 et
745 1409 915 1482 certissima
938 1436 1040 1493 causa,
1064 1425 1139 1480 nota
1162 1419 1298 1482 omnibns
1319 1417 1496 1495 hominibus,

135 1515 188 1570 eet
210 1505 311 1570 Solis
335 1523 478 1568 accessus
502 1512 534 1568 et
557 1523 703 1570 recessus.
750 1506 782 1569 Is
814 1505 916 1586 itaque
950 1506 1030 1569 circa
1056 1508 1199 1570 natalitia
1223 1507 1337 1571 Christi
1361 1507 1498 1569 brumam

135 1595 266 1671 coniicit,
291 1594 339 1657 die
362 1593 505 1656 videlicet
528 1591 581 1656 21.
597 1594 783 1670 Decembris,
807 1595 898 1675 paulo
922 1602 993 1657 ante
1017 1603 1135 1658 sextam
1156 1597 1407 1677 pomeridianam:
1432 1596 1496 1656 sol-

134 1685 252 1748 stitium
274 1701 346 1746 vero
369 1683 417 1746 die
441 1680 495 1746 21.
519 1683 602 1746 Juuii
625 1682 749 1746 dimidia
772 1683 931 1746 undecima
953 1685 1060 1748 noctis.
1095 1684 1162 1749 Illic
1185 1687 1288 1767 itaque
1311 1683 1406 1764 frigus
1421 1685 1498 1768 hye-

133 1774 225 1846 male,
247 1771 296 1836 hic
320 1773 421 1836 fervor
442 1772 578 1836 aestivus
601 1772 669 1836 erit.
777 1835 780 1842 ,

712 1859 846 1922 Το0010
869 1860 928 1923 VI.

224 1950 334 2014 Modus
357 1967 468 2014 causae
490 1955 579 2029 patet
601 1949 865 2030 exsequentibus.
912 1949 1031 2030 Pragae
1062 1949 1264 2012 Bohemcrnm
1290 1957 1339 2014 001
1367 1949 1497 2012 altitudo

133 2041 198 2122 poli
224 2037 268 2104 50
290 2037 331 2102 G.
356 2036 389 2102 δ’
412 2033 488 2102 45”.
534 2035 706 2101 Declinatio
739 2049 810 2099 vero
841 2036 999 2118 eclipticae
1023 2038 1080 2101 hoc
1103 2039 1205 2101 seculo
1229 2035 1271 2101 23
1294 2037 1334 2100 G.
1360 2035 1413 2101 31‘
1433 2035 1498 2101 30ss

134 2137 170 2193 nt
197 2148 265 2192 eam
293 2126 492 2209 deprehendit
518 2125 650 2206 phoenix
681 2126 733 2188 ille
757 2133 995 2189 astronomorum
1018 2127 1121 2208 'lycho
1144 2129 1262 2202 Brahe3
1293 2147 1379 2209 quem
1403 2147 1498 2208 nuper

133 2218 299 2282 amisimus.
331 2219 440 2296 Itaque
461 2213 525 2288 Sol,
543 2216 591 2296 qui
616 2215 703 2278 nobis
727 2224 833 2278 auctor
856 2215 966 2277 caloris
990 2223 1047 2291 est,
1072 2217 1178 2299 hyeme
1202 2235 1260 2279 non
1284 2218 1385 2298 plures
1408 2236 1498 2297 qnam

17 2358 20 2368 .
134 2305 271 2370 700000
300 2315 332 2369 01
364 2301 408 2370 49
441 2305 584 2384 00000010
623 2323 715 2386 supra
746 2303 932 2367 horizontem
969 2304 1068 2380 lucet,
1103 2314 1135 2367 et
1167 2305 1211 2368 010
1244 2305 1327 2369 brevi
1361 2315 1496 2386 tempore

133 2405 272 2460 nostrum
294 2401 396 2458 adrem
419 2393 551 2470 calfacit,
577 2395 666 2475 duplo
691 2413 762 2456 vero
777 2393 889 2456 diutins
909 2401 942 2456 et
957 2395 1084 2474 amplius
1098 2395 1178 2457 inira
1192 2395 1378 2458 horizontem
1398 2397 1497 2457 latens

133 2507 155 2549 a
177 2484 358 2550 calfactione
381 2491 493 2546 cessat.
541 2481 657 2546 Contra
688 2501 759 2544 vero
789 2489 908 2544 aestate
935 2479 976 2546 16
999 2484 1135 2564 integras
1158 2484 1250 2546 horas
1278 2493 1309 2546 et
1343 2483 1386 2546 22
1409 2505 1497 2546 scru-

132 2576 207 2657 pula
228 2592 321 2654 supra
343 2571 529 2635 horizontem
553 2571 583 2634 10
607 2571 787 2634 calfactione
810 2569 958 2652 persistit,
983 2572 1138 2653 minusque
1163 2573 1284 2635 dimidio
1305 2582 1439 2657 tempore
1459 2575 1497 2636 ab

133 2663 311 2747 operatione
335 2668 449 2724 cessat.

696 2746 831 2810 Thesis
855 2748 927 2810 VII.

224 2839 291 2904 Aer
314 2847 416 2904 antem
438 2845 558 2913 noster,
589 2843 624 2900 nt
647 2845 679 2900 01
701 2857 781 2918 0000
804 2845 836 2898 01
858 2843 941 2900 terra
965 2837 1127 2916 (qnatenus
1151 2835 1330 2899 elementum
1353 2841 1415 2913 est)
1439 2838 1498 2899 nisi

133 2929 277 2994 continno
301 2929 441 3002 calfiant,
464 2927 570 2991 statim
593 2925 633 2988 ad
655 2933 796 2988 naturam
819 2944 906 2988 suam
928 2926 1071 3002 redeunt,
1097 2933 1128 2986 et
1151 2923 1328 3005 frigescunt.
1374 2927 1498 2988 Falsum

133 3019 215 3083 euim
237 3025 286 3082 eet
307 3017 383 3081 illud
405 3015 601 3079 Aristotelis:
627 3015 718 3078 Aeris
742 3023 881 3077 naturam
904 3033 959 3093 per
982 3035 1015 3076 se
1039 3032 1107 3076 esse
1131 3014 1272 3076 calidam.

689 3103 830 3166 Thesis
854 3103 943 3166 VIII.

223 3191 375 3277 Quicquid
397 3194 476 3256 enim
499 3189 628 3256 materici
649 3193 828 3274 participat,
864 3198 1012 3274 quatenns
1036 3209 1073 3252 ea
1095 3191 1273 3272 participat,
1308 3211 1364 3254 sua
1388 3196 1497 3251 natura

134 3285 278 3365 frigidum
300 3291 359 3346 est.
385 3281 535 3364 Quicquid
557 3300 629 3344 vero
650 3289 805 3363 potestate
829 3281 959 3343 calidum
983 3285 1041 3354 est,
1064 3278 1095 3342 id
1118 3279 1212 3344 habet
1235 3299 1302 3343 eam
1322 3288 1461 3342 naturam
1480 3299 1499 3340 a

133 3375 165 3436 ri
188 3373 313 3438 animali
336 3381 390 3438 ant
412 3372 515 3446 insita,
539 3381 593 3434 ant
616 3389 663 3447 ea,
688 3389 764 3451 qnae
788 3389 821 3432 se
843 3369 1011 3450 progenuit

706 3458 842 3521 Thesis
865 3458 921 3522 IX.

224 3549 337 3614 Altera
360 3554 391 3612 et
413 3548 514 3630 potior
537 3566 640 3618 causa,
664 3565 717 3610 cnr
735 3547 789 3610 801
813 3549 894 3610 altus
917 3547 985 3628 plus
1009 3545 1163 3622 calfaciat,
1187 3565 1276 3628 quarn
1299 3543 1428 3620 humilis,
1450 3553 1499 3608 est

134 3640 221 3713 haec,
247 3640 325 3720 qnod
348 3637 402 3701 801
426 3637 548 3700 humilis
573 3637 691 3717 oblique
715 3643 747 3698 et
770 3636 910 3699 debiliter
933 3635 1119 3699 horizontem
1142 3645 1276 3698 nostrum
1300 3635 1387 3708 ferit,
1417 3634 1503 3714 altus·

134 3747 207 3792 uero
231 3729 343 3809 angulo
365 3728 463 3808 magis
486 3734 569 3789 recto
594 3733 625 3788 01
649 3725 768 3788 1001100.
814 3724 955 3802 Causam,
981 3737 1032 3788 cur
1047 3724 1128 3788 Solis
1151 3725 1255 3787 radius
1277 3722 1498 3786 immateriatns

135 3817 184 3880 hic
207 3817 289 3881 idem
311 3824 457 3900 praestet,
482 3813 562 3897 qnod
585 3815 687 3876 solent
710 3831 836 3893 corpora
860 3814 955 3875 densa
977 3815 1209 3896 materiamque,
1234 3814 1303 3876 dum
1322 3813 1380 3875 sibi
1393 3821 1497 3874 mutuo

134 3905 350 3988 impinguntur,
374 3923 461 3968 nemo
484 3905 632 3966 hactenus
655 3901 808 3983 explicare
830 3902 940 3984 potuit.

716 3991 851 4053 Thesis
874 3991 916 4054 X.

224 4083 333 4163 110000
357 4099 425 4144 cum
448 4079 503 4144 Sol
526 4087 646 4143 aestate
671 4078 837 4162 quadruplo
861 4080 923 4141 1000
947 4079 1038 4141 011100
1061 4078 1180 4157 Progne
1210 4078 1375 4161 pervadat,
1410 4096 1498 4160 qnam

134 4173 263 4256 hyeme:
293 4174 330 4233 ’01
362 4171 450 4251 hujus
483 4178 515 4233 et
542 4169 706 4251 superioris
730 4187 840 4231 000000
864 4168 1073 4249 conjunctione
1097 4169 1248 4248 00001100,
1282 4169 1347 4249 ejus
1376 4167 1496 4243 caloris,

135 4261 184 4344 001
215 4282 236 4323 0
267 4259 341 4323 8010
374 4259 413 4322 ad
445 4261 596 4323 elementa
619 4259 667 4322 die
692 4259 808 4320 aestivo
832 4257 1008 4338 longissimo
1032 4255 1203 4332 descendit,
1237 4255 1285 4318 die
1317 4257 1498 4347 breuissime

133 4359 253 4432 partem
277 4357 420 4412 octauam
442 4367 503 4412 non
520 4350 589 4431 plus
607 4367 776 4430 superesse.

711 4437 846 4499 Thesis
869 4435 925 4499 XI.

221 4525 287 4592 Sed
312 4545 409 4607 neque
431 4526 507 4588 haec
530 4531 642 4589 octava
664 4545 735 4606 pars
759 4525 869 4589 caloris
893 4542 969 4606 quae
992 4523 1099 4606 hyeme
1122 4531 1278 4603 superest,
1310 4519 1395 4582 nobis
1423 4537 1504 4598 pro<

133 4621 201 4685 dest
234 4617 350 4682 omnis.
396 4615 475 4680 Nem
503 4614 557 4678 Sol
589 4613 695 4698 hyeme
722 4633 827 4695 perum
860 4633 951 4695 snpra
979 4613 1165 4675 horizontem
1197 4619 1331 4673 0000000
1361 4609 1497 4670 elevatus

130 4727 270 4776 crassum
304 4709 442 4768 nostrum
475 4711 574 4768 adrem
604 4703 701 4784 magis
730 4723 767 4766 ex
792 4703 912 4783 obliquo
935 4701 1029 4765 hebet
1056 4699 1233 4780 oppositum.
1279 4695 1384 4758 Posito
1408 4695 1504 4776 enim,

126 4802 207 4885 quod
230 4793 415 4878 superficies
437 4793 539 4876 vapidi
563 4794 653 4867 00010,
679 4793 728 4875 001
748 4791 889 4872 refringit
906 4791 1045 4856 Solarem
1068 4787 1194 4862 radium,
1219 4785 1301 4848 absit
1323 4803 1343 4843 a
1360 4782 1447 4845 nobis
1466 4785 1498 4846 10
