3542 5528
290 215 333 286 38
886 219 1047 277 mecm

287 379 353 446 quod
370 380 491 431 maximus
510 387 536 432 et
553 383 658 446 optimus
677 387 774 434 ιιιιιιι
791 380 874 439 Dens,
893 381 990 446 publice
1008 382 1070 436 istas
1087 379 1235 446 hypotheses
1256 395 1310 434 cunr
1330 379 1460 448 Scriptura
1477 397 1499 430 ι
1521 379 1661 432 ιιιιιιίιιιι

287 452 362 503 relies
381 457 407 500 et
423 467 586 518 propugnare.
607 459 700 504 certum
719 460 818 528 metuo,
836 453 889 503 ut'
881 469 907 502 ιιι
926 452 1091 503 dissensiones
1109 460 1135 502 ιι
1152 469 1310 503 nummos
1329 453 1426 504 isthaec
1445 461 1582 520 erumpat·
1609 467 1660 516 quo

287 522 438 574 casurelim
456 537 511 591 ego,
530 539 570 574 me
588 525 649 574 istas
669 507 832 590 cogitationes
850 530 917 581 ιιιιι,
935 526 960 573 in
980 539 1006 574 se
1025 525 1125 610 quidem
1142 531 1167 576 ot
1185 523 1363 575 mathematice
1386 515 1565 580 consideratas
1583 535 1659 587 pree·

288 595 370 646 clerae
389 600 415 644 et
432 595 541 650 nobiles,
567 609 693 660 nmquam
717 595 813 646 vidisse.
850 594 908 646 Jem
926 595 1016 646 dudum
1035 597 1100 646 enim
1118 597 1143 645 in
1162 596 1269 646 ecclesie
1286 595 1386 648 Domini
1405 595 1462 659 plus
1485 595 1660 644 contentionis

288 673 341 720 ιιι,
360 679 435 730 quem
452 667 554 716 inilrnris
572 666 696 730 expediat.
735 665 785 717 Sed
803 669 887 718 neseio
905 681 952 732 qno
970 683 1009 718 me
1028 669 1133 732 abripiat
1151 667 1247 730 stylus,
1275 668 1314 717 rel
1337 668 1418 731 potins
1436 667 1568 716 nutemus
1586 679 1661 716 meus

286 739 312 788 lu
331 743 357 787 te
376 751 460 804 amor:
488 739 529 802 qui
554 739 601 788 nisi
619 737 700 788 talis
694 754 719 788 m
738 745 763 789 ιι
782 743 864 794 οιιιι,
893 739 971 802 qualis
990 745 1043 800 ιιι,
1070 739 1254 789 ardentissimus
1271 741 1385 790 nimirum
1404 743 1430 789 et
1449 738 1660 792 candidissimus·

287 815 341 860 turn
359 795 461 858 liberam
479 809 543 870 stylo
561 809 687 860 licentiam
706 825 755 860 nou
773 811 968 874 permisissem·
965 809 1031 861 Sed
1055 811 1095 860 hic
1119 809 1184 859 idem
1203 824 1271 859 arnor
1291 811 1339 860 duo
1358 811 1402 860 ahs
1421 817 1446 861 te
1466 809 1599 874 postulet,
1631 813 1661 858 ιιι

287 881 401 930 nimirum
426 886 551 929 strenuum
577 881 646 930 nobis
674 895 735 946 agas
763 881 965 932 mathematicum
991 889 1019 931 ιι
1042 895 1116 946 quam
1136 886 1212 931 antea
1230 881 1272 931 tihi
1292 881 1495 932 commendatam
1515 895 1574 930 esse
1594 879 1658 936 scic,

288 950 410 1012 eeclesiae
435 951 641 1015 tranquillitatem
667 958 811 1006 constanter
837 953 928 1002 loreas.
966 952 1042 1002 Hisce
1070 959 1096 1002 te
1123 951 1178 1002 Deo
1197 951 1227 1001 0.
1246 951 1282 1002 Μ.
1309 967 1362 1004 nna
1385 967 1441 1002 curn
1468 959 1526 1002 tota
1545 951 1661 1002 ιιιιιιιι

288 1021 377 1074 Christi
395 1021 436 1085 pie
455 1024 607 1073 commendo.
644 1023 773 1090 Tchingae
791 1024 815 1073 d.
836 1022 878 1075 ιι.
897 1024 987 1088 Aprilis
1008 1021 1083 1072 ists.

358 1091 452 1154 Quibus
480 1095 689 1144 exhortationibus
716 1099 797 1144 motus
816 1095 938 1160 Keplerns
970 1096 1108 1160 promisisse
1131 1093 1243 1151 ridetur.
1271 1109 1397 1159 nunquam
1415 1109 1443 1144 ιι
1461 1094 1609 1144 immiscere
1630 1109 1658 1142 se

286 1164 348 1215 velle
367 1165 573 1228 disputationibus
593 1165 786 1224 ecclesiasticisc
806 1173 876 1220 extat
895 1169 961 1217 enim
979 1165 1083 1232 epistula
1100 1164 1133 1215 Η.
1155 1163 1191 1226 (d.
1211 1161 1280 1215 dd.
1300 1167 1365 1232 Aug.
1387 1161 1478 1228 tues),
1496 1166 1523 1214 in
1544 1178 1599 1229 qua
1618 1165 1661 1216 hic

286 1241 379 1300 magno·
396 1234 487 1301 gaudio
507 1243 637 1301 acceptam
657 1251 674 1288 ι
690 1236 800 1302 Keplerc
817 1239 1000 1301 promissionem
1018 1237 1107 1295 relect,
1138 1236 1220 1294 ,illurn
1238 1237 1313 1301 pluris
1332 1237 1415 1288 iacere
1434 1236 1563 1287 ecclesiae
1586 1243 1660 1286 tran·

235 1323 241 1332 ·
286 1307 451 1374 quillitatem,
479 1322 553 1372 quem
580 1323 735 1374 quoscunque
763 1310 916 1376 ingeniorum
939 1309 1099 1359 nobilissimos
1125 1313 1151 1360 et
1175 1308 1323 1358 clarissimos
1348 1308 1437 1358 foetus
1478 1307 1513 1357 Et
1532 1309 1661 1370 ςιιιιιιιιι.

286 1379 374 1444 iuquit,
396 1378 426 1428 de
445 1379 551 1428 thesium
569 1383 673 1433 raritate
692 1379 775 1430 adhuc
793 1381 891 1446 quidem
910 1379 1079 1437 dissideamus,
1099 1394 1136 1432 eo.
1156 1379 1220 1443 quod
1237 1387 1341 1444 uterque
1358 1379 1470 1429 ιιοιιιιιιιι
1489 1379 1542 1428 suis
1561 1377 1660 1430 ιιιιιιιι-

285 1450 375 1524 ιιιιιιιι
393 1451 487 1508 nititur,
506 1451 566 1514 qnia
583 1457 668 1501 tamen
686 1457 785 1537 propter
802 1459 880 1508 tuam,
898 1466 948 1515 qna
965 1451 1012 1501 frui
1030 1447 1074 1501 tibi
1092 1450 1189 1512 rideris,
1209 1463 1295 1500 ιιιιιιιι
1308 1450 1497 1507 abundantiam,
1517 1456 1571 1498 nen
1585 1453 1660 1514 quic·

285 1515 360 1586 quani
377 1533 521 1582 succenseo,
541 1523 577 1571 sio
595 1521 671 1572 multe
689 1524 768 1572 minus
787 1529 815 1572 tu
833 1523 891 1572 mihi
909 1524 1000 1586 poteris
1017 1521 1150 1587 indignari.
1170 1521 1211 1585 qui
1223 1521 1368 1572 firmioribus
1381 1521 1498 1571 suffultus
1511 1522 1661 1571 rationibus

284 1593 361 1642 libere
380 1593 506 1650 dissentio,
524 1593 622 1644 interim
640 1600 724 1644 tamen
743 1594 933 1645 mathematicas
952 1593 1170 1658 contemplationes
1189 1600 1310 1658 perpetua
1328 1591 1494 1644 admiratione
1516 1607 1660 1644 venerans.

286 1661 336 1714 Sed
354 1665 421 1714 ιιιιι
439 1671 466 1714 ιι
484 1665 568 1730 rigeat
586 1665 708 1715 ecclesiae
726 1666 768 1729 pia
786 1673 921 1730 senemque
941 1664 1127 1730 tranquillitas.“
1214 1693 1217 1705 ·

356 1733 397 1786 De
408 1733 573 1788 Haienreilen'
590 1736 666 1786 literis
683 1737 747 1787 haec
764 1737 840 1788 refert
856 1737 1011 1802 Keplerus
1028 1735 1219 1792 Maestlino,
1238 1735 1388 1788 concludens
1406 1735 1496 1787 literas
1515 1735 1659 1804 longiores,

286 1820 391 1872 quarum
408 1810 488 1872 major
506 1822 563 1872 pars
582 1808 647 1858 inira
666 1815 797 1874 sequetur:

372 2013 441 2031 ....
457 1967 571 2032 Restat
584 1988 672 2030 unum
689 1969 796 2043 adhuc,
807 1959 810 1966 '
822 1976 854 2030 et
875 1987 950 2049 pene
974 1967 1175 2048 praecipuum.
1210 1963 1277 2036 Quo
1298 1967 1422 2030 consilio
1438 1970 1477 2032 ad
1492 1969 1533 2032 D.
1551 1969 1660 2032 Hale-

285 2058 424 2120 relietum
448 2057 629 2137 scripserim,
654 2059 744 2120 nosti.
790 2057 970 2136 Respondit,
995 2077 1112 2120 summa
1126 2055 1278 2117 literarum
1292 2057 1368 2118 haec
1382 2065 1450 2118 est:
1477 2057 1661 2122 abstineam

286 2169 305 2208 a
318 2145 480 2208 ,mentione
505 2165 657 2208 sacrarum
672 2147 826 2209 literarum
841 2147 869 2208 in
889 2145 1018 2226 publico.
1067 2145 1221 2208 Offensum
1240 2144 1275 2206 iri
1298 2145 1409 2207 niultos
1433 2147 1549 2209 bonos:
1575 2169 1659 2230 quos

284 2237 363 2298 inter
386 2243 418 2298 et
433 2245 473 2298 'se
497 2255 555 2296 non
580 2235 704 2318 obscure
729 2243 843 2300 censet.
892 2234 1019 2297 Omnino
1042 2236 1161 2310 videtur
1184 2239 1336 2307 metuere,
1366 2255 1402 2296 nc
1427 2237 1565 2298 munitus
1600 2257 1659 2317 ego

286 2324 451 2388 autoritate
477 2324 622 2393 Friderici
649 2325 791 2406 principis
824 2344 877 2404 per
904 2323 964 2385 vim
993 2325 1151 2387 extrudere
1180 2323 1270 2384 velim
1301 2323 1508 2388 defensionem
1544 2337 1661 2390 contra

285 2433 438 2478 sacrarum
462 2413 618 2476 literarum
641 2414 836 2494 objectiones,
862 2413 935 2475 dicit
958 2412 1049 2488 enim,
1082 2418 1233 2492 repertum
1256 2411 1310 2486 iri,
1341 2413 1478 2491 quirem
1503 2413 1658 2494 impedire

282 2503 387 2566 velint.
435 2505 557 2566 Interea
575 2503 665 2582 jubet
687 2523 734 2564 me
758 2510 878 2565 strenue
899 2515 1027 2584 pergere
1049 2500 1079 2562 in
1104 2502 1151 2563 his
1174 2500 1407 2582 hypothesibus,
1431 2512 1591 2584 quatenus
1618 2507 1657 2567 ad
1697 2501 1700 2508 ’

286 2591 500 2680 astronomiam
525 2593 649 2654 iaciunt.
695 2591 856 2656 Enimvero
881 2592 958 2672 quod
983 2598 1074 2653 antea
1098 2589 1209 2658 censui,
1229 2589 1294 2668 jem
1309 2591 1518 2672 multomagis
1544 2595 1657 2656 ιιιιιο.

285 2673 343 2746 non
368 2701 435 2745 esse
460 2669 588 2744 alienum
613 2703 633 2743 a
656 2679 823 2762 Copernico
847 2679 1007 2754 hominem,
1031 2680 1084 2741 sed
1108 2681 1186 2741 inter
1208 2678 1366 2758 theologos
1391 2689 1512 2744 ceteros
1538 2703 1654 2746 neces-

286 2771 367 2833 ιιιιο
391 2771 564 2834 standum
554 2769 613 2850 ipsi
636 2789 690 2850 pro
714 2771 877 2832 autoritate
902 2771 950 2852 (ut
963 2770 1086 2849 putant)
1110 2767 1286 2846 scripturae.
1332 2769 1464 2849 Ideoque
1490 2786 1582 2834 suam
1599 2793 1656 2853 ge-

285 2859 406 2922 nuinam
429 2861 610 2922 sententiam
633 2859 704 2921 mihi
728 2877 786 2921 nen
811 2849 953 2939 explicat.
1001 2855 1080 2928 Quid
1105 2857 1248 2936 agemus?
1272 2857 1351 2918 Τοιι
1366 2860 1558 2922 astronomia
1574 2863 1658 2923 tanti

286 2969 342 3012 non
368 2955 431 3026 est,
465 2955 499 3011 nt
526 2968 601 3010 unns
630 2947 667 3011 ιι
690 2948 807 3030 pusillis
832 2947 947 3010 Christi
971 2947 1147 3008 offendatur.
1196 2943 1271 3006 Cum
1294 2945 1396 3025 itaque
1419 2967 1492 3028 pars
1517 2951 1658 3012 maxima

286 3040 440 3101 doctorum
465 3038 556 3100 etiam
581 3037 720 3100 adhunc
744 3037 945 3100 astronomiae
972 3035 1131 3119 (utyvulgo
1154 3033 1287 3107 videtur)
1312 3035 1532 3100 sublimitatem
1558 3039 1657 3102 intel-

288 3128 369 3190 lectu
393 3129 446 3190 sub
470 3146 528 3187 non
552 3126 713 3188 ascendat:
739 3125 1046 3210 ageKPythagoraeos
1068 3125 1115 3185 vel
1140 3123 1262 3185 tandem
1285 3124 1377 3186 etiam
1400 3126 1556 3190 institutis
1582 3128 1656 3191 imi·

288 3225 394 3278 temur.
441 3213 591 3276 Privatim
614 3233 668 3274 nos
692 3215 743 3292 qui
766 3213 844 3286 adit,
870 3213 1118 3278 communicemus
1141 3212 1185 3274 illi
1209 3212 1334 3274 candide
1361 3222 1498 3277 nostram
1521 3227 1655 3280 senteu-

287 3303 372 3367 tiani.
420 3301 543 3366 Publice
575 3311 739 3366 taceamus.
787 3299 849 3363 Cur
884 3300 1099 3362 astronomiam
1137 3300 1321 3363 astronomici
1356 3303 1510 3383 perditum
1547 3305 1656 3370 imus?

289 3393 386 3455 Totus
409 3392 536 3454 mundus
560 3389 730 3468 hujusmodi
754 3395 853 3452 scatet
876 3389 1060 3464 hominibus,
1091 3389 1140 3469 qui
1163 3389 1263 3472 parati
1286 3400 1356 3454 sunt
1381 3399 1478 3456 totam
1502 3405 1655 3458 astrono-

289 3481 399 3552 miam,
425 3480 451 3542 si
476 3478 644 3559 Cepernicc
667 3497 748 3540 mere
772 3479 951 3553 adhaereat,
980 3480 1088 3540 mundo
1112 3479 1219 3559 ejicere
1247 3482 1468 3561 commodisque
1498 3485 1656 3548 artificum

288 3569 447 3631 obsistere.
481 3568 623 3630 Artifices
638 3585 709 3628 vero
732 3585 769 3628 ex
794 3587 826 3629 se
849 3567 924 3647 ipsis
947 3567 997 3628 vel
1021 3586 1057 3628 ex
1076 3586 1149 3628 aura
1171 3568 1271 3628 vivere
1290 3587 1349 3631 non
1363 3580 1503 3650 possunt.
1544 3572 1654 3645 Quare

287 3657 332 3720 ita
354 3657 384 3738 ip
409 3657 619 3718 astronomicis
644 3674 792 3734 agemus,
832 3665 864 3717 ut
892 3655 1025 3718 fautores
1054 3656 1253 3718 astronomiae
1281 3659 1531 3724 retineamus'et
1554 3672 1591 3725 ut
1616 3681 1654 3726 ne

286 3745 463 3808 esuriamus.
511 3743 599 3816 Quod
624 3744 691 3806 ideo
715 3745 822 3821 scribo,
850 3745 919 3825 quia
940 3743 1106 3825 penultimi
1129 3743 1182 3808 tud
1204 3745 1335 3825 epistolio
1358 3749 1397 3808 ad
1416 3768 1463 3812 ma
1484 3751 1653 3832 scripsisti,

286 3843 316 3896 te
342 3835 440 3914 quoad
464 3833 579 3896 ludicra
601 3840 715 3895 tractet
737 3834 954 3917 Hafcrefferus,
985 3832 1105 3896 ludicris
1129 3853 1297 3908 occurrere,
1323 3837 1376 3899 sed
1400 3848 1543 3916 paratum
1569 3862 1652 3916 esse,

285 3924 315 3988 si*
335 3922 444 3986 seriam
468 3923 523 3985 tibi
547 3929 667 3985 moveat
690 3923 935 3998 controversiam,
960 3941 1015 4004 pro
1037 3921 1143 3984 merito
1162 3923 1245 3986 illum
1260 3925 1408 4004 excipere.
1447 3929 1553 3993 Nolim
1570 3933 1652 3994 enim

285 4021 316 4075 te
338 4011 387 4074 vel
411 4013 441 4073 in
469 4031 566 4074 meam
596 4013 643 4073 vel
674 4013 702 4074 in
727 4011 820 4092 ipsius
845 4013 937 4074 etiarn
960 4011 1097 4096 veritatis
1132 4013 1220 4091 (quac
1254 4013 1363 4078 nullius
1395 4016 1529 4080 hominis
1561 4021 1651 4082 salu·
1683 4077 1688 4086 .

284 4110 345 4164 tem
369 4108 423 4162 aut
445 4101 630 4166 commodum
654 4101 822 4174 concernit)
846 4101 976 4178 gratiam
1000 4099 1134 4162 inimicos
1157 4101 1211 4162 tibi
1227 4103 1387 4168 coriciliare
1403 4114 1457 4168 aut
1476 4107 1650 4174 incommo-

286 4191 352 4251 dius
376 4207 475 4268 agere.
522 4191 566 4252 Tu
590 4189 639 4270 qui
663 4189 916 4264 animadvertisti,
945 4197 1078 4256 tractare
1106 4189 1201 4264 virum
1228 4189 1311 4253 illum
1340 4193 1422 4256 seria
1443 4213 1500 4275 per
1537 4199 1651 4272 lusum,

182 4352 184 4357 ¹
285 4279 404 4342 clavum
427 4278 512 4340 clavo
536 4278 649 4358 pellere
670 4285 758 4357 potes
783 4286 814 4339 et
836 4278 884 4337 vel
909 4278 988 4338 seria
1010 4286 1192 4340 tractantem
1216 4277 1282 4341 lusu
1306 4283 1445 4362 excipere
1469 4287 1566 4360 serio,
1593 4307 1651 4349 nec

286 4361 370 4431 alia'
368 4385 498 4448 persona
521 4366 549 4428 in
574 4385 696 4428 arenam
720 4365 912 4428 descendere.
956 4366 1039 4428 Haec
1068 4385 1123 4446 ego
1153 4365 1270 4446 quidem
1297 4368 1509 4450 παρρησιαζιιν
1533 4395 1593 4439 uec
1618 4385 1651 4437 te

286 4457 424 4529 imitans,
458 4453 507 4534 qni
535 4455 615 4516 soles
641 4454 733 4516 nihil
761 4454 865 4517 dubit
853 4464 944 4526 atre,
975 4455 1043 4534 quin
1066 4455 1121 4516 hoc
1146 4449 1201 4532 ego
1225 4475 1323 4535 agam,
1340 4461 1428 4540 quod
1454 4481 1503 4524 me
1527 4465 1650 4527 hortari

284 4565 337 4626 pro
362 4543 526 4607 autoritate
550 4561 675 4622 posses,
704 4550 737 4604 ut
760 4561 890 4621 agerem.
938 4541 1053 4644 Quodsi
1077 4545 1166 4606 aliter
1188 4542 1243 4605 tibi
1266 4546 1415 4610 videtur
1407 4570 1435 4611 ιιι
1461 4551 1520 4613 hac
1539 4573 1647 4628 causa,

285 4653 403 4716 semper
424 4631 494 4696 mihi
519 4632 575 4693 erit
597 4632 758 4710 integrum,
789 4639 869 4693 tuum
898 4631 979 4711 sequi
1009 4633 1181 4694 consilium:
1218 4647 1285 4693 nam
1315 4636 1546 4716 inpraesentia
1571 4643 1649 4706 nihil

284 4723 450 4806 respondeo
473 4722 511 4784 D.
528 4719 723 4802 Hatereffero,
748 4719 805 4781 nisi
830 4727 862 4781 ut
884 4739 938 4803 per
961 4720 1145 4784 occasionem
1170 4719 1253 4784 illum
1276 4724 1391 4787 salutes
1415 4727 1646 4794 officiosissime
