3542 5528
317 239 362 310 44
911 235 1072 291 moerorem.

314 403 412 472 prodita
430 410 477 460 est,
493 403 553 456 licet
572 401 710 454 discrimine
728 411 778 450 nen
796 401 881 467 magni
899 401 1030 459 momenti,
1050 413 1161 467 apogaeo
1180 401 1233 462 ejus
1252 393 1282 450 5⁰
1301 398 1429 464 capernici
1447 399 1566 449 terminos
1585 395 1673 446 rotin-

314 484 400 542 peute.
437 474 502 536 Quin
521 483 548 526 et
566 475 629 524 orbis
650 485 746 524 annuus
762 473 836 533 liuta
854 472 1033 535 Ccperuicum',
1062 481 1106 522 aut
1124 472 1247 535 spicyclus
1265 471 1401 522 secundum
1418 470 1607 525 Ptolemaeum,
1625 483 1674 517 non

314 550 410 600 ridetur
428 548 537 611 ciusdem
556 561 652 610 semper
669 543 860 607 magnitudinis,
880 544 962 607 quoad
979 546 1058 608 ipsunt
1076 545 1243 595 eccentricum
1262 544 1393 594 collatione
1412 543 1498 599 iactat
1517 541 1563 590 sed
1582 541 1672 590 altera

313 623 406 678 tionem
423 620 557 672 introducit
574 619 600 666 in
619 615 729 667 omnibus
747 615 824 664 tribus
849 609 1012 679 superioribus
1036 614 1193 672 sonabilemr
1221 615 1300 672 adeo,
1328 622 1357 665 ut
1371 614 1488 680 ‚angulus
1516 612 1672 662 differentiae

312 695 339 743 in
357 689 438 742 Marte
458 692 490 742 ad
511 688 540 737 1υ
558 686 601 737 10’
620 692 755 738 excrescat.
793 685 921 746 Quomodo
939 687 1002 738 haec
1022 702 1078 737 oum
1096 694 1142 738 trra
1159 687 1326 750 speculatione
1346 685 1503 737 concilianda
1521 686 1590 740 sint,
1620 689 1673 732 tute
1729 700 1734 718 ⁴

312 765 402 814 ridens
421 759 464 824 (i).
500 761 605 812 Veneris
625 759 797 809 ecceutricitas
815 759 891 809 multo
909 761 988 808 minor
1005 765 1058 814 cst,
1077 773 1151 824 quam
1169 760 1258 808 statuit
1275 757 1314 809 rel
1331 758 1503 814 Ptolemaeus,
1521 755 1562 806 rel
1582 753 1671 819 coper-

312 837 382 886 nicnr
402 832 454 900 (gl2
484 841 509 884 et
528 828 665 897 apogaeum
683 833 736 891 elus
754 845 803 879 non
822 833 904 880 estin
922 833 979 880 orbe
997 831 1092 880 sidereo
1110 831 1199 890 lixum,
1228 832 1263 880 uti
1288 829 1329 881 hic
1356 829 1449 886 voluit,
1478 829 1522 880 sed
1547 829 1622 876 initia
1640 831 1671 883 Θ

311 921 377 958 nnnc
396 907 493 972 attigitr
521 919 568 955 neo
586 911 671 954 tamen
689 899 769 952 Sclari
788 900 864 968 (quod
880 903 907 952 in
924 903 1004 953 medio
1023 901 1087 952 sexti
1104 903 1195 968 mades
1212 899 1328 964 haeret),
1354 903 1391 952 uti
1409 902 1494 951 solunt
1511 899 1672 964 alphumini,

326 979 385 1029 lene
403 980 507 1027 unitum.

311 993 326 1042 p
381 1049 451 1099 Haec
470 1054 496 1098 et
513 1046 618 1102 simrlia,
644 1059 745 1109 quornm
762 1044 835 1109 plura
852 1059 895 1094 suo
914 1051 1022 1109 tempore
1040 1044 1156 1106 habebis,
1177 1049 1235 1096 tuae
1255 1045 1317 1096 alias
1337 1045 1473 1094 industriae
1494 1041 1673 1106 excogitationi

309 1120 443 1185 applicata,
462 1134 525 1179 eam,
545 1133 579 1168 an
597 1118 759 1181 undequaque
778 1117 824 1167 rite
843 1123 946 1176 constet,
964 1119 1110 1181 probabunt.
1148 1117 1201 1184 Ego
1222 1132 1319 1168 omnem
1333 1118 1426 1166 orbium
1439 1115 1590 1170 realitateur,
1611 1127 1671 1176 quo·

309 1193 477 1257 modoeunqrre
494 1191 595 1242 tandem
614 1195 786 1243 assumantur,
814 1188 882 1238 coele
901 1187 1077 1239 eliminandam
1094 1203 1184 1240 censeo
1205 1187 1259 1250 (h).
1287 1189 1351 1255 qued
1376 1202 1416 1237 me
1444 1201 1529 1237 omnes
1557 1191 1672 1235 cometae

308 1281 334 1315 re
353 1278 411 1314 rere
429 1263 547 1318 aetherei,
566 1261 624 1311 iude
643 1275 660 1310 a
677 1273 742 1309 nora
760 1259 834 1310 stella
851 1274 876 1311 a·
897 1259 965 1309 1572
984 1261 1118 1324 conspecti,
1137 1261 1177 1324 qui
1195 1261 1285 1311 nullius
1304 1261 1368 1310 erbis
1380 1260 1448 1324 leges
1462 1258 1576 1309 totaliter
1588 1258 1671 1307 secuti

308 1341 374 1392 sunt,
393 1335 492 1400 quidam
511 1348 567 1384 rero
586 1332 735 1384 contrarium
753 1331 811 1396 quid
828 1347 888 1396 prae
906 1347 933 1382 se
951 1333 1074 1388 terebant,
1093 1333 1262 1383 indubitanter
1281 1333 1449 1390 edocuerunt;
1478 1337 1506 1381 ut
1525 1330 1556 1380 de
1574 1329 1670 1378 retrec-

201 1416 206 1435 ·
308 1407 415 1456 tionibus
431 1407 523 1455 frustra
540 1403 707 1468 multiplicatis
726 1417 756 1452 en
775 1403 867 1452 orbium
885 1405 1016 1454 solidorum
1035 1405 1108 1467 copia
1125 1404 1185 1453 nihil
1204 1404 1377 1468 superaddam.
1414 1403 1470 1453 Neo
1487 1401 1672 1466 poteritTerra
1767 1411 1768 1438 1

308 1492 390 1529 annue
409 1479 468 1527 cieri
485 1482 562 1532 motu,
581 1481 610 1524 ut
628 1474 658 1524 de
675 1474 845 1524 librationibus
864 1477 947 1524 otiosis
969 1472 1060 1539 (neque
1080 1477 1148 1524 enim
1162 1475 1220 1525 talis
1240 1481 1279 1526 est
1296 1476 1505 1540 aequinoctiorum
1519 1473 1672 1538 praecessio,
1767 1483 1768 1512 l

308 1555 336 1598 ut
355 1549 502 1612 opinabatur
520 1541 690 1610 coperuicusi,
709 1551 809 1595 taceam
828 1543 877 1608 (ils
897 1553 953 1596 utut
971 1547 1070 1596 diurnus
1088 1547 1251 1610 plausibiliter
1270 1548 1300 1596 ob
1320 1548 1437 1597 minorem
1451 1561 1537 1612 gyrum
1550 1543 1584 1592 illi
1598 1545 1672 1593 attri-
1767 1555 1768 1584 r

307 1619 348 1669 bui
367 1627 455 1684 queat,
481 1619 552 1668 modo
575 1625 629 1667 tam
646 1617 715 1682 gravi
733 1622 760 1667 et
778 1631 855 1681 opaco
875 1620 968 1682 corpori
987 1619 1008 1667 is
1028 1624 1195 1683 competeret,
1214 1619 1301 1684 ¹quieti
1319 1620 1416 1683 potius,
1437 1631 1511 1682 quam
1528 1617 1608 1667 motui
1627 1629 1672 1666 ac·
1767 1629 1768 1656 1

307 1687 531 1824 commgggr§?)·nt
548 1760 672 1812 tollantur·
684 1760 805 1824 epicyoli,
833 1761 873 1810 rix
892 1725 961 1812 alia
976 1745 1143 1812 commodiore
1160 1723 1257 1812 radone
1273 1761 1423 1825 hypotheses
1441 1760 1548 1810 ordinari
1567 1765 1670 1822 queunt,

306 1847 380 1900 quarn
399 1839 426 1882 ut
444 1837 510 1886 circa
528 1833 610 1884 Solem
628 1831 743 1882 mobilem
760 1833 810 1882 sint
828 1838 916 1882 centra
934 1835 1082 1886 circuituum
1100 1835 1206 1898 quinque
1224 1834 1391 1898 planetarum,
1410 1833 1553 1896 quiescente
1572 1831 1671 1887 'l'orrar
1767 1843 1768 1872 1

306 1911 332 1955 et
349 1907 417 1956 circa
434 1905 499 1956 hanc
518 1905 633 1955 revolutis
650 1904 810 1953 luminaribus
830 1909 856 1952 et
874 1909 929 1953 tots
947 1913 1037 1955 octava
1055 1901 1103 1966 (uti
1122 1901 1224 1966 vocant)
1243 1905 1357 1970 sphaera,
1376 1919 1433 1954 eam
1451 1905 1527 1954 etiam
1545 1903 1570 1952 in
1589 1901 1672 1952 medi·
1767 1915 1768 1924 ¹

306 1975 375 2028 tullio
393 1979 547 2040 respiciente,
569 1977 638 2037 cultu
656 1974 786 2024 abscessus
802 1977 874 2036 juxta
892 1974 1053 2039 liopernicum
1071 1978 1097 2026 iu
1115 1977 1261 2026 immensum
1278 1991 1342 2041 pene
1362 1978 1428 2032 abit,
1448 1979 1548 2039 eiusque
1562 1975 1669 2037 positio·

305 2061 363 2097 nem
380 2048 417 2097 rel
436 2049 483 2098 hoc
502 2048 554 2097 solo
573 2046 678 2096 absurdo
698 2041 729 2108 (l)
749 2046 868 2110 infringit
906 2045 960 2098 Nec
980 2050 1056 2098 etiarn
1076 2054 1122 2098 trra
1140 2050 1252 2112 cogitato
1269 2049 1310 2098 laic
1327 2047 1402 2097 ullam
1421 2063 1477 2097 curu
1498 2047 1587 2096 ceteris
1600 2059 1670 2108 sym-
1766 2061 1768 2090 r

304 2120 417 2169 metriam
437 2117 520 2182 (prout
538 2117 610 2167 simul
629 2117 681 2166 fieri
700 2113 796 2177 debuit)
816 2116 957 2168 admittunt.
995 2119 1099 2182 Oportet
1123 2125 1207 2170 autem
1232 2121 1257 2169 iu
1276 2134 1302 2169 ro
1321 2121 1384 2169 bene
1401 2119 1587 2183 proportionata
1606 2116 1671 2166 nihil

305 2189 358 2240 dari
370 2191 624 2254 improportionatum,
641 2189 704 2238 alite
723 2194 778 2238 tote
796 2192 940 2251 symmetria
958 2191 1114 2240 contunditur
1132 2198 1158 2239 et
1176 2197 1292 2256 suspecta
1311 2191 1402 2248 eradit,
1420 2190 1566 2254 praesertim
1578 2190 1605 2238 in
1618 2188 1668 2238 hoe
1767 2207 1768 2232 r

304 2260 375 2319 loco,
394 2263 435 2311 rrbi
454 2269 507 2312 tam
525 2273 642 2325 magnum
661 2267 736 2324 etque
755 2260 854 2311 eriderrs
873 2261 994 2326 ingeritur
1013 2263 1174 2313 obstaculum.
1767 2299 1768 2308 ,

374 2331 445 2384 Haec
465 2339 490 2384 ot
508 2333 568 2390 alit,
587 2344 651 2397 queo
669 2331 769 2396 singula
782 2339 978 2384 'commemorare
996 2349 1062 2383 nuno
1082 2349 1133 2383 non
1151 2339 1241 2391 vacat,
1259 2348 1299 2384 mo
1319 2335 1385 2384 circa
1401 2339 1472 2384 tuam
1488 2331 1668 2388 inventionem,
1766 2357 1768 2380 r

305 2403 366 2455 adies
384 2405 578 2459 solertissimam.
597 2404 688 2468 optime
706 2403 824 2467 Keplere,
844 2405 945 2454 dubium
962 2406 1077 2456 reddunt.
1113 2405 1216 2455 Interim
1234 2419 1400 2469 ncnrpossum
1419 2409 1591 2454 conconatur
1611 2409 1669 2452 tuus
1767 2443 1768 2452 ,

304 2483 357 2526 tam
376 2477 477 2526 eximios
497 2483 522 2525 et
539 2489 608 2525 raros
626 2475 804 2540 magnifacere,
823 2477 963 2541 hortorque,
983 2484 1011 2527 ut
1023 2477 1123 2528 ulterius
1136 2477 1173 2526 lris
1188 2478 1297 2526 animum
1308 2477 1431 2532 intendas.
1451 2475 1543 2538 desque
1556 2489 1668 2537 operam,
1767 2493 1768 2524 ι

303 2553 332 2596 ut
350 2549 428 2598 simile
447 2547 504 2612 quid
523 2548 612 2596 nostris
631 2545 807 2610 hypothesibus
825 2543 888 2609 (m),
912 2562 973 2612 quas
995 2549 1039 2598 tibi
1063 2563 1113 2598 non
1136 2549 1301 2611 incompertae
1326 2561 1381 2598 esse
1402 2547 1463 2597 liber
1487 2547 1530 2595 ille
1548 2546 1667 2602 ostendit,
1767 2577 1768 2592 2

305 2619 431 2682 applicare
449 2620 545 2682 possis,
565 2633 621 2667 cunr
639 2633 702 2681 pene
720 2620 804 2668 omnia
821 2619 851 2667 iis
869 2621 963 2681 pariter
977 2620 1138 2670 conveniant
1175 2619 1262 2682 Neque
1281 2619 1312 2668 ob
1330 2619 1354 2668 ld
1373 2633 1433 2682 opus
1451 2625 1505 2672 est,
1525 2623 1554 2666 nt
1572 2618 1668 2666 orbium
1767 2661 1768 2668 ,

305 2696 430 2740 statuatur
448 2703 580 2755 compages
599 2689 694 2746 solids;
718 2689 828 2750 sufficit,
847 2691 964 2739 circuitus
981 2697 1007 2740 et
1025 2693 1173 2740 remotiones
1191 2689 1297 2740 siderum
1315 2691 1380 2740 inter
1397 2705 1424 2740 se
1440 2691 1518 2739 talem
1538 2689 1666 2738 concinni·
1767 2711 1768 2740 r

306 2767 384 2811 tateur
403 2767 477 2826 atque
495 2761 649 2813 harmoniam
668 2762 804 2812 observare.
841 2760 894 2813 Neo
915 2762 1097 2825 praetereunda
1114 2767 1153 2811 est
1171 2758 1211 2822 (rr)
1230 2769 1320 2812 octava
1337 2762 1459 2824 sphaera,
1486 2761 1545 2824 quirr
1572 2761 1599 2809 in
1617 2759 1666 2808 hoc

306 2832 378 2883 there
397 2832 634 2896 proportionabiliter
652 2832 858 2896 locum·aliquem
877 2834 994 2883 obtineat.
1032 2833 1132 2883 Nullum
1151 2835 1216 2883 euim
1235 2840 1273 2882 est
1291 2834 1399 2894 dubium,
1417 2835 1442 2882 in
1454 2833 1568 2881 universo
1580 2832 1666 2880 omnia
1767 2855 1768 2886 ι

306 2911 376 2960 certa
392 2904 522 2954 harmonia
540 2909 567 2953 et
584 2905 738 2967 proportione
757 2903 789 2953 ad
807 2905 913 2954 invicem
933 2905 1047 2954 divinitus
1066 2903 1147 2954 relata
1164 2912 1190 2953 et
1208 2904 1323 2954 ordinata
1341 2918 1412 2965 esse,
1440 2904 1476 2953 ita
1498 2908 1598 2952 uttam
1617 2917 1665 2954 nu·
1767 2935 1768 2956 ι

304 2976 377 3026 moris
399 2990 475 3041 quam
493 2975 577 3040 figuris
596 2976 722 3025 succincte
743 2974 996 3038 comprehendantur,
1025 2976 1099 3025 reluti
1119 2990 1135 3025 a
1152 2967 1331 3041 Pythagoreeis
1349 2981 1376 3024 et
1393 2975 1528 3026 Platonicis
1543 2977 1597 3037 jam
1618 2974 1665 3023 du-

305 3048 363 3097 dum
382 3047 539 3112 aliquatenus
557 3047 696 3111 praevisum
715 3052 762 3096 est.
799 3046 845 3095 His
864 3049 947 3111 itaque
964 3047 1066 3098 ulterius
1084 3049 1178 3112 ingenii
1194 3062 1281 3098 necros
1300 3046 1405 3112 applica,
1425 3053 1451 3096 et
1462 3047 1483 3094 sl
1495 3045 1665 3094 omnimodam
1767 3071 1768 3098 2

305 3120 509 3175 consonantiam,
528 3131 592 3182 quae
610 3118 679 3167 nulla
697 3131 727 3166 en
744 3123 815 3181 parte
834 3117 972 3173 claudicet.
992 3120 1061 3168 etin
1080 3133 1129 3182 qua
1146 3119 1205 3168 nihil
1225 3120 1302 3169 etiam
1319 3118 1479 3174 desideretur,
1498 3117 1665 3172 adinveneris,

306 3191 353 3239 eris
371 3189 430 3239 mihi
448 3204 553 3255 magnus
571 3189 666 3252 Apollo.
704 3187 831 3248 Quantum
858 3203 905 3253 ego
932 3191 982 3238 tuis
1008 3188 1056 3239 hac
1074 3193 1109 3239 in
1128 3204 1154 3239 re
1173 3191 1258 3240 arduis
1274 3191 1403 3240 meatibus
1421 3189 1551 3239 subvenire
1568 3193 1664 3250 potere,

304 3277 344 3309 me
362 3263 504 3325 neutiquam
522 3260 624 3310 hebebis
642 3259 782 3316 difficilemr
807 3260 951 3323 praesertim
970 3262 991 3310 si
1008 3275 1048 3310 me
1066 3275 1132 3311 nunc
1151 3263 1176 3311 in
1196 3263 1329 3311 Germania
1350 3262 1484 3326 degentem
1503 3267 1529 3309 ot
1547 3260 1665 3322 epatris
1767 3311 1768 3316 ,

304 3332 352 3382 huc
371 3347 427 3381 curn
444 3334 560 3382 universa
576 3329 686 3386 familie,
712 3344 744 3382 ne
763 3337 829 3380 totns
847 3331 889 3380 ille
907 3333 997 3394 pen'ret
1014 3332 1144 3382 thesaunrs
1163 3335 1357 3390 mmonomicus,
1376 3339 1414 3384 tot
1432 3332 1519 3388 anuh,
1537 3330 1664 3380 laboribus

305 3409 331 3452 et
348 3405 466 3454 sumtibus
485 3407 655 3466 comparatus,
683 3401 819 3465 proiectum
846 3403 977 3466 aliquando
996 3405 1108 3453 inriserit
1127 3409 1153 3454 et
1169 3419 1267 3455 metum
1285 3419 1368 3455 coram
1386 3405 1418 3454 de
1435 3404 1585 3466 ejuscemodi
1604 3402 1663 3451 suh-

304 3474 400 3524 limihns
419 3475 491 3526 robus
506 3473 616 3537 iucundo
635 3479 660 3523 et
678 3480 750 3538 grate
769 3473 907 3524 contuleris.
959 3511 962 3518 .

375 3545 447 3596 Vale.
485 3546 617 3596 Dabuntur
635 3544 814 3609 Wendeeburgi
833 3546 861 3594 in
880 3559 936 3596 arce
957 3545 1128 3604 Rannoriana,
1146 3547 1248 3596 semisse
1266 3546 1435 3596 tantummodo
1453 3544 1563 3599 milliaris
1582 3545 1662 3596 Hann-

304 3618 380 3684 hurge
404 3623 516 3672 remota,
544 3630 618 3679 quam
640 3629 706 3664 nunc
728 3615 855 3672 inhabito,
876 3622 902 3666 et
925 3619 1052 3668 translatis
1070 3617 1118 3667 huc
1137 3633 1151 3667 e
1170 3617 1254 3667 Dania
1271 3617 1391 3667 machinis
1409 3619 1470 3667 meis
1490 3619 1662 3668 astronomicis

304 3695 405 3753 totaque
423 3687 576 3752 supellectile
593 3686 694 3737 libraris
711 3687 782 3736 rebus
801 3687 947 3738 coelestibus
964 3703 1015 3739 uon
1032 3691 1113 3738 minus
1132 3702 1205 3754 qnam
1225 3695 1302 3739 autea
1319 3689 1427 3754 invigilo,
1448 3695 1474 3738 et
1486 3687 1580 3739 Divina
1601 3703 1660 3755 gra-

304 3761 342 3810 tis
358 3761 408 3809 otio
425 3761 493 3809 fruor
508 3758 674 3824 philosophico
690 3754 732 3818 ¹³).

374 3831 407 3880 D.
429 3829 451 3879 1.
472 3833 531 3893 Δρι.
551 3836 582 3879 st
600 3834 651 3878 ret.
671 3826 747 3880 1598.

374 3902 542 3967 Postscripta,
569 3915 633 3966 quae
653 3899 683 3950 do
701 3901 779 3952 Urso
805 3908 899 3968 agunt,
928 3901 968 3952 hic
987 3903 1126 3960 omisimus,
1155 3901 1295 3953 differentes
1314 3903 1346 3953 sd
1364 3901 1466 3966 Kepleri
1483 3901 1661 3956 refutationem

304 3973 368 4034 Ursi,
388 3988 463 4039 quarn
482 3973 618 4024 addidimus
636 3972 766 4022 Prodrcmo
786 3987 800 4022 e
817 3974 990 4038 manuscriptis
1008 3973 1198 4038 Petropolitanis
1217 3974 1361 4024 desumtam.

373 4046 404 4096 In
422 4046 526 4109 epistola
543 4044 568 4094 d.
589 4042 630 4093 21.
649 4045 707 4108 Ape.
729 4041 797 4092 1598
816 4044 849 4094 ad
866 4043 1025 4103 Maestlinum
1043 4045 1104 4095 data
1121 4045 1204 4108 Tycha
1224 4046 1254 4095 de
1276 4060 1348 4110 opere
1360 4044 1463 4110 Kepleri
1475 4050 1501 4095 et
1518 4047 1550 4096 de
1563 4043 1656 4096 Maest-

235 4109 238 4120 '
302 4117 347 4166 lini
361 4117 461 4180 judicic.
481 4116 593 4182 quotide
614 4117 688 4180 ipsius
707 4115 791 4166 mundi
810 4116 906 4166 ratione
926 4113 963 4178 (in
982 4117 1135 4180 praefatione
1148 4116 1180 4168 ad
1195 4116 1326 4176 ,Rhaedei
1337 4117 1519 4169 narratiousm“
1539 4131 1600 4182 pag.
1613 4115 1660 4176 tt)

303 4187 377 4246 iecit,
397 4203 517 4254 quamque
537 4189 675 4253 inscripsit:

310 4275 312 4282 ·
672 4257 847 4320 Clarissimo
871 4267 902 4319 et
923 4258 1190 4321 Praestantissimo
1214 4261 1289 4322 Viro

219 4423 223 4436 Ι
792 4345 917 4407 Domino
940 4347 984 4407 M.
1008 4348 1171 4410 Massiliae

305 4435 537 4489 Mathematicarnm
554 4436 643 4487 artium
661 4435 790 4500 insigniter
811 4436 901 4498 perito,
927 4435 1107 4502 earundemque
1129 4439 1155 4486 in
1173 4437 1267 4501 inclyta
1285 4437 1414 4490 academie
1432 4437 1586 4508 'tubingensi
1603 4457 1656 4510 pro·

674 4506 758 4556 iessori
777 4506 946 4563 celeberrimo,
964 4507 1023 4557 mihi
1040 4509 1169 4573 plurimum
1188 4509 1284 4560 dilecto.

303 4579 366 4631 haec
383 4579 494 4646 profert:

373 4701 459 4750 Annus
476 4703 528 4763 jam
546 4701 627 4765 agitur
645 4699 769 4758 decimus,
794 4699 955 4770 eruditissime
974 4708 1000 4752 et
1017 4704 1226 4767 praestantissime
1244 4701 1391 4761 Maestline,
1409 4720 1439 4756 ex
1457 4719 1504 4771 quo
1524 4709 1658 4774 quidam

305 4772 365 4822 mois
384 4772 532 4831 domesticis,
551 4772 591 4837 qni
605 4770 754 4838 aliquamdiu
766 4772 825 4826 miti
836 4773 862 4822 in
879 4774 952 4825 rebus
971 4775 1139 4827 asmonomicis
1156 4776 1307 4842 inservierat,
1328 4777 1463 4843 exemplum
1482 4785 1584 4834 tuarum
1601 4783 1656 4836 lite.
