3698 5516
672 293 675 301 <
754 276 841 320 contra
859 267 959 354 um
1138 250 1141 256 Ι
1466 272 1531 340 273

162 422 214 484 ssd
235 431 373 504 propter
395 425 592 506 evagationes
615 427 746 490 Veneris
769 435 802 492 et
823 429 966 492 Mercurii
993 431 1085 492 dividi
1114 429 1145 492 in
1174 437 1246 492 tres.
1293 429 1329 493 ld
1358 437 1459 494 autem
1486 433 1529 510 lit,

163 514 187 574 si
208 510 266 575 Sol
296 521 410 577 teneat
437 515 651 587 eccentricum,
685 517 791 580 Venus
824 527 856 580 et
879 519 1047 581 Mercurius
1077 519 1212 598 singulos
1241 519 1272 580 in
1302 538 1337 580 eo
1369 521 1530 604 epicyclos.

159 601 282 663 *Deinde
306 603 382 665 ride
405 603 479 665 mihi
501 604 659 668 Platonem
682 606 770 687 quasi
793 625 831 669 ex
849 607 995 670 Martiani
1019 608 1172 669 schemate
1195 615 1402 670 recensentem
1426 611 1529 672 ordine

166 689 286 766 Solem,
322 691 520 767 Mercurium,
553 693 719 757 Venerem:
756 713 815 758 non
848 705 954 758 contre
977 695 1095 771 Solem,
1126 695 1289 767 Venerem,
1328 697 1529 774 Mercurium:

168 779 339 842 Mercurius
368 781 447 842 euim
478 781 534 844 hac
562 783 679 845 ratione
705 784 827 864 propior
854 785 888 847 lit
911 784 976 848 Soli
1000 805 1091 865 quem
1113 784 1229 846 Venus.
1277 785 1381 847 Tertio
1404 785 1529 866 phrasin

169 867 311 949 loquendi
335 865 631 948 ,comprehendere‘
661 889 715 952 pro
744 874 923 936 antecedere
950 873 1071 936 videtur
1094 873 1184 935 Plato
1209 870 1353 952 Capellae
1384 875 1528 954 suppedi-

169 967 263 1020 tasse.
312 955 434 1029 Quarto
458 965 489 1020 et
502 958 618 1021 Plinius
642 979 727 1022 suam
750 980 853 1024 vocem
877 981 1061 1037 „conversas
1085 961 1231 1041 apsidas“
1255 979 1291 1022 ex
1305 962 1443 1024 Platonis
1457 982 1530 1025 voce

169 1046 379 1121 „contrariam
410 1045 492 1108 vim“
520 1047 680 1110 deduxisse
710 1049 839 1112 videtur.
887 1051 993 1131 ltaque
1023 1051 1081 1114 duo
1108 1051 1153 1130 hi,
1186 1048 1302 1111 Plinius
1333 1057 1364 1112 et
1393 1048 1530 1131 (lapella,

169 1137 333 1198 Platonem
351 1135 462 1198 imitati
484 1136 579 1198 uideri
602 1146 731 1217 possunt
754 1157 897 1220 suamque
917 1159 953 1201 ex
977 1140 1033 1202 hoc
1057 1139 1196 1202 hausisse
1220 1139 1412 1201 senteutiam.
1451 1137 1529 1202 Om-

170 1226 250 1286 nium
275 1242 348 1288 vero
377 1224 622 1288 manifestissime
646 1227 833 1302 Macrobius,
864 1228 914 1308 qui
936 1228 1016 1290 inter
1048 1235 1202 1307 utrumque
1230 1227 1306 1288 vixit
1335 1228 1438 1308 quinto
1460 1236 1533 1310 post

171 1313 330 1376 Christum
359 1313 476 1387 seculo;
509 1313 535 1375 is
558 1315 637 1376 enim
677 1319 710 1377 s'e
742 1316 936 1379 manifestum
963 1316 1101 1386 Platonis
1134 1316 1331 1394 interpretem
1362 1317 1529 1396 profitetur.

173 1400 368 1476 ,Ciceroni“,
398 1401 494 1484 inquit
517 1401 702 1475 (Comment.
727 1404 757 1466 in
773 1403 929 1468 Somnium
945 1404 1095 1484 Scipionis
1111 1405 1134 1480 l,
1163 1401 1229 1478 19),
1255 1404 1475 1478 „Archimedes
1499 1417 1532 1470 et

172 1489 401 1554 Chaldaeorum
422 1491 502 1552 ratio
534 1492 700 1568 consentit,
734 1493 823 1555 Plato
847 1493 1017 1575 Aegyptios
1050 1494 1180 1555 omnium
1203 1492 1412 1573 philosophiae
1436 1495 1530 1557 disci-

172 1580 323 1660 plinarum
354 1587 498 1659 parentes
525 1588 647 1643 secutus
671 1589 732 1656 est,
766 1583 816 1663 qui
844 1582 889 1644 ita
912 1582 1015 1644 Solem
1043 1581 1122 1643 inter
1150 1582 1268 1644 Lunam
1296 1590 1327 1643 et
1349 1583 1531 1646 Mercurium

62 1697 65 1708 ·
172 1670 307 1732 locatum
330 1669 447 1743 volunt,
472 1681 506 1731 ut
529 1669 676 1731 rationem
699 1678 801 1734 tamen
825 1670 1077 1751 deprehenderint
1100 1677 1133 1732 et
1156 1670 1314 1741 edixerint,
1340 1689 1392 1732 cur
1411 1691 1430 1733 a
1452 1691 1530 1735 non-

172 1758 265 1820 nullis
294 1756 351 1819 Sol
380 1775 471 1836 sopra
493 1757 675 1820 Mercurium
703 1777 852 1839 supraque
881 1760 1032 1822 Venerem
1056 1777 1124 1820 esse
1157 1759 1305 1834 credatur.
1361 1759 1442 1823 Nam
1475 1781 1531 1823 nec

173 1846 230 1921 illi,
267 1845 319 1926 qui
342 1846 388 1908 ita
411 1846 600 1922 existimant,
634 1869 653 1908 a
676 1848 777 1927 specie
799 1848 864 1910 ueri
892 1848 997 1928 procul
1029 1848 1206 1910 aberrent.“
1250 1849 1317 1911 Uno
1348 1849 1440 1912 verbo
1473 1850 1530 1912 hoc

175 1935 252 1998 dicit
264 1933 451 2008 Macrobius,
476 1943 635 2016 utrumque
658 1937 877 2017 quodammodo
900 1956 1004 2000 verum
1028 1955 1106 2007 esse,
1130 1945 1163 1998 ει
1185 1937 1264 2017 quod
1278 1935 1333 1998 Sol
1357 1956 1448 2017 supra
1462 1937 1530 2000 Ve-

174 2043 277 2086 nerem
301 2031 335 2085 et
356 2023 539 2086 Mercurium
563 2025 617 2098 sit,
649 2033 680 2086 ει
703 2026 780 2106 quod
804 2025 892 2089 infra.
939 2025 1098 2106 Sequitur:
1122 2023 1322 2106 „Opinionem
1346 2044 1416 2088 vero
1440 2026 1529 2089 istius

174 2111 407 2192 permutationis
434 2111 604 2192 hujusmodi
632 2113 710 2176 ratio
733 2114 920 2194 persuasit.“
964 2114 1202 2177 Permutatiouis
1229 2132 1303 2176 voce
1331 2115 1450 2176 videtur
1476 2115 1531 2177 illa

175 2200 315 2264 Platonis
338 2200 433 2262 verba
455 2201 674 2282 perstringere:
699 2203 977 2282 „comprehendunt
992 2223 1024 2266 se
1040 2211 1143 2265 mutuo
1158 2209 1190 2264 ει
1204 2202 1530 2283 comprehenduntur.“

174 2288 274 2365 Quod,
299 2289 407 2369 inquit,
424 2289 514 2352 Plato
534 2290 675 2369 opinatus
690 2298 746 2367 est,
777 2293 868 2354 situm
883 2292 988 2355 horum
1011 2293 1135 2354 duorum
1158 2311 1296 2353 erronum
1320 2299 1352 2353 et
1375 2290 1456 2354 Solis
1479 2292 1528 2353 in-

173 2379 295 2442 terdum
319 2397 387 2440 cum
410 2378 561 2440 contrario
584 2379 757 2458 permutari,
782 2399 876 2442 causa
898 2381 973 2443 haec
998 2380 1069 2443 luit:
1094 2401 1136 2456 „s
1150 2378 1274 2442 Saturni
1288 2380 1427 2458 sphaera,
1452 2399 1529 2462 quae

174 2475 224 2530 est
245 2468 348 2548 prima
370 2467 407 2528 de
427 2473 553 2548 septem,
578 2487 671 2548 usque
695 2469 735 2530 ad
759 2470 919 2548 sphaeram
940 2468 1027 2531 Jovis
1052 2488 1210 2531 asumma
1238 2469 1401 2531 secundam
1431 2469 1528 2532 inter-

169 2557 248 2636 jecti
277 2555 371 2637 spatii
400 2563 490 2618 tanta
513 2563 561 2618 est
593 2557 754 2630 distantia,
795 2565 829 2620 ut
857 2557 972 2621 zodiaci
1001 2557 1147 2620 ambitum
1190 2558 1325 2636 superior
1357 2554 1400 2621 30
1433 2559 1529 2629 annis,

176 2643 219 2709 12
242 2663 315 2707 vero
344 2644 433 2706 aunis
462 2644 600 2725 subjecta
628 2647 774 2708 conficiat.
822 2647 939 2710 Rursus
969 2653 1129 2709 tantuma
1157 2645 1234 2708 Jove
1266 2645 1397 2724 sphaera
1419 2647 1529 2709 Martis

174 2734 306 2810 recedit,
339 2741 374 2795 ut
403 2734 531 2796 eundem
554 2753 672 2797 cursum
704 2735 823 2798 biennio
851 2736 1012 2816 peragat.“
1057 2735 1115 2798 His
1144 2743 1176 2796 et
1205 2734 1399 2815 sequentibus
1428 2735 1528 2799 verbis

173 2823 271 2885 hahes
293 2823 574 2902 interpretationem
598 2824 678 2904 ejus,
703 2825 782 2904 quod
804 2824 894 2887 Plato
925 2825 1011 2896 dicit,
1044 2822 1204 2904 „posuisse
1227 2823 1325 2884 Deum
1348 2841 1475 2903 corpora
1496 2823 1528 2885 in

173 2912 307 2974 ambitus
332 2929 398 2985 eos,
428 2930 503 2992 quos
526 2913 669 2992 cujusque
692 2913 866 2992 periodus“,
889 2922 963 2976 nota
987 2932 1029 2974 sc.
1054 2912 1200 2992 temporis
1228 2911 1407 2973 restitutorii
1431 2931 1528 2993 quan·

172 3003 261 3076 titas,
287 3000 450 3064 desideret
497 2999 602 3081 Pergit
615 3001 809 3064 Macrobius:
833 3003 961 3077 „Venus
985 3009 1086 3064 autem
1109 3009 1159 3062 est
1180 3008 1267 3063 tanto
1281 2999 1403 3080 regione
1418 2999 1527 3062 Martis

172 3090 307 3164 inferior,
333 3097 374 3150 ut
390 3089 418 3150 ei
442 3108 538 3152 annus
561 3091 638 3152 satis
662 3091 703 3151 sit
725 3091 763 3151 ad
786 3091 940 3152 zodiacum
962 3091 1191 3170 peragrandum.
1237 3088 1308 3152 Jem
1326 3107 1399 3151 vero
1414 3088 1528 3151 Veneri

171 3180 219 3240 ita
234 3178 376 3259 proxima
390 3185 439 3240 est
453 3178 543 3240 stelle
556 3178 697 3241 Mercurii
713 3187 744 3240 et
762 3179 910 3242 Mercurio
926 3179 980 3242 Sol
992 3179 1184 3261 propinquus,
1208 3185 1243 3240 ut
1262 3177 1291 3241 hi
1306 3184 1370 3241 tres
1388 3179 1528 3241 coelum

171 3287 273 3331 suum
298 3268 431 3341 (coelum
455 3267 484 3329 iu
508 3267 652 3346 singulari
677 3267 764 3342 dicit)
787 3269 853 3348 pari
877 3271 1021 3349 temporis
1045 3269 1153 3349 spatio,
1177 3267 1198 3330 i.
1214 3287 1240 3329 e.
1265 3286 1353 3338 anno,
1375 3267 1443 3347 plus
1466 3267 1526 3328 mi-

171 3375 284 3431 nusve,
309 3357 505 3419 circumeant.
553 3357 625 3418 Ideo
649 3364 681 3419 et
705 3355 813 3419 Cicero
837 3359 891 3419 hos
915 3359 990 3420 duos
1014 3377 1118 3420 cursus
1136 3357 1267 3434 comites
1291 3355 1373 3419 Solis
1396 3355 1527 3433 vocavit,

171 3447 244 3527 qnia
265 3446 298 3507 iu
320 3445 389 3526 pari
412 3445 511 3526 spatio
535 3445 624 3525 longe
647 3466 666 3508 a
689 3465 722 3508 ee
746 3464 897 3526 nunquam
925 3447 1099 3509 recedunt.“
1145 3446 1258 3508 Iterum
1285 3444 1465 3526 particulam
1488 3446 1526 3507 de

171 3543 260 3598 textu
283 3533 425 3596 Platonis
448 3535 663 3614 supraposito
687 3535 841 3615 explicuit.
888 3535 1045 3616 Sequitur:
1077 3535 1188 3611 „Luna
1217 3542 1319 3596 autem
1347 3540 1466 3595 tantum
1489 3534 1528 3595 ab

170 3623 220 3686 his
249 3625 392 3686 deorsum
419 3624 562 3696 recessit,
595 3630 637 3698 ut,
672 3625 751 3705 quod
778 3623 809 3686 hi
838 3642 926 3700 anno,
955 3621 998 3686 28
1031 3623 1135 3686 diebus
1162 3623 1231 3703 ipsa
1258 3623 1405 3686 conficiat.
1454 3623 1527 3684 Ideo

169 3731 268 3794 neque
292 3714 331 3774 de
354 3712 445 3776 trium
469 3711 654 3793 superiorum
677 3713 795 3787 ordine,
829 3731 916 3793 quem
940 3713 1100 3775 manifeste
1124 3712 1262 3793 clareque
1287 3711 1446 3792 distinguit
1468 3711 1526 3773 im-

169 3821 277 3864 mensa
300 3801 456 3876 distentia,
482 3819 577 3882 neque
601 3801 638 3863 de
661 3802 767 3864 Lunae
790 3801 927 3880 regione,
953 3820 1029 3882 quae
1053 3801 1091 3864 ab
1115 3801 1251 3863 omnibus
1274 3801 1400 3862 multum
1423 3819 1527 3863 reces-

169 3891 222 3967 sit,
246 3891 329 3954 inter
351 3898 472 3954 veteres
496 3891 597 3970 aliqua
621 3890 678 3953 luit
701 3891 859 3953 dissensio.
906 3891 1021 3952 Horum
1043 3909 1114 3952 vero
1134 3889 1224 3952 trium
1247 3889 1304 3952 sibi
1327 3889 1529 3970 proximorum

170 3981 313 4056 Veneris,
337 3979 483 4042 Mercurii
507 3987 539 4041 et
557 3977 638 4042 Solis
662 3980 796 4042 ordinem
819 3978 930 4040 vicinia
954 3979 1117 4054 contundit,
1142 3979 1197 4040 sed
1220 3979 1300 4057 apud
1323 3978 1409 4041 alios.
1447 3979 1527 4041 Nam

170 4069 395 4151 Aegyptiorum
419 4068 574 4131 solertiam
596 4069 675 4131 ratio
699 4087 757 4132 uon
783 4068 873 4148 fugit,
898 4087 975 4150 quae
998 4068 1070 4130 talis
1094 4068 1174 4130 est.“
1219 4065 1253 4129 Si
1278 4087 1366 4148 quem
1390 4067 1527 4135 obscuri-

167 4167 232 4234 tas,
258 4177 338 4239 quae
361 4158 392 4220 in
416 4157 473 4221 hoc
496 4175 613 4238 quoque
637 4165 758 4221 auctore
782 4157 927 4221 nonnulla
950 4162 1010 4231 est,
1042 4157 1073 4218 in
1098 4155 1315 4218 dubitationem
1339 4156 1463 4220 adducit
1490 4157 1527 4219 de
1615 4237 1618 4242 ἱ

169 4248 234 4327 ejus
263 4246 433 4321 sententie,
463 4247 491 4308 is
515 4246 590 4308 haec
614 4247 680 4327 jam
707 4246 808 4326 posita
837 4245 930 4308 rerba
957 4246 1050 4325 probe
1082 4245 1236 4325 ponderet.
1293 4243 1345 4308 Sic
1373 4247 1451 4308 enirn
1481 4252 1530 4307 εει

169 4337 385 4418 intelligendus
408 4354 539 4416 sequeus
561 4341 680 4410 textus,
708 4343 742 4396 ut
764 4336 832 4398 inde
857 4334 936 4397 ratio
959 4341 1067 4414 pateat
1089 4333 1203 4396 ordinis
1226 4352 1285 4395 non
1309 4341 1427 4396 tanturn
1450 4333 1530 4395 inter

170 4423 272 4488 Solem
301 4433 335 4488 et
358 4426 435 4488 duos
460 4425 525 4504 ejus
549 4424 691 4498 comites,
721 4425 892 4487 sedetiam
920 4423 999 4486 inter
1021 4423 1103 4503 ipsos
1127 4423 1192 4484 hos.
1240 4423 1346 4502 Itaque
1376 4423 1527 4500 iuterpre-

171 4514 284 4576 tatione
310 4515 399 4578 unius
423 4513 509 4576 verbi
531 4513 780 4594 insequentibus
804 4533 879 4594 opus
902 4521 959 4576 est.
1008 4511 1167 4588 „Circulos
1194 4529 1249 4591 per
1272 4530 1359 4592 quem
1382 4509 1437 4571 Sol
1460 4507 1526 4568 dis-

172 4605 283 4666 currit“
307 4603 464 4682 (intellige
488 4601 653 4686 epicyclum
675 4603 705 4664 in
729 4601 934 4676 concentrico,
964 4620 1021 4681 quo
1045 4600 1305 4662 eccentricitetem
1328 4599 1449 4659 salvare
1473 4613 1526 4656 so-

172 4692 278 4768 lemus;
302 4695 330 4757 si
353 4710 447 4756 secus
476 4691 598 4767 leceris,
628 4691 776 4754 Macrobii
804 4689 897 4753 verba
926 4690 956 4752 iu
978 4687 1173 4752 ¹concordiam
1200 4705 1258 4750 uon
1288 4685 1421 4765 rediges)
1445 4683 1526 4759 „hic,

171 4779 294 4864 iuquam,
319 4779 504 4846 aMercurii
526 4780 634 4844 circulo
659 4787 692 4844 ut
709 4780 832 4844 inferior
856 4779 973 4853 (malim
988 4779 1127 4854 interior)
1151 4776 1291 4849 ambitur,
1311 4773 1396 4836 illum
1410 4790 1526 4854 quoque

232 4886 441 4946 removent
1099 4913 1101 4918 -
1223 4895 1226 4904 ·
1282 4875 1316 4931 18
