3542 5528
684 223 845 288 &memus
924 173 929 182 .
1391 221 1434 290 te

99 389 183 469 plaria
212 404 269 450 oon
301 385 422 450 dubito
445 386 514 467 quin
547 393 638 451 autea
668 384 801 448 haheasz'
832 403 924 466 qnare
953 378 1185 464 heliopolim,
1218 391 1253 450 ut
1274 383 1437 448 difficultas

98 474 305 540 transmittendi
329 495 385 556 per
408 483 525 538 tautum
547 474 739 538 intervallum
762 494 781 534 a
802 474 948 537 mittendo
972 491 1018 534 me
1042 483 1159 542 avocet.
1185 472 1312 536 Tuorum
1336 481 1436 542 auteur

99 583 203 646 opernm
216 564 253 626 ad
267 583 326 626 nos
340 565 416 626 nihil
430 564 598 644 perfertnr3
623 582 756 646 quaeque
772 563 809 624 de
823 571 854 624 te
869 563 1010 637 sciebam,
1035 581 1072 623 ex
1086 562 1249 625 Maestlino
1264 562 1435 625 didiceram.

98 655 180 718 Dabis
201 654 291 733 igitur
314 652 445 727 reniam,
470 653 495 715 si
520 653 626 734 quibus
648 653 678 714 in
701 651 776 714 locis
800 653 844 715 tui
863 651 990 734 nominis
1013 651 1193 722 mentionem
1218 651 1331 714 faciens
1354 651 1436 731 inju-

96 743 160 808 riam
181 743 232 806 tibi
256 750 389 823 tuaeque
413 742 572 826 hypothesi
596 743 714 806 faciam.
760 742 853 805 Plura
882 743 1027 804 dicturum
1060 741 1319 824 quaesiturumque
1347 759 1435 804 reve-

95 833 178 896 rentia
199 852 245 894 me
269 832 395 894 retinet.
440 832 535 911 Aperi
560 831 687 894 luctanti
721 831 786 894 voci
819 831 899 893 viam
932 830 1053 910 scriptis
1085 831 1123 894 ad
1156 848 1202 892 me
1225 829 1435 911 paucissimis:

95 922 193 984 elicies
215 921 304 994 enim,
330 928 367 982 nt
389 919 445 982 tibi
465 921 676 996 demonstrem,
702 926 815 1003 quanto
836 920 892 984 sim
912 917 1047 982 discendi
1071 939 1159 1000 quarn
1174 919 1272 981 laudis
1291 920 1435 998 cupidior.

96 1013 169 1086 Vale,
192 1010 249 1071 Vir
271 1009 470 1085 nobilissime,
494 1028 619 1090 meaque
643 1011 698 1072 tibi
722 1009 822 1072 studia
845 1009 1053 1073 commendata
1076 1008 1161 1070 habe.

168 1098 372 1164 idibusDec.
400 1095 495 1162 1597.

382 1187 561 1251 Nobilitetis
585 1196 617 1250 et
638 1187 857 1268 Magnitudinis
880 1185 963 1248 Tuae
986 1186 1149 1250 Reverent.

748 1281 750 1288 ’
827 1275 873 1339 Μ.
898 1275 1039 1339 Jounreee
1058 1273 1233 1358 Kepima,

610 1364 666 1428 ΙΙΙΙ.
693 1363 814 1448 Styriae
838 1364 1001 1428 Procerum
1022 1366 1056 1426 in
1080 1363 1247 1448 anasio
1272 1360 1438 1425 Graccenei

912 1453 1158 1516 Mathematicus.
1200 1449 1204 1456 ’

149 1627 309 1694 (Inscriptiot
328 1627 392 1678 Viro
409 1625 565 1680 taudiniaco
584 1634 611 1680 et
627 1627 792 1692 amplissimo,
811 1629 917 1682 Domino
936 1629 1049 1694 Tychoni
1065 1628 1150 1680 Brahe
1168 1627 1258 1687 Dauo,
1276 1627 1437 1680 Mathemati-

90 1715 159 1751 cornm
176 1701 293 1766 Principi‚
315 1700 351 1752 ad
368 1713 466 1750 manus.
505 1699 533 1750 ln
553 1698 751 1762 Deunenrarck.)
1021 1761 1025 1766 Ι

148 1771 248 1835 Tycha,
268 1773 369 1838 gratiss
388 1785 485 1838 agens,
503 1773 631 1837 epistelam
648 1772 772 1828 reddidit,
790 1786 863 1838 quam
881 1779 961 1823 totam
978 1773 1019 1824 hic
1036 1773 1193 1824 inserendam
1211 1787 1357 1830 censemus,
1383 1787 1439 1823 cum

88 1859 129 1894 mn
153 1850 252 1894 tantm
279 1845 345 1894 insit
373 1842 497 1908 helnonis
520 1844 672 1895 celeberrimi
697 1849 750 1894 tum
774 1845 891 1908 temporie
915 1846 1049 1896 astronomi
1074 1843 1106 1894 de
1124 1845 1233 1910 Kepleri'
1246 1845 1348 1908 iuvenili
1366 1858 1439 1908 opera

87 1916 209 1978 judicium.
227 1915 274 1966 ssd
294 1917 375 1966 etiam
393 1917 559 1967 astronomica
576 1916 699 1980 quaedam
718 1915 749 1966 de
766 1917 872 1966 motibus
889 1917 1063 1982 planetarum,
1087 1922 1114 1967 et
1132 1918 1163 1967 de
1180 1917 1236 1974 illa,
1263 1931 1338 1980 quam
1355 1915 1438 1967 Ptole·

88 2001 178 2044 mus,
206 1986 363 2051 Caperuicm
381 1993 408 2036 ct
424 1985 536 2036 Braheus
554 1988 608 2051 ipre
625 1981 769 2038 statuerunt
783 1988 868 2038 mundi
885 1989 999 2047 ratione,
1027 1988 1114 2054 quihus
1138 2003 1182 2053 per
1206 2003 1232 2038 se
1253 1997 1279 2038 et
1294 1994 1394 2052 propter
1411 1989 1438 2039 te*

88 2057 143 2108 haud
168 2057 362 2108 mmeramme
395 2057 495 2108 additae
525 2065 584 2110 eunt
606 2059 780 2110 mactationes
807 2059 909 2124 Kepleri
938 2060 964 2110 in
991 2061 1104 2125 margine
1131 2059 1250 2123 epistolae
1280 2059 1438 2122 Tyohouicae

88 2143 152 2180 mauu
166 2130 267 2194 propria
286 2129 431 2194 adscriptae
450 2125 523 2193 (quas
542 2131 660 2194 appositis
677 2129 754 2180 literis
773 2143 842 2180 a-u
860 2131 998 2182 addidimus
1017 2137 1102 2182 annot.
1124 2127 1177 2189 1³).

145 2201 215 2252 Haec
228 2207 318 2251 autern
330 2209 390 2250 suut
400 2201 476 2250 rerba
487 2199 627 2264 Tychonis:
647 2200 673 2254 S.
683 2201 711 2252 Ρ.
726 2201 895 2252 Eruditissime
908 2209 934 2252 et
944 2198 1155 2267 praestantissime
1165 2201 1226 2258 Vter
1244 2201 1333 2251 literae
1346 2207 1407 2251 tuse
1425 2215 1441 2252 a
1459 2219 1462 2231 ’

88 2271 212 2334 styriam
232 2271 299 2322 Dec.
320 2273 452 2335 superioris
477 2273 536 2322 anni
564 2273 597 2323 ad
619 2288 659 2322 me
678 2274 754 2324 datae
772 2274 840 2323 circa
857 2275 928 2324 initia
945 2273 1031 2324 Martii
1048 2290 1092 2338 per
1110 2274 1264 2324 tabellarium
1282 2272 1440 2323 Helmetadio

88 2344 212 2394 resim
231 2343 294 2394 mihi
312 2343 428 2394 redditae
446 2349 519 2400 eunt,
541 2358 605 2410 quae
627 2351 726 2408 praeter
743 2345 880 2396 doctrinam
901 2351 927 2396 et
944 2346 1126 2396 humanitatem
1143 2345 1295 2410 singularem
1312 2357 1373 2409 erga
1389 2358 1438 2398 mc.

87 2417 136 2464 iicet
152 2415 194 2464 h'hi
211 2415 244 2466 dc
263 2416 334 2466 facie
352 2416 465 2480 ignotum
482 2421 509 2464 et
526 2415 599 2482 louge
619 2416 740 2474 dissitum,
759 2422 887 2467 testantur
904 2417 1108 2474 heuciolmtiam,
1126 2432 1173 2482 quo
1193 2417 1268 2468 etiam
1281 2417 1379 2466 nominc
1392 2415 1437 2465 tibi

88 2487 169 2551 gratas
186 2486 277 2536 haheo.
316 2486 420 2536 Librum
439 2491 516 2543 tuum,
535 2502 607 2551 quem
625 2486 784 2538 Prcdrommrr
802 2503 875 2538 rocas
894 2488 1092 2539 &sanationum
1104 2489 1369 2554 cosmographicorum,
1385 2490 1439 2550 jam

89 2564 154 2606 mus
170 2558 291 2614 uideram,
313 2563 341 2606 et
358 2563 478 2621 quantum
497 2558 562 2608 aliae
580 2559 756 2622 occupationes
774 2559 888 2620 ferebant
905 2560 1065 2626 perlegeram.
1094 2558 1181 2610 Placet
1199 2561 1220 2608 is
1238 2573 1299 2610 sene
1317 2575 1367 2608 uon
1384 2573 1438 2608 me-

88 2628 199 2684 diocriter,
217 2635 245 2678 et
263 2629 363 2694 ingenii
381 2629 417 2678 tui
436 2641 542 2678 acumen
560 2643 686 2695 sagaxque
704 2631 813 2681 studium
830 2646 879 2680 non
897 2632 1000 2682 obscure
1010 2632 1069 2686 hinc
1081 2631 1194 2682 elucent:
1214 2636 1242 2680 nt
1254 2631 1285 2680 de
1297 2629 1360 2692 style
1373 2635 1438 2680 terso

89 2711 113 2748 ec
128 2701 229 2750 rotundo
247 2700 314 2750 nihil
335 2699 425 2748 dicam.
462 2699 596 2765 Ingeniosa
613 2707 680 2751 certe
698 2709 725 2752 et
741 2704 870 2754 succincta
893 2709 932 2752 est
954 2703 1106 2767 speculatio,
1129 2703 1285 2766 planetarum
1308 2701 1439 2750 damnatas

88 2777 109 2818 et
124 2772 237 2822 chcnitoe
256 2772 411 2840 symmetriis
429 2771 577 2836 regularium
597 2787 740 2836 corporum,
767 2774 803 2822 uti
822 2774 897 2828 lacis,
922 2775 1090 2840 adstringere,
1114 2781 1141 2824 et
1157 2773 1262 2836 plurima
1279 2773 1304 2822 iu
1322 2773 1360 2821 lris
1378 2773 1439 2822 aaut

88 2845 212 2893 comentire
231 2843 359 2899 ridentur,
379 2857 429 2892 non
447 2843 571 2900 obstante,
590 2844 654 2908 quod
666 2845 833 2908 proportiones
843 2844 1009 2908 Gopernlceae
1027 2859 1072 2909 per
1089 2845 1173 2894 omnia
1183 2845 1209 2894 iu
1221 2843 1326 2893 minimis
1338 2842 1437 2905 quihus·

88 2927 126 2976 que
142 2913 206 2964 haud
224 2915 320 2978 ubique
339 2913 520 2977 adstipulantur
538 2910 593 2975 (a):
623 2929 680 2973 cum
704 2929 751 2966 eae
776 2917 808 2966 ab
826 2917 885 2980 ipsis
903 2919 979 2968 etiam
997 2917 1148 2980 apparentis
1166 2914 1276 2964 nonnihil
1294 2914 1438 2964 deflectant.

88 2983 158 3044 Quare
170 2986 245 3036 laudo
257 2985 410 3048 hanc-tuam
423 2987 449 3036 iu
461 2985 630 3050 excogitandis
648 2986 862 3052 perquirendisque
880 2988 971 3039 talibus
990 2987 1151 3052 diligentiam.
1178 2987 1218 3036 An
1230 2999 1342 3048 seraper
1357 2984 1440 3034 omnia

88 3056 111 3102 i'u
127 3057 336 3121 acquiescendum
354 3057 401 3116 eit,
421 3072 471 3108 uon
489 3058 526 3106 ita
543 3057 617 3108 lacile
635 3057 744 3108 dixerim.
782 3057 809 3107 Si
826 3061 932 3110 veriores
950 3059 1162 3110 ecceutricitatum
1180 3063 1338 3121 utrarumque
1350 3056 1376 3104 in
1388 3055 1438 3104 sin·

87 3127 139 3190 gulis
155 3129 263 3190 planatis
284 3129 552 3186 commensurationes,
581 3129 666 3194 quales
693 3129 800 3192 plurimis
819 3131 890 3180 annm
909 3131 1059 3195 conquisitas
1076 3131 1104 3180 iu
1121 3134 1217 3193 promtu
1238 3128 1340 3186 habeo,
1368 3125 1438 3176 adhi-

89 3199 187 3256 mutus,
206 3201 329 3263 poterurit
348 3200 525 3250 accuratiorem
543 3201 569 3248 in
588 3200 626 3250 his
644 3202 764 3251 tntiuam
781 3201 903 3252 eminere.
939 3201 1033 3252 Verum
1050 3200 1109 3250 mihi
1121 3203 1146 3250 in
1160 3199 1311 3264 complendis
1323 3205 1350 3250 et
1361 3198 1437 3250 eden-

88 3267 118 3317 dis
133 3272 191 3320 nais
209 3271 328 3334 operihus
347 3272 536 3338 uucncmicie,
564 3285 628 3336 quaa
646 3273 672 3322 in
691 3270 775 3330 Dacia
792 3273 971 3336 quedammodo
989 3273 1134 3338 imperiecta
1151 3272 1312 3336 reliqueram,
1331 3283 1437 3333 occupa·

87 3341 178 3404 &simu
195 3357 247 3393 nou
265 3343 379 3405 suppetit
395 3357 463 3392 nnnc
481 3343 566 3398 otium,
585 3356 617 3393 ea
635 3344 789 3394 accoradore
807 3344 867 3395 lima
883 3345 948 3396 inter
960 3360 987 3394 se
1000 3344 1157 3395 coclersndi:
1176 3343 1221 3392 liet
1231 3343 1277 3392 hcc
1291 3343 1354 3392 forte
1366 3340 1438 3391 alies.

88 3409 206 3462 iterun
223 3420 251 3464 te
268 3415 335 3464 scira
346 3413 420 3462 velim
433 3410 482 3475 (b),
496 3414 696 3466 ecceutricitates
709 3415 775 3478 ipsas
787 3417 914 3479 utriusque
925 3416 997 3476 illiue,
1017 3421 1046 3464 nt
1057 3415 1093 3464 sic
1104 3428 1171 3466 nuno
1183 3415 1277 3478 loquar,
1298 3413 1439 3469 eccentrici,

16 3511 17 3514 =
88 3497 138 3546 turs
156 3483 308 3548 Coperuicus
327 3484 400 3548 paulo
420 3485 492 3536 aliter
509 3481 652 3542 ex'cusarit,
681 3499 731 3536 nou
749 3485 840 3535 hahere
860 3501 903 3536 eas
922 3488 1077 3538 adinvicem
1095 3487 1275 3550 praporu'ones,
1294 3484 1441 3534 ntuuasit

88 3553 176 3604 medos
194 3558 364 3619 tertiaparsr
394 3555 471 3605 veluti
489 3571 519 3606 er
536 3556 679 3608 Ptolemaeo
697 3557 718 3606 ia
736 3555 844 3608 deduxit.
881 3557 976 3608 Neuter
992 3573 1049 3608 sero
1068 3571 1153 3608 eorum
1171 3557 1365 3608 demonstratum
1382 3554 1439 3605 reli·

88 3627 138 3687 quit-
171 3625 222 3677 Sed
239 3627 307 3678 haec
327 3627 403 3676 aliam
421 3628 485 3678 inter
502 3643 529 3678 sc
546 3627 642 3678 habent
659 3629 780 3678 rationem
798 3635 824 3678 et
842 3629 867 3678 in
886 3629 988 3694 singulis
1005 3629 1103 3678 variant
1121 3625 1168 3690 (c).
1205 3626 1294 3691 Neque
1309 3628 1376 3676 euim
1388 3632 1439 3676 tres

88 3698 240 3760 samychise
258 3699 455 3754 ohservationes,
472 3705 529 3750 utut
546 3701 611 3750 inter
628 3713 655 3749 sc
672 3700 698 3748 in
717 3700 857 3750 ecccntrico
876 3697 952 3764 (quad
969 3697 1094 3764 praestat)¹
1112 3705 1240 3754 remorae,
1258 3697 1387 3748 sufficiunt
1406 3696 1439 3746 ad

16 3795 17 3800 =
88 3768 150 3816 tuum
166 3771 321 3833 superiorum
338 3769 494 3833 planetarum
513 3784 627 3838 apogaea
646 3767 722 3834 (quae
740 3771 816 3820 stiam
834 3785 884 3820 nen
902 3774 988 3834 paucis
1006 3771 1122 3836 gradihus
1141 3777 1193 3820 tam
1215 3770 1335 3832 alphonsi
1363 3783 1438 3834 quam

88 3835 204 3900 Gopemtei
220 3841 321 3906 placita
339 3840 442 3890 coelitus
461 3837 575 3903 eludunt)
595 3848 621 3892 ct
639 3843 836 3892 ecceotricitates
854 3843 940 3892 ambas
959 3843 992 3892 ad
1012 3843 1127 3892 asuuseim
1146 3841 1319 3898 cmdcaudas3
1338 3839 1382 3890 sed
1394 3854 1438 3904 per

89 3917 155 3960 totum
172 3914 238 3963 orbis
257 3913 389 3964 circuitum
407 3915 433 3962 iu
451 3913 559 3977 piurimis
576 3913 636 3964 locis
654 3913 717 3964 haec
736 3913 887 3977 experiunda
902 3915 1005 3964 veniunt
1024 3910 1083 3974 (d),
1110 3912 1184 3962 veluti
1213 3928 1230 3963 a
1254 3912 1324 3962 nohis
1341 3926 1436 3976 quoque

89 3980 170 4032 lactum
188 3992 242 4040 ests
262 3984 336 4040 adeo,
354 3988 385 4033 ut
402 3985 478 4036 etiam
495 3984 631 4051 tardigradi
648 3984 713 4034 illius
726 3983 827 4034 Saturni
845 3985 973 4036 circuitum
992 3985 1208 4048 expectaverimua
1245 3983 1312 4034 Nam
1331 3983 1437 4036 eundern

89 4049 130 4102 Seli
146 4055 171 4104 iu
189 4056 238 4109 Ω
259 4057 401 4119 oppositum
419 4063 477 4106 ante
496 4071 574 4108 annos
592 4053 626 4104 29
644 4057 774 4121 anguem
792 4054 977 4106 vindelicorum
994 4055 1124 4122 diligenter
1150 4055 1293 4116 observari,
1320 4054 1437 4121 quemad·

89 4125 175 4176 modurn
193 4134 219 4176 et
237 4141 322 4183 nunes
351 4128 389 4176 uti
408 4127 483 4176 &aar
500 4129 526 4178 ln
544 4127 693 4196 intermediis
712 4126 866 4190 aorouyohiia
884 4127 1095 4192 dispceidouihue,
1113 4133 1233 4191 quotquot
1249 4126 1343 4176 hahere
1360 4125 1438 4190 licuit.

89 4194 110 4243 iu
132 4203 181 4246 toto
208 4198 305 4247 boreali
331 4199 502 4257 semicirculo,
531 4200 603 4250 nullis
627 4199 725 4248 omuino
742 4200 929 4262 praetermissis.
966 4198 1182 4260 Quemadmodum
1201 4199 1278 4248 etiam
1294 4198 1321 4247 in
1338 4197 1439 4262 reliquis

90 4264 171 4317 duetus
186 4269 317 4333 planetis,
343 4283 445 4332 quorum
462 4271 578 4320 circuitus
595 4271 682 4320 minori
701 4269 823 4320 clauditur
840 4269 958 4334 tempore.
993 4269 1080 4321 Habeo
1100 4271 1208 4319 enimin
1227 4275 1326 4332 promtu
1344 4263 1377 4316 ³5
1392 4281 1437 4316 an·

90 4351 164 4388 mrum
181 4340 369 4390 observationes
388 4340 505 4390 coelestes
523 4338 561 4402 (e)
579 4341 637 4391 inde
655 4341 687 4390 ab
706 4339 874 4392 adolescentia
892 4341 990 4392 lactas:
1009 4354 1111 4405 quarum
1129 4337 1163 4391 25
1175 4341 1322 4404 posteriores
1344 4351 1437 4401 magua

90 4412 237 4460 mamone
255 4410 371 4474 pollent:
398 4425 459 4474 quaa
485 4427 568 4463 omnes
596 4427 644 4461 non
663 4411 768 4478 vulgaris
787 4412 895 4463 thesauri
913 4413 967 4462 loco
987 4425 1120 4468 conservo,
1149 4417 1175 4460 et
1196 4411 1253 4462 hinc
1272 4407 1437 4460 astronomiae
1537 4453 1541 4461 ,

91 4483 286 4532 manticam
304 4481 402 4530 molior.

150 4551 184 4602 Ut
204 4564 264 4603 sero
288 4552 320 4602 de
340 4550 424 4601 Marte
447 4553 535 4619 aliquid
558 4554 662 4618 exempli
684 4553 739 4604 loco
763 4553 872 4610 addam,
901 4567 957 4602 cnm
985 4554 1007 4603 ir
1026 4552 1159 4602 mammam
1177 4553 1275 4618 ingerat
1292 4547 1435 4598 maiomam

91 4628 154 4686 utque
170 4625 235 4674 inter
253 4623 354 4673 caelum
374 4627 401 4671 et
417 4623 512 4676 tabulas
530 4627 722 4689 discrepantiam
741 4625 829 4675 ceteris
848 4623 1039 4681 evidentiorem,
1068 4624 1134 4672 scias
1158 4629 1255 4673 tautum
1278 4619 1379 4670 amas.
1406 4619 1436 4664 lit

92 4695 136 4754 qm
162 4697 338 4746 mentiti&
363 4693 398 4746 ‘il
424 4695 499 4744 minor
521 4698 619 4750 reddita
643 4695 727 4762 (prout
753 4695 829 4746 voluit
847 4695 1012 4760 copemieus.
1039 4709 1087 4760 quo
1104 4707 1164 4745 suae
1182 4685 1350 4758 imag'naticni
1368 4683 1435 4733 circe

92 4765 186 4827 meum
203 4765 269 4820 Solis
287 4764 370 4816 fldem
386 4761 498 4828 iaceret),
516 4775 544 4820 ut
560 4769 642 4834 potine
660 4781 726 4824 uuna
745 4765 870 4834 aliquanto
889 4769 968 4838 maior
986 4767 1026 4824 sit,
1046 4778 1120 4832 quarn
1131 4777 1171 4824 ea,
1189 4775 1251 4829 quac
1265 4753 1434 4809 tl’ttltmtt
