3586 5518
745 214 827 282 ⁰⁸1²*
842 211 938 269 mlle
1454 213 1517 284 167

148 373 300 439 bium
323 395 345 440 a
368 375 486 450 Terra,
515 394 591 456 quae
615 375 782 440 Ptolemaei
814 376 914 440 seculo
943 381 976 437 et
1002 393 1079 455 quae
1107 379 1211 438 nostro
1239 373 1378 450 fuerunt,
1409 377 1515 446 eodem

149 463 295 526 deducam
318 471 418 545 atque
442 483 481 528 ex
503 464 635 544 utrisque
660 465 787 528 eandem
801 486 821 527 a
835 463 907 528 Sole
922 463 1178 526 eoceutricitatem
1195 463 1383 526 concludere.
1418 466 1514 547 Atqui

150 551 296 616 calculum
318 554 468 628 consule,
497 553 612 616 videbis
636 553 693 614 hoc
717 572 794 629 nou,
824 563 857 616 ut
879 572 935 634 par
958 563 1039 628 erat,
1072 551 1145 614 fieri.
1193 552 1410 632 Discrepantes
1434 555 1514 618 enim

149 641 275 704 invicem
308 642 494 722 provenient
524 643 617 706 etiam
649 640 769 720 ἀφηλιοι
800 643 1053 706 eecentricitates.
1101 641 1185 704 Idem
1213 641 1249 704 de
1278 641 1352 704 locis
1383 639 1514 720 α’φηλιωυ

149 730 259 794 dictum
283 739 371 801 esto.
396 731 469 812 quia
491 731 565 794 haee
588 738 691 794 mutuo
715 751 852 794 connexa
874 741 955 796 suut.
1002 733 1105 811 Atque
1128 729 1184 793 hoc
1208 750 1296 793 unum
1319 739 1377 794 est.

233 819 357 883 Deinde
382 819 472 882 facile
496 819 647 900 colligitur
670 839 708 882 ex
730 829 856 900 aspectu
879 821 1012 894 tabulae,
1037 839 1103 882 cum
1127 819 1325 900 inaequaliter
1347 820 1514 900 procedant

149 907 372 986 actuasset
395 908 526 988 ἀπογιια,
552 928 692 990 magnam
715 910 785 973 inde
809 929 951 974 successu
975 910 1143 972 seculomm
1166 909 1345 972 exstituram
1368 908 1514 988 inampu-

148 1019 240 1075 urwr
272 997 495 1062 diversitatem.
547 999 644 1061 Hodie
675 997 800 1062 Saturni
833 1007 864 1062 et
892 998 1022 1062 Telluris
1054 999 1175 1062 absides
1208 1016 1315 1080 prope
1334 999 1512 1079 conjunctae

148 1095 226 1160 sunt,
252 1105 349 1167 quare
371 1088 493 1166 integra
516 1087 646 1151 Telluris
669 1088 897 1152 eccentricitate
919 1088 1017 1150 minor
1039 1096 1089 1150 est
1113 1087 1237 1150 Saturni
1261 1108 1279 1150 a
1303 1096 1406 1152 centro
1430 1087 1511 1151 orbis

149 1176 327 1250 Terrestris,
352 1195 442 1258 quam
465 1197 484 1238 a
507 1175 590 1250 Sole,
615 1178 772 1240 distantia.
819 1178 877 1241 Ubi
902 1178 1069 1258 quadrante
1093 1176 1268 1250 distiteriut,
1295 1176 1429 1258 aequalis
1454 1177 1513 1242 erit

149 1273 275 1346 utraqm
299 1273 334 1326 et
359 1287 379 1327 a
402 1264 473 1328 Sole
502 1273 534 1328 et
561 1285 580 1326 a
604 1267 711 1342 Terra,
745 1275 862 1330 crescet
889 1285 996 1347 nempe
1021 1263 1187 1347 Oopernico
1215 1285 1272 1328 sua
1299 1265 1510 1330 eccentricitaa

149 1353 295 1418 Saturnia
319 1372 414 1434 usque
438 1355 507 1416 dum
531 1363 721 1433 opponentur
744 1354 872 1420 invicem
892 1355 1014 1418 Saturni
1038 1362 1070 1418 et
1088 1353 1218 1418 Telluris
1241 1354 1374 1417 absides.
1413 1352 1511 1426 Quem

150 1444 187 1506 sd
209 1450 354 1506 eventum
378 1443 437 1506 etsi
460 1443 586 1506 mundus
611 1463 668 1508 oon
692 1444 831 1510 durabit:
862 1452 962 1508 tamen
992 1445 1017 1506 si
1045 1445 1182 1524 perfecta
1205 1452 1290 1504 esset
1312 1443 1509 1518 astronomia,

149 1533 224 1596 tales
248 1531 384 1596 debebat
410 1531 593 1613 hypotheses
622 1551 783 1612 usurpare,
818 1553 894 1613 quae
923 1534 1009 1614 quasi
1037 1541 1160 1596 aeterno
1189 1531 1298 1594 mundo
1326 1531 1507 1598 sufficerent

148 1621 241 1700 Atqui
264 1621 341 1684 nihil
364 1623 468 1684 horum
492 1630 595 1684 mouet
617 1642 712 1702 neque
736 1620 920 1703 Gopemicus
944 1641 1039 1704 neque
1062 1621 1282 1684 Rheinholdus.
1324 1619 1394 1682 Nou
1417 1621 1509 1702 igitur
1547 1641 1551 1648 ·

148 1709 361 1786 perfectissimi
386 1719 456 1772 sunt
479 1729 581 1774 eorum
604 1711 733 1786 numeri,
763 1730 857 1793 neque
882 1712 1016 1791 integras
1040 1711 1229 1791 planetamm
1252 1709 1398 1789 sphaerae
1421 1709 1508 1774 uobis
1544 1735 1547 1742 ¹

147 1797 316 1878 explicant,
341 1798 449 1879 quibus
471 1797 545 1894 illos
563 1818 649 1862 seros
671 1807 771 1864 motus
795 1801 932 1864 accidere
954 1819 1045 1880 posse
1069 1799 1285 1880 intelligamus.

125 1914 128 1925 ·
232 1887 321 1950 Haec
343 1895 377 1950 et
399 1887 569 1969 hujusmodi
595 1887 706 1952 similia
733 1909 800 1952 eum
827 1909 873 1952 rue
902 1890 1034 1953 nonnihil
1066 1889 1298 1958 conturbarent,
1331 1893 1423 1968 atque
1451 1905 1507 1966 ego

147 1978 302 2040 haererem
328 1977 416 2056 inops
445 1977 575 2051 consilii,
609 1978 694 2058 quasi
729 1979 779 2059 qui
812 1979 957 2059 disjectas
986 1978 1149 2042 autumatis
1180 1978 1295 2040 rotulae
1319 1976 1349 2038 in
1374 1974 1507 2040 ordinem

146 2065 284 2144 redigere
307 2067 421 2141 nescit,
452 2066 635 2128 Maestlinns
658 2086 706 2128 me
729 2069 916 2144 consolatus,
946 2067 1004 2130 imo
1028 2068 1205 2130 dehortatus
1229 2072 1276 2127 est
1299 2064 1337 2127 ab
1361 2065 1407 2126 his
1432 2064 1505 2126 sub-

145 2154 331 2218 tilitatibus:
360 2155 428 2217 Non
448 2173 539 2234 posse
558 2174 622 2231 nos,
646 2156 759 2236 ajebat,
785 2176 888 2220 omnes
913 2165 1038 2220 naturae
1063 2157 1221 2220 thesauros
1245 2153 1423 2217 exhaurire:
1448 2172 1505 2214 non

143 2245 324 2306 mouendum
348 2263 417 2308 esse
441 2244 552 2306 malum
574 2245 653 2308 bene
679 2245 852 2309 conditum:
878 2253 910 2308 et
932 2246 1119 2318 tolerandam
1142 2244 1243 2326 potius
1268 2251 1357 2323 atque
1382 2249 1505 2304 susten-

141 2331 268 2396 tandam
291 2332 491 2396 levaminibus
515 2333 693 2414 quibusdam
717 2335 793 2396 hane
816 2335 910 2398 veluti
933 2343 1086 2415 mpturam
1105 2332 1226 2398 humani
1245 2331 1391 2412 corporis,
1416 2349 1506 2412 quam

141 2428 176 2484 ut
198 2429 264 2482 tam
286 2421 441 2502 exquisita
463 2429 603 2484 anatome
632 2422 810 2503 conjiciatur
836 2443 929 2504 aeger
956 2425 985 2486 iu
1013 2422 1293 2504 praesentissimum
1316 2421 1397 2483 vitae
1421 2419 1505 2500 peri-

140 2510 251 2574 culum.
289 2510 472 2574 Proierebat
493 2509 564 2574 mibi
588 2513 757 2592 exemplum
779 2513 911 2587 Rhetici,
935 2531 1094 2594 curamque
1119 2511 1183 2592 ejus
1206 2512 1397 2590 adunguem
1420 2528 1505 2570 meae

112 2575 284 2660 lumiliter
313 2600 464 2662 curiosam
492 2607 524 2662 et
551 2600 757 2680 increpantem
787 2622 840 2681 pro
870 2622 902 2664 se
927 2600 1136 2683 Copernicum.
1182 2599 1325 2679 Epistola
1348 2605 1396 2660 est
1418 2597 1504 2660 Rhe·

141 2688 195 2750 tici
217 2687 414 2767 Epherneridi
444 2689 513 2750 anni
540 2685 619 2754 1551
654 2691 801 2770 praelixa,
833 2711 909 2771 quae
937 2693 1008 2772 quia
1034 2709 1093 2755 nou
1121 2690 1235 2771 passim
1265 2696 1315 2750 est
1342 2686 1444 2760 obvia,
1475 2694 1506 2748 et

139 2785 241 2838 totum
264 2778 322 2840 hoc
345 2786 438 2857 capnt
460 2777 563 2840 multis
587 2778 661 2840 locis
690 2779 810 2842 mirifice
833 2781 942 2860 juvat,
974 2780 1138 2860 praecipua
1164 2778 1234 2840 iude
1261 2795 1316 2856 pro
1340 2775 1504 2856 colophone

139 2865 210 2929 hnic
234 2866 328 2945 capiti
353 2866 543 2946 subjungam.
582 2867 635 2930 Sic
654 2868 746 2948 igitur
758 2867 907 2932 Rheticus
927 2869 966 2932 ad
989 2870 1134 2932 lectorem
1152 2869 1231 2930 inter
1250 2875 1373 2926 cetera:
1404 2861 1521 2938 „Suas-

138 2963 243 3018 autem
268 2951 488 3034 (Cupernicus)
511 2955 727 3034 exquisitiones
749 2959 926 3028 mediocres,
951 2978 1008 3020 non
1033 2958 1140 3020 nimias
1164 2975 1232 3018 esse
1254 2953 1358 3016 voluit.
1397 2954 1504 3030 ltaque

136 3045 299 3118 consulto,
328 3063 386 3106 nou
420 3045 530 3106 inertia
563 3053 616 3107 aut
643 3047 744 3108 taedio
773 3047 1001 3128 defatigationis
1031 3065 1083 3110 eas
1111 3043 1359 3108 comminutiones
1383 3039 1503 3113 vitavit,

137 3153 215 3215 quas
239 3133 374 3196 nonnulli
398 3133 491 3196 etiam
514 3135 713 3215 affectarunt,
743 3145 774 3198 ct
800 3145 870 3199 sunt
895 3138 944 3215 qui
972 3137 1115 3216 exigant,
1144 3133 1242 3215 qualis
1267 3140 1316 3193 est
1338 3127 1502 3192 Purbachii

136 3223 167 3284 in
188 3223 349 3302 eclipsinm
371 3223 485 3286 tabulis
504 3223 669 3288 subtilitas.
703 3224 820 3288 Videas
840 3233 942 3288 autern
966 3225 1112 3306 quosdam
1134 3225 1164 3287 in
1188 3223 1236 3285 his
1260 3239 1377 3282 omnem
1401 3238 1503 3282 curem

136 3329 260 3390 ponere,
287 3319 321 3374 ut
344 3313 433 3390 plane
457 3313 630 3392 scrupulose
654 3315 722 3377 loca
744 3314 875 3376 sidemm
896 3323 1075 3389 scrutentur,
1101 3313 1150 3394 qui
1175 3313 1244 3374 dum
1267 3307 1447 3372 secuudauis
1472 3316 1504 3370 et

137 3400 294 3474 tertianis,
318 3400 485 3480 quartanis,
511 3402 663 3481 quintanis
686 3402 817 3466 minutiis
841 3404 968 3479 inhiant,
993 3399 1264 3483 integrasinterim
1283 3407 1387 3479 partes
1409 3415 1502 3476 prae·

137 3495 261 3552 tereunt
292 3508 388 3570 neque
413 3490 595 3568 respiciunt;
629 3493 713 3553 etin
737 3493 896 3555 momentis
919 3515 979 3556 rora
1001 3513 1185 3569 paraeneseos
1208 3507 1298 3570 saepe
1323 3487 1418 3561 horis,
1444 3505 1502 3547 nou

137 3579 231 3640 etiam
254 3597 407 3659 nunquam
431 3578 536 3641 diebus
563 3581 638 3642 totis
666 3581 819 3644 aberrant.
867 3583 932 3644 Hoc
960 3581 1098 3644 nimirum
1126 3587 1192 3650 est,
1225 3578 1304 3659 quod
1332 3578 1362 3638 iu
1391 3573 1502 3637 fabulis

137 3667 301 3748 Aesopicis
324 3667 359 3729 lit
381 3667 420 3729 ab
444 3687 489 3742 eo,
515 3670 563 3748 qui
587 3671 687 3750 jussus
709 3670 817 3732 bovem
840 3671 983 3748 amissum
1006 3671 1164 3744 reducere,
1190 3668 1260 3729 dum
1284 3665 1408 3735 aviculis
1433 3663 1501 3744 qui·

136 3755 265 3820 busdam
290 3756 451 3837 captandis
476 3758 595 3834 studet,
628 3777 724 3839 neque
753 3759 800 3821 his
830 3760 945 3839 potitur
978 3767 1009 3821 et
1041 3759 1117 3821 bove
1150 3759 1242 3820 etiam
1264 3755 1331 3835 ipso
1354 3755 1501 3834 privatur.

138 3845 295 3910 Recordor
319 3866 387 3909 cum
411 3852 444 3907 et
466 3846 530 3928 ipse
549 3847 677 3926 juvenili
702 3849 879 3912 curiositate
903 3849 1089 3929 impellebar,
1115 3856 1146 3910 et
1169 3845 1256 3928 quasi
1280 3844 1309 3906 in
1333 3841 1504 3924 penetralia

139 3935 270 4000 siderum
297 3935 456 4018 pervenire
485 3935 651 4017 cupiebam.
699 3937 805 4020 Itaque
838 3939 875 4000 de
907 3939 964 4000 hac
997 3937 1195 4018 exquisitione
1226 3933 1377 3996 interdurn
1410 3930 1502 3994 etiam

139 4025 259 4090 rixabar
284 4044 353 4088 cum
377 4025 490 4105 optimo
514 4034 546 4088 et
568 4027 698 4090 maximo
713 4028 778 4090 viro
794 4025 970 4108 Copernico.
1009 4025 1071 4090 Sed
1094 4028 1156 4096 ille,
1179 4044 1246 4086 cum
1270 4023 1388 4104 quidem
1413 4019 1502 4084 animi

141 4117 195 4178 mci
217 4115 351 4178 honesta
375 4114 541 4195 cupiditate
566 4116 785 4190 delectaretur,
815 4116 900 4180 molli
926 4117 1049 4179 brachio
1074 4117 1233 4197 objurgare
1257 4131 1304 4174 me
1333 4119 1365 4173 et
1386 4109 1502 4172 hortari

139 4205 271 4280 solebat,
302 4213 338 4267 ut
361 4222 485 4266 manum
508 4205 600 4267 etiarn
623 4205 660 4267 de
684 4207 790 4268 tabula
818 4207 926 4270 tollere
950 4207 1114 4268 discerem:
1152 4202 1239 4284 Ego,
1268 4199 1384 4281 inquit,
1414 4201 1441 4262 si
1464 4199 1503 4260 ad

139 4303 305 4363 menas.
331 4311 412 4374 quae
436 4300 507 4355 sunt
529 4295 670 4374 sompnla
692 4295 806 4368 decem,
830 4296 992 4358 veritatem
1011 4294 1160 4356 adducere
1181 4299 1297 4373 potero,
1323 4308 1382 4351 uon
1405 4287 1502 4350 miuus

139 4385 277 4447 exultabo
303 4381 427 4456 auhnis,
452 4402 540 4463 quarn
564 4383 680 4446 ratione
705 4403 827 4446 normae
851 4393 973 4465 reperta
991 4383 1197 4465 Pythagoram
1221 4380 1401 4460 accepimus.
1439 4374 1502 4435 Mi-

139 4483 218 4537 raute
251 4493 302 4537 me
333 4479 368 4534 et
398 4470 594 4550 annitendum
621 4491 690 4535 esse
720 4473 757 4534 ad
782 4473 914 4536 certiora
936 4473 1074 4548 dicente,
1108 4473 1164 4533 huc
1189 4469 1307 4551 quidem
1331 4483 1396 4527 cum
1421 4461 1501 4524 diffi-

138 4565 244 4628 cultate
269 4564 369 4626 etiam
395 4569 574 4640 perventum
597 4561 633 4624 iri
658 4561 895 4636 demonstrabat,
921 4581 987 4626 cum
1011 4561 1088 4636 aliis,
1114 4567 1176 4623 tunr
1193 4559 1289 4622 tribus
1312 4551 1501 4634 potissimum

138 4653 306 4717 decausis.
348 4649 470 4712 Hamm
492 4649 621 4730 primaru
644 4671 713 4713 esse
737 4651 849 4731 ajebat,
874 4651 953 4732 quod
974 4647 1235 4722 animadverteret,
1260 4644 1430 4740 plerasque·
1444 4635 1500 4698 ob-

137 4743 324 4808 seruationes
341 4747 485 4801 veterum
504 4738 640 4802 sinceras
660 4759 719 4802 non
734 4759 811 4816 esse,
836 4742 891 4804 sed
914 4740 1158 4804 accommodatas
1182 4735 1220 4797 ad
1246 4748 1312 4794 cam
1336 4725 1501 4787 doctrinam
