3718 5520
733 281 891 348 reserasse
908 283 1059 337 mamm.
1511 287 1575 356 431

220 445 366 519 permeet,
389 437 467 502 alius
490 437 607 502 tardius
630 437 662 502 io
685 437 879 520 proportione
902 439 1088 506 harmonice.
1132 439 1211 508 Sunt
1235 443 1346 508 etenim
1370 445 1427 508 hae
1450 423 1587 512 iatiooes

220 527 403 604 variabiles,
436 545 491 590 nec
516 545 608 608 saepe
631 527 782 604 inciduot3
812 528 893 592 idem
916 529 995 592 euim
1018 531 1144 611 planeta
1165 552 1242 597 nune
1266 533 1393 598 celerior
1417 545 1483 612 est,
1508 558 1585 601 nouo

221 615 347 680 tardior.
394 613 458 678 Sed
483 616 559 678 haec
582 624 684 680 tamen
708 617 747 680 ab
771 618 959 696 experientia
981 620 1110 684 nondum
1135 623 1312 686 confirmata
1335 632 1415 699 suot,
1439 644 1494 689 oec
1514 627 1584 690 dum

222 705 382 770 methodus
406 704 582 782 constituta,
607 723 668 786 qua
690 705 860 787 hujusmodi
882 707 1055 772 harmoniae
1079 709 1309 792 investigentur.

761 794 896 858 Thesis
918 796 1034 860 XLIX.

310 883 519 950 Vanissimam
542 883 689 964 astrologi
712 903 835 946 eausam
857 884 947 965 hujus
970 887 1120 965 generalis
1145 887 1354 969 dispositionis
1376 910 1520 956 annorum
1546 915 1583 958 er

220 975 410 1058 ingressibus
433 971 516 1036 Solis
539 973 570 1034 iu
584 972 731 1049 Arietem,
757 979 884 1052 quatuor
907 982 1074 1054 temporum
1098 995 1135 1038 ex
1150 977 1252 1056 liguris
1267 979 1480 1059 cardinalibus,
1496 1003 1582 1046 meu-

219 1065 299 1130 sium
322 1083 361 1128 ex
383 1063 486 1143 figuris
510 1061 695 1126 lunationum
718 1069 841 1142 petunt:
866 1063 953 1143 quasi
976 1071 1095 1145 tempus
1118 1065 1289 1145 subjectum
1311 1067 1432 1149 aliquod
1460 1089 1582 1151 perma-

222 1173 295 1218 nens
320 1153 364 1216 sit
386 1161 421 1215 ot
443 1153 552 1226 homo,
586 1149 669 1230 cujus
702 1150 826 1231 genesio
859 1171 925 1216 cunr
957 1152 1076 1215 ratione
1105 1154 1255 1234 inspicere
1278 1157 1447 1236 possimus,
1470 1169 1502 1222 et
1524 1180 1582 1222 oon

207 1243 322 1326 ,potius
344 1259 417 1322 pars
440 1247 573 1304 motuum
597 1240 794 1304 coelestium:
820 1247 874 1304 aut
897 1241 984 1322 quasi
1007 1244 1103 1306 Terra
1125 1243 1211 1307 unico
1235 1255 1387 1308 momento
1408 1249 1449 1312 ad
1473 1267 1582 1312 novam

220 1339 371 1396 aestatem
402 1335 567 1410 reparetur.
614 1329 753 1392 Mutatur
780 1330 900 1410 quidem
923 1331 1017 1395 Terra
1039 1331 1078 1394 ab
1107 1332 1281 1413 aspectibus
1304 1335 1417 1415 figurae
1440 1339 1599 1414 vernalis,‘

222 1423 249 1484 si
272 1440 347 1503 quos
370 1419 426 1482 illa
446 1417 557 1493 habet,
593 1419 647 1480 sed
670 1419 722 1480 illo
746 1425 865 1482 tantum
888 1419 952 1494 die;
983 1421 1134 1484 anteactis
1167 1428 1199 1484 et
1229 1423 1423 1504 sequentibus
1451 1426 1490 1490 ab
1514 1429 1582 1490 aliis

223 1519 313 1592 atque
337 1508 424 1584 aliis,
449 1506 500 1587 qui
523 1506 628 1587 quovis
653 1507 701 1570 die
724 1506 870 1572 incidunt.
917 1507 980 1572 Sed
1009 1509 1085 1574 nibil
1113 1509 1264 1590 indignius
1292 1520 1342 1575 est
1370 1513 1401 1576 io
1424 1515 1482 1578 hee
1505 1535 1580 1597 pene

222 1600 311 1664 unica
334 1597 520 1680 quorundam
542 1597 762 1676 astrologorum
784 1615 876 1672 eura,
901 1616 991 1677 quam
1013 1598 1093 1680 quod
1116 1599 1273 1664 duodecim
1301 1601 1450 1666 domicilia
1473 1607 1580 1684 puerili

222 1689 351 1772 quadam
374 1685 553 1748 credulitate
577 1692 699 1764 praeter
723 1703 841 1748 ornnem
865 1687 1014 1750 rationem
1036 1687 1165 1752 solidam
1189 1697 1221 1752 et
1243 1689 1481 1772 philosophicam
1503 1694 1581 1760 inter

220 1785 338 1858 septem
361 1776 503 1856 planetas
526 1773 722 1850 distribuunt,
748 1774 985 1851 dominationes,
1010 1775 1258 1858 imperiorumque
1282 1789 1508 1846 momentaneas
1531 1784 1579 1846 vi·

220 1865 412 1930 cissitudines
445 1863 531 1943 quasi
552 1863 583 1926 iu
607 1863 707 1942 aliquo
730 1872 818 1926 coetu
841 1864 992 1928 homiuum
1015 1865 1207 1946 contingunt:
1238 1869 1316 1930 uude
1339 1870 1436 1932 omnis
1458 1873 1578 1953 magica

220 1965 253 2018 et
274 1952 460 2034 astrologica
482 1952 659 2032 superstitio
682 1958 750 2014 orta
773 1959 832 2016 est
878 1953 992 2016 Demus
1016 1954 1127 2016 alieubi
1150 1956 1440 2023 verisimilitudinem
1465 1961 1504 2024 ab
1520 1962 1577 2026 hac

219 2043 432 2108 distributione
456 2047 547 2116 stare,
572 2048 607 2104 ut
629 2041 657 2103 in
679 2038 821 2116 Sammo,
847 2042 894 2104 cni
916 2041 1068 2124 hyemalia
1090 2044 1179 2123 sigua
1202 2045 1330 2108 dautur:
1354 2048 1386 2111 id
1409 2056 1512 2114 tamen
1530 2059 1579 2114 est

220 2135 258 2197 ob
282 2151 392 2197 causas
416 2129 504 2205 alias,
529 2125 690 2192 et'statim
712 2129 742 2192 in
768 2129 846 2202 aliis,
871 2138 905 2192 ut
927 2131 958 2194 in
980 2132 1058 2194 Jove
1082 2132 1203 2196 vanitas
1226 2135 1371 2214 proditur.
1419 2136 1482 2200 Sed
1501 2139 1578 2204 banc

219 2241 366 2304 nugacem
388 2219 572 2300 astrologiae
595 2225 713 2299 partem
738 2219 808 2282 olim
831 2218 986 2282 Stdflerus
1019 2221 1190 2300 astrologus
1219 2223 1270 2296 (ut
1290 2224 1403 2288 nullum
1427 2227 1466 2288 ab
1489 2228 1577 2292 hoste

220 2310 433 2376 Mirandulauo
447 2303 490 2382 ¹')
514 2308 720 2371 testimoninm
750 2309 888 2388 petatur)
910 2308 1044 2390 physicis
1071 2309 1239 2374 rationibus
1266 2312 1385 2394 oblique
1417 2316 1576 2380 refutavit:

219 2399 407 2482 experientia
437 2415 509 2458 vero
538 2397 670 2478 qnotidie
701 2397 828 2468 refutet,
864 2417 931 2460 oum
961 2399 1042 2470 iutra
1073 2406 1122 2461 tot
1153 2400 1257 2463 secula
1278 2401 1330 2464 vix
1353 2403 1444 2466 ullum
1469 2405 1573 2485 aequi-

219 2489 312 2554 noctii
337 2496 452 2550 certum
475 2492 593 2566 tempus
617 2485 691 2566 ipsis
716 2485 867 2565 cognitum
898 2485 1001 2562 inerit3
1032 2494 1067 2550 ut
1092 2489 1195 2570 Tycbo
1220 2485 1320 2554 Erebe
1348 2492 1576 2558 demonstravit

217 2579 365 2658 Allegsnt
399 2575 516 2654 aliquot
547 2575 732 2654 superiorum
765 2593 908 2637 annorum
940 2576 1052 2656 figuras
1084 2577 1268 2653 cardinales,
1303 2591 1478 2660 comparent
1509 2601 1576 2646 cum

218 2667 390 2730 effectibus:
425 2682 481 2744 ego
513 2663 589 2744 ipsis
622 2663 835 2728 demonstrabo
868 2664 963 2727 lalsos
992 2665 1085 2728 fuisse
1118 2667 1147 2728 io
1173 2675 1326 2746 tempore,
1358 2688 1446 2732 varas
1476 2679 1575 2736 autem

216 2755 328 2837 liguros
352 2753 535 2818 contrarium
557 2753 628 2816 anni
646 2752 800 2832 sequentis
816 2753 1014 2833 qualitatibus
1029 2753 1211 2830 ostendisse,
1228 2757 1285 2820 bac
1301 2757 1419 2836 quidem
1433 2761 1574 2824 methodo

216 2865 296 2909 vana
318 2843 518 2908 examinatas.
563 2843 654 2906 Anno
677 2842 776 2904 suerro
801 2839 856 2904 Sol
878 2842 1018 2906 Arietem
1045 2843 1213 2923 ingreditur
1236 2841 1289 2908 20.
1314 2845 1420 2910 Martii
1442 2848 1497 2910 sub
1521 2868 1574 2912 oo·

216 2953 322 2998 casum
344 2932 441 3007 Solis,
465 2932 581 2994 omento
607 2931 685 2993 Jove
710 2931 740 2992 in
763 2929 877 2992 Libra:
911 2931 1058 3010 astrologi
1086 2933 1236 3013 putabunt
1264 2933 1393 2997 orituros
1419 2933 1573 3012 Geminos,

217 3043 256 3086 ex
276 3021 458 3086 Protenicis.
503 3021 572 3084 Non
604 3027 707 3082 tammo
739 3019 808 3082 hino
841 3020 904 3082 olla
935 3019 1084 3100 generalis
1117 3021 1298 3101 significatio
1327 3022 1433 3086 deduci
1461 3033 1574 3110 potest.

215 3113 297 3176 Nam
317 3111 437 3192 Jupiter
459 3117 567 3172 octavo
591 3108 709 3190 quidem
732 3107 849 3188 Aprilis
872 3109 953 3171 vires
977 3128 1049 3173 suas
1077 3116 1216 3184 exserat,
1245 3113 1402 3192 oppositus
1426 3111 1508 3190 Soli,
1542 3121 1609 3178 at·

219 3199 270 3265 10.
297 3198 348 3265 11.
372 3197 448 3262 Maii
471 3197 621 3264 Saturnus
643 3197 688 3260 illi
712 3197 861 3272 suecedet,
887 3197 958 3277 quia
979 3197 1006 3260 is
1029 3216 1065 3261 eo
1089 3199 1137 3262 die
1160 3198 1225 3262 Soli
1245 3201 1414 3282 opponitur.

794 3287 926 3348 Thesis
948 3287 984 3350 L.

176 3377 180 3386 '
302 3377 363 3441 Hic
395 3383 498 3440 autem
529 3374 598 3438 illas
630 3374 902 3438 vetustissimorum
935 3383 1091 3450 auctorum
1118 3375 1263 3447 Hesiodi,
1292 3377 1399 3454 Arati,
1433 3378 1573 3459 Vergilii,

201 3467 305 3531 'Plinii
330 3474 362 3528 et
385 3467 545 3530 modernas
569 3464 769 3544 agricolarum
792 3466 1070 3528 animadversiones
1094 3484 1153 3527 nou
1176 3465 1288 3546 rejicio,
1315 3467 1363 3547 qui
1387 3487 1426 3529 ex
1444 3469 1575 3534 sidsmm

214 3556 368 3620 exortibus
391 3555 498 3618 annuis
522 3562 554 3616 et
575 3554 680 3637 Lunae
705 3554 840 3618 faciebus
869 3565 940 3616 tunc
965 3555 1083 3635 quando
1116 3556 1192 3616 haec
1216 3564 1377 3619 cernuntur
1405 3559 1479 3631 (oon
1502 3575 1573 3621 vero

216 3648 311 3710 multo
335 3653 470 3726 tempore
503 3646 590 3717 ante)
614 3644 651 3706 de
684 3643 786 3708 futura
818 3643 897 3706 aeris
926 3645 1071 3725 temperie
1098 3643 1327 3708 ratiocinantur.
1375 3643 1577 3712 Consideraot

214 3736 292 3798 enim
314 3734 369 3798 illa
390 3751 450 3796 non
473 3738 597 3814 propter
621 3734 768 3812 magicam
791 3733 867 3794 coeli
891 3733 1034 3811 figuram,
1069 3752 1124 3796 uec
1151 3740 1187 3796 ut
1209 3752 1333 3797 causam
1357 3736 1475 3798 futurae
1499 3755 1573 3800 con-

214 3823 380 3889 stitutionis
405 3825 491 3898 (nam
513 3823 582 3886 aliis
607 3822 692 3885 anuis
716 3821 798 3885 aliud
821 3841 908 3884 omen
932 3823 1088 3903 capiunt),
1122 3821 1176 3884 sed
1200 3831 1233 3886 ut
1256 3824 1372 3904 signum
1392 3825 1458 3904 jam
1482 3843 1573 3906 prae-

214 3913 309 3977 sentis
345 3921 378 3976 et
410 3911 629 3996 aliquantisper
659 3911 820 3974 duraturae
853 3909 1061 3991 dispositionis
1085 3911 1250 3977 Terrestris
1283 3913 1448 3996 generalis,
1489 3916 1574 3995 cujus

215 4003 371 4084 periodum
393 4009 426 4064 et
449 4002 534 4082 leges
558 4000 635 4063 alias
658 3999 789 4080 ignorari
814 3999 971 4062 contendo.

659 4147 664 4155 .
785 4088 917 4151 Thesis
940 4088 992 4152 Ll.

300 4177 556 4242 Animadversum
586 4185 688 4240 tamen
718 4185 778 4254 ost,
811 4179 912 4241 inesse
945 4178 1066 4239 brevem
1099 4175 1253 4240 circuitum
1290 4176 1358 4240 huic
1391 4180 1572 4259 qualitatum

213 4268 426 4332 universalium
449 4265 643 4330 successioni.
689 4267 770 4330 Nam
793 4275 825 4329 et
846 4267 952 4330 rustici
976 4266 1041 4345 (qui
1063 4264 1141 4328 bano
1165 4266 1294 4330 omniurn
1317 4267 1485 4332 rectissime
1505 4269 1572 4332 cal-

213 4358 291 4433 lent)
316 4357 367 4420 nbi
391 4362 542 4419 aestatem
566 4355 699 4418 viderint
720 4356 876 4431 fervidam,
901 4354 1062 4418 admodum
1085 4355 1214 4434 rigidam
1238 4365 1402 4437 expectant
1423 4358 1571 4440 hyemem.

211 4445 254 4508 Et
276 4447 302 4509 si
325 4465 398 4527 pars
422 4445 523 4526 aliqua
545 4443 662 4526 hyemis
686 4451 791 4526 tepore
815 4462 873 4507 oon
897 4444 1028 4506 naturali
1051 4443 1211 4519 detinetur,
1238 4451 1323 4507 tanto
1347 4445 1444 4524 magis
1464 4446 1572 4508 ultima

212 4543 299 4614 parte
323 4533 419 4614 frigus
443 4539 616 4613 expectant.
661 4533 712 4595 Ita
734 4534 791 4598 hoo
814 4541 963 4614 ternpore,
988 4552 1055 4597 cum
1079 4533 1184 4616 hyems
1212 4533 1291 4596 acris
1319 4533 1480 4596 admodum
1502 4551 1569 4594 ms-

213 4628 279 4686 ture
301 4619 459 4704 ingruerit,
482 4631 632 4686 moturum
654 4621 787 4686 vicissim
809 4641 864 4686 ver
888 4621 954 4699 erit,
979 4621 1237 4686 consentientibus
1263 4620 1435 4702 aspectibus
1457 4619 1570 4701 pleris-

215 4729 281 4790 que,
304 4711 353 4793 qui
377 4730 412 4774 eo
437 4710 506 4773 anui
530 4719 665 4790 tempore
688 4710 831 4774 incidunt.
924 4766 927 4774 .
