3674 5528
693 250 729 306 da
741 252 818 311 niun
832 251 992 332 sermnem
1458 250 1527 330 w

158 409 240 492 piem
263 413 374 480 ιιιιιιιι
394 407 484 488 ponit
503 427 601 484 mum,
625 407 715 490 idque
739 409 817 472 inter
839 409 957 490 rariora
978 409 1118 492 prodigia
1136 413 1241 484 telem.
1286 413 1390 492 Nuper
1414 419 1446 479 et
1467 431 1522 483 ιο..

161 515 225 561 mes
251 496 292 572 ab
316 495 459 566 Hotnloe
476 496 578 575 junior
601 497 783 572 affirmavit,
807 517 840 564 ee
864 498 962 580 ipsum
986 519 1044 562 unu
1068 501 1113 563 iia
1134 502 1250 582 pridem
1274 507 1435 580 naama
1455 519 1528 567 enee.

159 595 263 652 tanae
285 593 403 652 motum
426 586 456 648 iu
480 586 652 654 Helleudie.
699 586 746 648 De
770 605 862 648 causa
885 595 987 654 terrae
1009 596 1142 658 motuum
1166 589 1221 656 tihi
1245 609 1309 655 nou·
1323 588 1447 668 penitae
1468 611 1521 655 ae-

161 674 287 742 seutior.
336 675 450 736 Forma
473 674 540 753 ipea
564 683 672 746 motus,
698 694 787 754 quem
809 675 977 756 perhibent,
1002 677 1159 743 reclamat.
1207 677 1435 742 concussiones
1455 697 1527 744 cese

161 763 316 838 dicuntur,
352 781 465 844 eaeque
493 763 680 843 frequentes,
715 764 865 844 etiamque
894 774 1041 830 tremores
1064 766 1214 843 interdum
1239 785 1347 828 annum
1371 766 1521 846 integrum

162 853 318 917 durantes.
367 850 448 916 Saue
472 869 620 918 cavernas
644 853 789 920 accedere
812 853 850 916 ud
875 871 986 920 causes
1011 855 1137 934 partim,
1171 874 1229 916 non
1262 863 1311 920 eet
1337 855 1521 930 incredibile,

163 942 218 1009 sed
250 941 315 1018 ita,
349 949 383 1002 ut
412 940 613 1004 cuniculorum
646 941 861 1005 ei'tefaeterum
894 960 1041 1004 cavernae
1075 953 1256 1008 concurrunt
1288 944 1330 1011 ac
1351 943 1526 1020 eversiones

162 1030 286 1106 arcium,
312 1049 373 1094 non
396 1029 474 1109 qued
499 1029 659 1095 materiam
682 1030 760 1098 arcis
785 1031 923 1110 excipere
947 1030 1096 1106 debeant,
1126 1033 1180 1094 sed
1206 1040 1238 1094 ut
1260 1033 1415 1112 pulverem
1439 1031 1522 1096 acei-

163 1117 251 1198 piant
274 1128 307 1182 et
330 1117 529 1188 concludant:
564 1127 664 1182 terrae
690 1127 822 1182 motuum
848 1137 919 1182 nero
943 1128 976 1181 et
998 1120 1201 1185 cuniculorum
1224 1120 1294 1187 mihi
1318 1123 1433 1194 caueae
1451 1137 1525 1204 per-

163 1207 279 1277 similes
303 1207 452 1270 videntur.
1392 1237 1399 1246 ·

234 1312 422 1368 Fabricius:
451 1311 489 1372 iia
505 1313 630 1369 menteuis
649 1310 711 1362 tecle
729 1311 785 1375 plus
802 1315 922 1376 riporum
944 1312 977 1364 ad
1001 1313 1080 1371 aulae
1103 1313 1289 1367 consumendas
1312 1312 1427 1377 predoui,
1452 1325 1528 1378 nutu

164 1399 194 1434 cx
212 1385 289 1442 mari.
316 1384 346 1435 iu
366 1397 396 1434 en
421 1384 465 1436 tihi
482 1398 533 1438 nnn
557 1382 687 1439 wonder.
724 1381 814 1434 Nonne
834 1397 899 1448 aque
918 1384 990 1438 eitius
1008 1385 1034 1438 in
1052 1389 1137 1444 strepa
1153 1384 1269 1452 rapidum
1287 1383 1427 1440 renclritnr,
1452 1398 1526 1450 quarn

165 1455 237 1504 arida
255 1453 300 1504 ille
317 1455 375 1506 lace
391 1453 506 1520 quidquid
526 1453 641 1504 exhalare
660 1451 783 1516 parcunt?
820 1453 850 1503 ln
867 1455 991 1504 munmms
1010 1454 1071 1504 loeis
1091 1460 1135 1504 aut
1146 1454 1249 1509 vallibus
1261 1469 1364 1520 vapores
1383 1456 1454 1505 citius
1467 1469 1525 1514 con·

164 1533 314 1592 maur,
333 1526 452 1590 quanin
471 1538 550 1589 equae
569 1523 706 1588 superficie.
958 1518 963 1528 '
1329 1559 1340 1580 ,

238 1595 314 1657 naeu
331 1599 358 1646 in
377 1596 463 1646 Deoia
481 1601 526 1646 eut
541 1596 603 1646 leda
620 1596 751 1644 maritimis
769 1595 823 1658 plus
841 1597 983 1645 manans
1002 1597 1042 1654 rit.
1062 1609 1136 1661 quam
1154 1598 1180 1646 iu
1192 1596 1321 1654 Bohemin,
1340 1595 1407 1646 hana
1425 1607 1528 1646 owen

166 1683 223 1726 m
238 1675 313 1732 puto.
341 1667 406 1732 qnod
431 1675 477 1723 ent
499 1667 594 1720 emani
611 1667 704 1722 rabien
727 1679 829 1730 vapores
847 1672 976 1726 veneram
1000 1667 1271 1732 septentrionaliumvi
1297 1667 1345 1720 ello
1364 1666 1527 1724 abducantur,

165 1745 212 1799 unt
228 1741 249 1792 el
267 1745 343 1792 noctu
370 1753 466 1796 mnam
489 1737 606 1793 decident
631 1738 659 1789 in
680 1739 761 1801 ipsam
785 1750 865 1802 aquae
884 1738 1042 1804 superficiem
1058 1739 1179 1790 incidant.
1216 1739 1246 1790 lu
1265 1739 1393 1796 montanis,
1409 1751 1470 1794 reru.
1484 1735 1526 1788 de·

165 1811 280 1862 cidentes
296 1824 399 1875 raperes
418 1824 462 1874 per
480 1815 627 1859 nocturnum
645 1807 722 1874 higna
740 1821 791 1858 ucn
808 1808 926 1860 uniuntur
944 1803 1034 1858 aientia
1052 1810 1205 1873 superficiei,
1225 1817 1324 1878 propter
1342 1808 1464 1858 diversam
1480 1821 1526 1857 aa·

165 1891 257 1938 turam
277 1895 336 1947 ergo
354 1881 388 1931 ibi
407 1881 488 1946 colligi
508 1887 534 1929 et
551 1892 654 1929 manere
671 1892 775 1929 aecem
794 1885 839 1928 est

236 1952 345 2014 Deinde,
363 1952 474 2016 quamne
493 1963 559 2016 equa
575 1951 659 2016 nagia
675 1955 736 2014 epea
754 1949 787 2002 ed
805 1950 892 2007 nubo,
911 1963 986 2015 qnam
1004 1951 1207 2008 mensuralem,
1232 1957 1292 2014 pate
1310 1958 1395 2002 minna
1413 1949 1478 2000 haec
1495 1949 1528 2000 ab

164 2022 443 2108 ιιιὴιοιιιιιῦοί,
470 2033 544 2086 quom
568 2035 672 2086 quom.
704 2021 763 2086 qaia
787 2021 850 2076 rodii
869 2021 932 2073 Solu
958 2021 998 2077 rol
1016 2029 1138 2076 morum
1159 2025 1185 2074 in
1208 2027 1276 2072 tem
1299 2021 1391 2074 ιἰιιιὶιιι
1414 2021 1527 2078 laneat

165 2108 244 2162 quam
259 2109 288 2149 in
305 2108 378 2160 equa

250 2184 460 2263 neplerus:
498 2183 669 2246 Meteera
690 2181 882 2262 potissimum
906 2200 944 2242 ex
967 2179 1120 2248 montanis
1144 2179 1335 2252 deduxeram,
1360 2177 1477 2243 rationo
1497 2183 1529 2244 et

165 2273 356 2354 experientia
388 2271 642 2337 concurrentibus.
689 2270 804 2350 Negas
851 2269 977 2356 Montes
1007 2269 1054 2332 ais
1079 2267 1235 2348 lapideos:
1270 2265 1403 2346 accipio;
1439 2273 1527 2352 tante

165 2363 303 2443 aptiores
336 2361 428 2442 igitur
459 2361 496 2423 ad
531 2359 661 2422 calorem
695 2357 868 2438 demiurgon
893 2357 1124 2432 continendum,
1159 2374 1248 2437 quam
1281 2355 1387 2420 molles
1420 2373 1527 2438 aquae.

164 2451 247 2521 nan
272 2450 338 2519 eine
361 2449 463 2523 calore
486 2449 589 2532 opifice
615 2467 674 2513 uon
688 2446 825 2528 elicietur
841 2445 1010 2513 exsudatio.
1043 2443 1186 2530 Concede
1210 2444 1267 2512 tibi
1289 2463 1378 2518 saue,
1405 2443 1431 2504 ei
1456 2462 1525 2505 mo-

165 2540 271 2602 dulum
304 2557 447 2620 vaporum
480 2537 726 2610 consideramus,
759 2554 846 2618 quem
871 2535 924 2600 Sol
948 2534 1045 2610 elicit,
1077 2534 1145 2613 pias
1178 2533 1291 2602 eiicere
1318 2534 1350 2600 io
1371 2531 1527 2612 superficie

164 2628 272 2692 marie.
320 2627 384 2702 Aa,
419 2635 562 2708 quantum
587 2633 653 2698 eet,
691 2624 886 2706 perexiguum
910 2633 976 2699 est,
1010 2642 1068 2686 non
1098 2622 1215 2702 tangit,
1250 2620 1307 2688 uisi
1331 2620 1527 2700 superficiem.

165 2715 263 2788 Quod
284 2735 357 2780 nero
382 2716 494 2778 sudent
517 2725 653 2788 montes,
691 2721 756 2776 teto
780 2733 905 2793 corpore
937 2713 1066 2780 sudant.
1100 2710 1276 2776 somniante
1299 2709 1394 2772 totius
1417 2709 1529 2774 Terrae

164 2807 288 2885 corpori
313 2806 414 2868 calore
439 2805 553 2878 innata,
579 2802 679 2870 onmia
701 2803 887 2882 pervadente
911 2800 1098 2882 penetralia,
1123 2817 1183 2875 eon
1206 2807 1240 2862 ut
1264 2797 1345 2860 Solis
1369 2799 1453 2863 calor
1474 2815 1528 2862 eu-

164 2893 321 2975 perheiem
345 2893 558 2972 depopulante.
607 2891 689 2953 Nihil
713 2890 761 2952 hic
786 2899 895 2965 estre,
923 2891 981 2953 niei
1016 2889 1095 2968 qnod
1125 2887 1317 2950 modulentur
1348 2885 1530 2948 cantilenam

164 2993 273 3064 aptam
297 2983 367 3045 huic
390 2981 508 3043 animae
532 2981 685 3055 tenrestri‚
711 2979 803 3041 talem
826 2987 941 3053 tamen,
967 2987 1009 3052 ut,
1036 2977 1094 3039 risi
1118 2977 1219 3038 anima
1243 2976 1310 3054 ipsa
1333 2974 1393 3036 vim
1417 2973 1531 3042 haheat

164 3073 207 3134 ed
229 3072 310 3134 hanc
327 3071 519 3135 camdenum
544 3089 612 3132 sese
641 3068 864 3136 commonendi,
899 3069 1012 3130 frustra
1045 3084 1112 3130 eom
1146 3065 1184 3130 ab
1217 3063 1310 3126 astris
1343 3069 1528 3142 expectaret.

163 3161 443 3242 Nequaquam,
478 3160 554 3222 unde
580 3165 668 3220 tauta
701 3157 760 3220 illie
785 3157 936 3224 montibus
969 3155 1056 3235 capia
1080 3153 1243 3234 aquarum?
1290 3152 1376 3217 Unde
1401 3167 1529 3229 nmque

162 3249 256 3331 eopia
278 3248 342 3311 illis
366 3249 405 3310 ed
427 3247 572 3330 perennia
595 3247 742 3328 flumina?

257 3335 375 3414 Citius,
407 3337 520 3420 inquis,
555 3355 634 3417 aqua
657 3335 818 3402 resolvitur
846 3334 874 3394 in
900 3351 1054 3414 vaporem,
1088 3349 1177 3417 quam
1206 3329 1308 3390 terrai
1359 3328 1528 3400 imovero,

164 3425 303 3501 Fabrici,
329 3434 414 3494 terra
436 3445 584 3508 uunquam
608 3424 769 3490 resolvitur
794 3423 821 3487 in
847 3441 990 3503 vapores,
1026 3421 1079 3489 sed
1104 3439 1191 3502 aque,
1217 3426 1249 3484 et
1273 3415 1451 3498 ecquidem
1479 3414 1528 3474 iu-

164 3517 289 3579 terdenr
311 3516 474 3592 sulfurato,
500 3515 674 3595 purulenta,
697 3514 778 3580 ranis
794 3520 856 3576 'eat
880 3511 1016 3590 frugibus
1040 3518 1094 3572 aut
1118 3505 1267 3587 lapidibus
1291 3514 1416 3576 onusta,
1450 3521 1527 3584 quan

164 3603 343 3686 prodigiose
367 3612 446 3666 eunt.
494 3603 583 3675 Quod
614 3604 640 3664 si
672 3599 766 3662 marie
799 3601 893 3662 moles
928 3601 956 3664 in
987 3599 1145 3678 complexu
1177 3596 1257 3656 illius
1291 3594 1411 3656 erinae
1434 3601 1526 3664 esset,

166 3693 269 3756 nescio
295 3713 334 3756 au
358 3693 425 3774 plus
449 3693 489 3756 sit
514 3691 707 3766 exhalatura,
738 3707 825 3771 quam
845 3689 912 3768 jam
936 3687 1059 3750 exhalat
1083 3685 1200 3749 marina
1225 3703 1313 3766 aqua,
1340 3699 1395 3760 per
1418 3697 1526 3741 enver-

167 3803 220 3845 nes
244 3791 348 3844 terrae
372 3783 535 3846 sublimata
566 3789 598 3846 et
621 3781 649 3841 in
675 3779 827 3844 fluminum
850 3778 997 3863 originem
1027 3776 1204 3847 constillare
1226 3780 1345 3852 parata.
1393 3767 1438 3828 ni
1462 3769 1527 3848 ipse

167 3872 324 3934 convictus
344 3871 460 3945 fateris,
485 3870 587 3932 nubila
610 3879 645 3931 ut
668 3868 823 3948 plurimum
849 3867 878 3928 ln
899 3866 1049 3928 montibus
1069 3883 1148 3929 esse.
1199 3860 1332 3923 Causam
1357 3877 1416 3920 non
1432 3876 1529 3937 quae-

168 3961 207 4028 ris
230 3960 427 4024 necessario:
461 3960 558 4040 potuit
582 3958 659 4019 enim
683 3957 737 4018 tibi
763 3957 901 4018 sufficere
924 3955 999 4016 haec
1024 3953 1210 4037 hypothesis
1259 3951 1393 4016 Montes,
1417 3945 1527 4026 inquis,

169 4049 258 4114 calidi
283 4057 365 4114 sunt.
411 4049 511 4127 Euge!
545 4047 724 4118 Metueram,
749 4053 782 4107 ut
806 4045 862 4106 hoc
886 4063 1023 4124 negares.
1070 4042 1181 4104 Addo:
1217 4057 1288 4118 ergo
1313 4034 1425 4098 humidi
1449 4043 1529 4096 suut.

168 4138 297 4220 Negas?
335 4137 423 4202 Unde
447 4154 519 4218 erge
544 4134 686 4198 flumina?
724 4131 841 4204 Quodsi
866 4142 898 4197 et
921 4133 1011 4195 calidi
1035 4139 1067 4194 et
1082 4128 1202 4202 humidi,
1228 4145 1363 4199 curnnn,
1389 4131 1423 4185 ut
1438 4124 1526 4201 ollae,

169 4243 297 4322 raperes
320 4227 486 4290 exhalent?
533 4223 613 4296 Quid
637 4222 684 4285 vis
708 4223 860 4310 amplius?
908 4221 970 4284 Sed
998 4221 1059 4295 elic,
1096 4219 1172 4298 age!
1211 4215 1282 4304 quid
1306 4213 1380 4296 ipsis
1402 4213 1554 4296 prodest.

167 4317 268 4382 calor?
316 4315 430 4396 calor,
462 4315 576 4398 inquis,
611 4331 717 4374 crassa
741 4311 843 4373 nubila
867 4312 995 4377 attrahit
1019 4311 1056 4372 ad
1082 4325 1169 4380 sese;
1204 4303 1417 4385 ineloquens,
1444 4319 1479 4362 ac
1503 4299 1528 4361 si

165 4407 268 4490 nubile
288 4425 347 4489 per
374 4401 440 4475 100
462 4400 602 4476 milliaria
625 4423 644 4464 a
668 4401 818 4467 montibus
843 4409 950 4465 exorta
974 4395 1231 4485 peregrinationes
1257 4393 1285 4456 iu
1307 4392 1546 4464 mediterranea

164 4499 344 4590 Μὶιψῐ,
381 4500 531 4574 flectentis
570 4491 651 4570 apud
683 4490 838 4556 convalles
874 4491 903 4552 io
935 4490 1093 4568 complexu
1121 4484 1265 4548 montium
1290 4481 1372 4546 velut
1396 4476 1528 4554 hospitio

160 4587 366 4670 excipiantur.
417 4581 473 4642 liic
496 4599 586 4672 erge,
611 4585 685 4660 quet
708 4579 822 4640 dierum
847 4577 974 4640 nubibus
998 4577 1057 4638 iter
1080 4583 1129 4636 eet
1151 4591 1190 4632 ex
1213 4570 1319 4649 Belpie
1342 4569 1372 4628 in
1397 4563 1527 4626 Sueviee

156 4677 301 4760 montes?
337 4687 415 4756 ergo
440 4677 472 4731 et
493 4673 554 4732 tam
580 4667 628 4729 diu
654 4666 815 4735 sitiendum
839 4665 988 4740 Soeviae,
1013 4665 1107 4727 donec
1132 4662 1206 4722 haec
1230 4657 1335 4740 hydria
1359 4673 1396 4716 ex
1420 4651 1526 4730 Belgio

151 4767 281 4852 vemat?
335 4759 439 4829 Plane
472 4759 566 4822 oudue
598 4763 664 4823 stas
698 4755 737 4818 mi
761 4755 902 4830 Fauian
939 4773 1068 4835 vapores
1101 4751 1182 4818 intra
1210 4745 1295 4828 unius
1319 4761 1411 4827 saepe
1436 4740 1527 4801 horae
