3542 5528
680 303 841 358 nomon.
1397 299 1521 391 re·

105 467 204 530 nonu
225 463 355 528 adactus
379 465 442 528 sit:
462 466 541 530 bene
564 474 664 530 aetum
688 487 755 530 esse
778 475 912 544 censeat,
941 467 1020 550 quod
1042 475 1105 556 tam
1118 485 1210 550 prope
1224 469 1265 532 ed
1279 467 1438 532 veritatem
1462 523 1467 534 .

108 563 253 638 peruentum
276 554 330 618 sit.
489 585 492 592 v
1325 600 1331 614 .

157 641 221 692 llaec
236 641 373 707 Kapleuu.
411 642 485 705 Quae
503 642 534 694 de
552 643 791 708 Coporm'nodubins
810 643 890 704 effert
910 641 1058 696 Maesdinur
1074 645 1102 694 iu
1120 644 1195 710 paulo
1222 644 1286 696 inira
1311 645 1436 710 sequenti-

110 717 139 770 bn
152 713 262 766 brunei
285 715 412 780 eproat,
438 728 515 780 qnare
534 715 655 780 Keplerus
673 721 754 766 toturn
770 714 836 766 hunc
853 715 933 766 locum
948 717 1035 780 ,capite
1054 715 1100 766 XV
1118 717 1193 780 plane
1210 721 1333 768 mutatum
1350 731 1438 782 propo·

110 788 139 836 uit
167 783 247 835 Dubia
263 783 368 852 Kepleri
387 785 419 836 de
439 785 567 851 (loperuioi
584 787 625 838 lib.
644 784 677 836 V.
697 800 751 852 cap.
771 783 861 836 sorta
879 791 936 835 sunt
954 801 968 836 e
986 787 1065 837 vmbia
1082 787 1137 837 luis:
1157 802 1221 850 „uos
1239 788 1300 838 duos
1313 802 1367 838 esse
1386 803 1438 838 mo·

110 865 135 906 tn
153 851 194 918 (0)
219 870 350 908 munemne
369 857 504 923 aqualem
531 859 617 923 quibua
634 857 799 922 inaequalitas
821 858 981 922 apparentiae
1001 859 1172 924 componitur,
1200 859 1251 908 sire
1268 873 1312 922 per
1330 861 1439 910 occentui

109 936 240 986 munem,
267 930 320 978 aiva
345 944 390 993 per
415 929 518 993 epimcli
541 929 703 993 epicynlinm,
731 931 783 979 aire
808 931 884 980 etiam
907 929 1002 978 mixtim
1026 945 1069 994 per
1088 930 1344 994 ecoennepicyclnm,
1374 944 1439 996 qnae

109 998 190 1050 eul-
201 1007 304 1064 possum
321 1001 527 1065 inaequalitatem
545 1000 652 1060 efficere,
663 1001 707 1050 ,uti
720 1001 787 1052 eirca
799 999 882 1052 Solem
894 1005 919 1050 et
931 999 1029 1050 Lnuarn
1042 1001 1270 1054 demonstravimus.
1300 1000 1339 1051 Sit
1350 1017 1438 1052 eccen-

108 1079 143 1120 tur
158 1069 200 1120 AB
218 1072 324 1122 circulus
343 1073 411 1122 circa
429 1070 449 1121 0
468 1078 586 1125 centrum.
606 1073 735 1122 dimetiens
752 1071 819 1122 ACB
837 1071 911 1121 medii
929 1071 978 1121 loci
997 1069 1060 1121 Solis
1078 1087 1122 1136 per
1139 1087 1262 1122 summam
1280 1087 1310 1122 ao
1329 1073 1440 1136 intimam

108 1142 174 1192 ulida
189 1141 315 1206 planetae,
335 1145 362 1193 in
379 1157 430 1208 qna
448 1149 559 1194 centum
577 1145 641 1210 orbis
657 1143 749 1194 terreni
766 1144 798 1192 sit
809 1142 842 1204 D,
861 1143 976 1207 lentoque
994 1144 1020 1194 in
1037 1157 1134 1194 summa
1152 1143 1236 1194 abside
1251 1143 1301 1192 Δ.“
1321 1141 1368 1194 doc.
1398 1177 1401 1184 ·

159 1211 227 1273 Quae
239 1220 328 1277 postea
340 1209 436 1278 (1013)
450 1213 596 1264 Maeatliuns
609 1215 640 1264 de
658 1227 723 1263 nova
740 1213 849 1264 editione
862 1213 991 1278 copemici
1003 1217 1137 1280 curamque
1149 1215 1175 1264 in
1187 1213 1304 1280 prioribus
1318 1212 1439 1276 (Norimb.

110 1281 158 1334 ute
176 1291 202 1334 et
216 1283 295 1335 M
317 1281 398 1347 1500)
417 1285 567 1351 corrigendis
585 1286 725 1350 perscripsit
742 1284 859 1349 Keplero,
878 1285 994 1351 leguntur
1011 1275 1176 1337 iu'uHauoobio
1188 1301 1212 1350 p.
1229 1281 1271 1334 30.
1285 1283 1327 1334 42.
1356 1285 1439 1335 Eden-

108 1355 148 1404 lnu
164 1356 268 1420 quidem,
288 1357 315 1406 id
332 1357 398 1421 quod
416 1357 466 1406 illic
483 1364 582 1422 spectat
595 1355 750 1412 liaustliuus.
770 1355 899 1421 Copemioi
917 1371 976 1421 opus
995 1359 1084 1416 omisit,
1103 1371 1168 1407 anno
1187 1371 1243 1407 vero
1261 1353 1332 1416 ,1017
1350 1355 1439 1408 Nic'o·
1517 1363 1519 1366 '

108 1427 157 1476 Ιιιι
174 1425 325 1477 littllerua
349 1425 483 1491 (protutor
500 1428 638 1479 medicinas
657 1434 684 1478 et
700 1427 840 1478 matheseos
857 1429 885 1478 iu
904 1427 1034 1478 sodomia
1052 1424 1243 1493 Grnamnpensi)
1262 1421 1441 1479 Amatolodauni

109 1497 175 1561 ,Opus
190 1497 387 1548 remlutionuru“
404 1499 571 1550 mondendurn
590 1501 685 1550 curarit
701 1499 767 1548 notis
784 1499 940 1550 illustatum.

158 1569 245 1620 literis
264 1569 367 1635 Koplaui
385 1585 462 1635 quum
479 1559 536 1621 uon'
546 1571 631 1622 emtor
648 1569 836 1632 mortuorunt,
860 1569 899 1620 luis
916 1576 989 1636 nutet
1005 1570 1165 1622 Maesflinnm
1183 1569 1216 1624 tu
1233 1569 1438 1635 respondendum,

108 1644 176 1690 nvn
191 1641 271 1703 duni,
290 1642 357 1708 quod
373 1648 526 1706 susceperat,
545 1643 672 1708 negotium
689 1640 813 1692 mitreum
1198 1679 1201 1686 .

177 1889 251 1954 Tres
275 1891 317 1953 ad
334 1889 562 1954 Humanitateur
585 1897 668 1952 tuem
691 1890 837 1970 epistolas
861 1891 1002 1968 exoravi,
1034 1889 1160 1970 primein
1187 1889 1256 1954 misi
1282 1907 1337 1970 per
1362 1889 1441 1956 huuc

111 1975 280 2054 mutuum,
305 1981 435 2042 alteram
456 2000 511 2060 per
533 1979 741 2042 Studlcrorum
765 1980 906 2044 famulum
930 1989 962 2042 et
982 1989 1224 2060 praeceptorem,
1246 1979 1367 2042 tertiam
1388 1997 1442 2059 per

109 2070 234 2147 qmudmu
257 2069 425 2132 studiosum
450 2068 619 2131 Wuotimn:
644 2069 774 2131 omnium
796 2070 902 2130 endem
921 2078 988 2131 erat
1006 2069 1181 2157 petitioni
1199 2067 1345 2148 judicium
1358 2075 1442 2130 tuum

110 2155 171 2220 deb
195 2158 368 2237 corporibus
390 2158 421 2219 iu
446 2155 604 2238 Coperuici
631 2157 714 2219 coelo
737 2157 921 2242 brevissimis
946 2158 1127 2220 delineatum
1155 2158 1193 2218 ed
1220 2176 1267 2219 me
1295 2156 1442 2219 mitteres.

111 2245 175 2308 Idem
202 2247 294 2310 etiem
323 2247 373 2326 egi
400 2265 493 2326 nuper
520 2266 575 2327 per
603 2243 863 2310 Emdsehochium.
899 2247 989 2324 ,Ecce
1018 2265 1094 2310 nuuc
1116 2245 1266 2328 pendente
1286 2247 1443 2327 ¹superiore

110 2335 215 2398 muria
246 2355 328 2400 nova
357 2334 507 2400 scribendi
533 2350 636 2399 cause,
681 2336 733 2398 Ad
756 2337 834 2400 diem
866 2335 926 2398 i'i.¹
940 2333 981 2406 27
1007 2335 1149 2400 Octobris
1172 2336 1220 2398 hic
1244 2335 1301 2402 suit
1324 2335 1444 2416 quidam

110 2423 172 2486 buo
194 2425 383 2496 aTzernem,
408 2425 457 2506 qui
480 2445 499 2486 a
522 2425 684 2504 superioria
697 2425 842 2488 Austriae
863 2425 1039 2506 proceribus
1063 2425 1120 2486 huc
1143 2425 1253 2486 missus
1273 2432 1331 2502 est,
1355 2425 1444 2486 cuxi-

109 2510 137 2572 liu
156 2513 351 2576 sollicitatum
372 2521 478 2576 contra
500 2513 629 2576 rusticos
645 2509 680 2589 ⁶).
726 2515 757 2576 Is
789 2534 835 2576 me
860 2521 967 2590 vocat,
1001 2514 1118 2577 initium
1150 2513 1296 2574 sermonis
1324 2513 1399 2576 facit
1426 2533 1446 2574 a

108 2601 267 2664 certitudine
291 2603 351 2666 mei
374 2600 549 2666 calendarii
572 2603 600 2665 in
626 2603 752 2668 articulo
776 2603 813 2690 de
837 2602 1044 2669 seditionibus.
1093 2601 1163 2664 lude
1186 2602 1372 2684 postulatum
1390 2602 1444 2665 Iu-

108 2689 207 2754 brioris
229 2692 376 2756 Austriae
400 2689 548 2755 Ordinem
571 2692 630 2765 (sic
651 2691 704 2754 ille
728 2692 863 2766 dicebat)
887 2691 1026 2774 exponit,
1051 2690 1101 2773 qui
1123 2691 1247 2770 cupient
1270 2691 1445 2756 Tabulam

107 2778 287 2844 luierioris
315 2781 495 2844 Austri'ae
524 2781 818 2862 Geograpbioam
846 2802 875 2843 a=
894 2800 941 2842 me
970 2780 1152 2844 concinnari.
1199 2781 1361 2841 Assensus·
1379 2798 1445 2848 aum

104 2871 252 2948 audacter,
287 2869 451 2951 siquidem
467 2871 497 2932 id
524 2872 578 2933 lint
609 2871 756 2952 permissu
787 2871 845 2932 mei
879 2871 1086 2950 magistratus.
1133 2863 1220 2930 Nube
1244 2863 1354 2946 igitur,
1388 2867 1447 2930 etsi

104 2955 154 3021 ieri
176 2977 267 3038 posse
288 2959 420 3035 dicebat,
444 2970 478 3022 ut
501 2979 548 3023 res
571 2959 751 3040 impedietur
775 2962 821 3033 (et
844 2969 944 3022 tomen
969 2958 1040 3021 mihi
1065 2957 1150 3040 quasi
1174 2955 1210 3018 de
1230 2975 1261 3018 re
1277 2965 1361 3020 certa
1373 2975 1446 3037 gra-

104 3049 207 3112 tulatus
237 3051 302 3122 est)
331 3068 388 3129 ego
416 3057 516 3112 tamen
546 3049 683 3112 omuibus
711 3049 807 3112 modis
834 3049 907 3112 mihi
929 3047 1097 3128 prospicio,
1130 3065 1167 3108 ue
1191 3044 1357 3124 imperatus
1380 3045 1447 3110 sim.

103 3133 168 3199 Peto
193 3137 287 3218 igitur
311 3137 417 3200 abste
440 3157 507 3200 meo
530 3146 735 3218 praeceptore,
760 3145 795 3200 ut
816 3138 842 3199 ei
866 3138 976 3217 quain
1000 3156 1032 3212 re
1055 3154 1101 3198 me
1124 3133 1311 3207 mouendum,
1335 3133 1447 3197 docen-

103 3223 173 3301 dum,
197 3225 407 3288 instruendum
431 3245 566 3303 censeas,
591 3227 621 3288 id
644 3227 740 3308 primo
764 3246 878 3310 quoque
902 3235 1035 3308 tempore
1060 3223 1164 3288 facias.
1212 3221 1271 3284 Pro
1296 3240 1353 3304 quo
1377 3223 1448 3306 quid

101 3314 142 3377 tbi
166 3315 307 3378 vicissim
329 3315 484 3378 debiturus
507 3317 573 3392 sim,
598 3315 657 3379 uoli
680 3325 788 3397 putere
812 3317 898 3398 quasi
920 3316 1016 3378 miuus
1039 3313 1126 3396 pensi
1147 3311 1288 3378 habeam.
1336 3310 1445 3390 Statu,

101 3404 119 3464 ri
138 3405 290 3483 procedat
312 3404 479 3484 negotium,
511 3405 652 3484 ealigne
675 3413 758 3470 recto
788 3405 969 3484 triangulum
998 3405 1108 3484 duplex
1135 3399 1348 3482 geometricum
1380 3409 1446 3466 cum

101 3493 253 3556 nobilibus
274 3493 382 3556 ,formis
405 3504 539 3565 mttere,
570 3494 673 3557 decern
696 3494 806 3574 pedum
828 3495 1061 3574 longitudinem,
1096 3493 1223 3574 quinque
1247 3490 1446 3566 altitudinem,

102 3597 157 3644 cum
188 3582 267 3662 pede
296 3582 474 3660 detonante,
504 3591 538 3645 nt
565 3591 628 3645 stet
650 3583 689 3644 ad
711 3583 970 3666 perpendiculum
1179 3602 1226 3652 ru.
1240 3602 1262 3642 ι.

103 3669 193 3742 [liuta
207 3669 236 3732 iu
253 3671 405 3752 margine:
429 3671 464 3736 In
479 3671 517 3749 A,
532 3671 569 3750 Β,
586 3669 610 3734 O
627 3680 702 3740 ,suut
725 3671 775 3734 lixi
799 3671 896 3744 foruli,
909 3689 973 3754 per
996 3725 1002 3740 .
1159 3671 1180 3720 0

103 3760 150 3820 AB
166 3758 314 3822 discurrit
327 3760 409 3826 aliud
428 3761 546 3836 mobile,
571 3761 615 3824 sic
629 3779 682 3841 per
697 3759 758 3825 CF.
788 3759 823 3824 In
838 3759 890 3833 CF
904 3769 974 3831 snut
1023 3729 1411 4006 AX

104 3843 359 3928 iperpendioula.
386 3849 441 3912 BD
461 3850 595 3912 fulcrum.
625 3851 660 3912 Iu
676 3847 736 3924 CF,
755 3849 820 3924 AF,
836 3851 888 3912 FB
903 3857 974 3911 sunt
1236 3886 1240 3896 ·
1343 3865 1347 3892 ¹

106 3937 203 3998 uoduli
225 3955 279 3998 sen
301 3947 411 4017 puncta
427 3937 592 4018 palpabilia
610 3939 640 4001 in
660 3937 784 4022 siugulis
802 3935 897 4002 1000.
929 3939 1021 4001 UtA
1168 3951 1169 3958 ¹

107 4033 180 4086 moto
197 4025 413 4102 inruloiuill’,
437 4027 611 4093 iuealiuee
628 4027 669 4090 sit
689 4027 865 4090 foecunda
888 4027 971 4102 [tau-
1148 3992 1343 4132 Ιχ*-
1431 4069 1435 4078 .

108 4114 189 4190 gens]
214 4113 381 4178 altitudinis
400 4117 516 4180 stellae.
557 4115 642 4180 Moto
666 4117 760 4180 forulo
784 4115 813 4178 iu
836 4115 908 4188 AB,
933 4115 974 4178 sit
1140 4193 1142 4198 Ι
1305 4107 1326 4156 D

109 4199 253 4262 foecunda
284 4203 485 4282 complemeuti
516 4205 684 4288 altitudinis
712 4203 859 4268 maximae
886 4206 917 4268 in
939 4205 996 4267 AF
1018 4210 1067 4271 vel
1089 4208 1168 4281 FB.)
1192 4205 1261 4269 inde
1283 4204 1450 4286 promiscue

110 4287 180 4350 loeis
201 4290 371 4370 praecipuis
395 4295 441 4356 vel
463 4294 643 4358 meridiabes
666 4295 716 4360 vel
742 4295 991 4376 septentrionales
1016 4293 1170 4360 stellarum
1194 4295 1270 4360 coeli
1288 4294 1448 4358 mediatio-

109 4395 164 4436 nes
187 4377 334 4457 excipere.
366 4378 451 4452 Quod
473 4384 499 4446 si
521 4403 595 4464 quas
619 4384 745 4446 haberes
770 4384 924 4459 stellnmm
951 4384 1169 4449 declinationes
1193 4392 1276 4447 certo
1300 4379 1448 4462 cognitas,

112 4473 213 4526 esseut
234 4467 307 4530 milui
329 4469 403 4532 usui.
445 4472 510 4537 Non
533 4475 612 4536 enim
634 4481 739 4554 potero
762 4473 870 4554 ubique
898 4492 951 4554 per
984 4473 1026 4540 12
1053 4477 1143 4538 horas
1166 4475 1336 4538 observate.
1381 4469 1448 4528 Du-

110 4551 185 4630 plex
204 4553 381 4634 triangulum
404 4559 496 4636 velim,
520 4581 556 4622 ue
579 4563 619 4623 ad
642 4561 794 4623 meridiem
816 4565 1016 4626 convertendo
1040 4564 1202 4628 difficultas
1226 4559 1311 4624 sitin
1328 4555 1448 4629 turbato
1511 4627 1517 4646 Ι

110 4640 333 4720 perpendiculo.
377 4645 569 4729 Triangulum,
594 4668 652 4712 uon
676 4650 881 4732 quadrantem,
909 4650 941 4724 1)
965 4661 998 4714 nt
1020 4653 1131 4732 possim
1152 4651 1269 4732 quoties
1292 4661 1365 4722 opus
1389 4648 1447 4714 0⁸⁸.

112 4725 302 4792 destructum
323 4748 433 4796 mecum
453 4746 578 4818 portare,
604 4739 652 4812 uel
676 4757 750 4819 equo
773 4737 897 4815 iehere;
922 4738 957 4814 2)
982 4741 1051 4822 quie
1074 4741 1183 4819 lignum
1201 4729 1450 4828 constantinetst

112 4815 152 4876 ’ω
174 4813 367 4898 lentitudine
389 4817 423 4896 3)
444 4828 536 4892 nteit
557 4827 622 4908 ejus
646 4827 741 4908 major
764 4813 836 4892 usu's
859 4829 888 4894 iu
908 4829 1116 4895 latitudinibus
1130 4822 1305 4906 quibusdam
1318 4825 1448 4879 metuen-

1192 4923 1234 4974 μ
