3698 5516
328 285 396 364 ibt
881 298 1004 366 Ambus
1022 297 1145 363 mnes·

330 458 444 522 habeat
476 457 513 519 ad
547 457 599 520 ΓΤ
629 467 747 539 partem
779 459 937 534 minorem,
972 477 1059 542 quam
1097 460 1190 523 habet
1220 458 1369 521 velocitas
1401 456 1561 520 eccentrici
1596 475 1637 519 ex
1666 455 1695 518 E

329 545 431 628 perQ
462 548 491 608 in
520 547 551 609 N
580 548 618 608 ad
651 548 843 611 velocitatem
876 548 985 610 stellae
1018 567 1055 610 er
1083 551 1109 609 B
1142 556 1174 610 et
1205 548 1408 620 demonstrat,
1448 547 1567 627 quando
1601 545 1696 608 stella

329 637 358 698 in
383 637 409 697 Τ
434 644 578 715 puuctum
600 637 723 717 propina
742 637 854 700 Terrae
878 639 904 700 F
926 637 1044 712 incidit,
1078 645 1161 700 stare
1189 637 1294 698 videri.
1341 635 1443 716 Atque
1472 638 1548 697 haee
1577 653 1698 697 summa

330 732 378 787 est
401 733 432 786 et
455 725 629 787 intentionis
653 735 685 788 et
708 727 820 789 laboris
839 726 990 807 Apollonii
1015 726 1115 800 illins;
1147 732 1269 804 praeter
1292 743 1367 804 quae
1391 724 1463 786 nihil
1487 725 1588 804 plane,
1614 724 1694 804 quod

329 815 358 876 in
392 813 576 876 astronomia
605 815 776 894 scripserit,
809 834 935 896 usquam
968 817 1109 896 comperi.
1156 813 1242 886 Quae
1276 815 1340 894 ejus
1373 814 1583 875 demonstrata
1616 831 1696 892 quo-

328 904 417 966 modo
451 902 636 983 Copernicus
675 905 712 966 ad
748 924 818 966 suas
852 904 1043 966 transtulerit
1071 905 1269 988 hypotheses,
1309 903 1338 962 in
1372 903 1437 982 ipso
1470 902 1539 963 vide
1573 901 1696 981 Cuper-

329 993 404 1066 uico,
435 993 509 1054 locis
539 993 576 1054 ab
600 993 679 1054 Urso
703 993 806 1056 citatis
831 995 886 1066 (V.
912 991 979 1066 35).
1030 993 1112 1056 Nihil
1143 995 1223 1054 enim
1247 992 1327 1066 aliud
1360 991 1436 1053 dixit
1464 992 1500 1053 de
1530 991 1696 1070 Apollonio

329 1079 512 1161 Ceperuicus
542 1101 629 1161 quam
657 1081 863 1155 Ptolemaeus,
899 1101 936 1143 ex
960 1102 1017 1162 quo
1049 1084 1100 1144 ille
1133 1083 1207 1144 haec
1240 1079 1269 1142 iu
1303 1099 1388 1142 suum
1416 1099 1490 1160 opus
1523 1080 1695 1142 transtulit.

328 1168 474 1240 Quamvis
503 1187 540 1230 ue
563 1171 638 1234 haec
667 1171 785 1251 quidem
813 1189 867 1251 pro
896 1191 963 1234 sese
986 1171 1230 1250 ingeniosissima
1257 1169 1390 1232 inventio
1418 1170 1581 1231 admodum
1609 1169 1696 1231 utilis

329 1259 420 1320 luerit
448 1258 625 1335 artificibus,
658 1267 818 1339 propterea
851 1261 928 1340 quod
958 1260 1150 1340 Apollonius,
1184 1268 1219 1320 ut
1246 1259 1359 1321 exitum
1391 1257 1420 1318 iu
1454 1258 1695 1320 demonstrando

327 1347 481 1426 reperiret,
507 1348 756 1428 inaequalitatem
779 1350 907 1412 alteram
930 1350 960 1412 in
985 1350 1140 1412 stellarum
1165 1349 1308 1423 mutibus,
1344 1367 1421 1426 quae
1444 1348 1483 1408 ad
1506 1357 1614 1425 partes
1639 1365 1694 1407 no-

328 1436 406 1498 diaci
430 1436 608 1512 restituitur,
634 1437 769 1499 exclusit.
820 1439 925 1519 ltaque
950 1457 987 1500 ea
1010 1437 1265 1499 demonstratione
1297 1436 1355 1498 nisi
1384 1435 1422 1496 ad
1446 1437 1584 1515 singulos
1603 1455 1695 1496 casus

327 1523 555 1604 inaequalitatis
589 1526 714 1589 alterius
743 1527 863 1589 variata
895 1528 939 1589 uti
968 1528 1161 1589 Ptolemaeus
1184 1534 1216 1587 et
1245 1523 1430 1604 Gopemicns
1462 1543 1520 1586 non
1553 1533 1693 1603 potuere.

327 1613 437 1675 Adhuc
462 1633 533 1692 ergo
557 1613 656 1676 nullas
680 1614 823 1692 habemus
838 1616 992 1694 Apollonii
1015 1615 1202 1710 hypotheses
1224 1615 1454 1685 astronomicas·
1478 1632 1555 1693 quae
1572 1612 1693 1693 quidem

327 1701 371 1764 sic
396 1701 453 1764 dici
483 1711 513 1764 et
546 1701 625 1764 inter
648 1713 766 1766 ceteras
800 1705 913 1766 formas
937 1705 1087 1766 recenseri
1107 1713 1269 1766 merentur.
1317 1700 1403 1772 Quae
1428 1703 1507 1764 enirn
1539 1701 1593 1764 ille
1617 1721 1693 1782 snp-

327 1790 413 1872 ponit
446 1790 474 1852 iu
500 1791 755 1854 demonstratione
780 1813 848 1866 sna,
881 1812 939 1854 non
973 1795 1017 1854 ita
1050 1792 1206 1876 supponit,
1241 1789 1522 1872 tanquamreve'ra
1554 1792 1601 1852 ita
1625 1809 1694 1852 sese

326 1879 438 1941 habere
463 1887 582 1942 statuat
605 1882 698 1960 (qnod
723 1882 822 1943 solent
846 1881 1006 1955 artifices),
1033 1883 1087 1944 sed
1110 1882 1163 1956 ita,
1189 1890 1223 1944 ut
1245 1887 1397 1960 patescat,
1422 1881 1492 1960 quid
1516 1880 1601 1942 circa
1624 1887 1693 1942 sta-

327 1968 425 2029 tiones
450 1967 580 2030 futurum
605 1977 703 2046 esset,
733 1971 759 2032 si
783 1971 836 2032 illa
866 1971 911 2032 ita
934 1971 1091 2034 haberent.
1137 1971 1303 2050 Propterea
1330 1969 1452 2050 gemina
1475 1968 1572 2031 utitur
1597 1970 1695 2030 forma

326 2055 537 2137 principiorum
566 2058 833 2122 demonstrationis
862 2079 952 2130 suae,
987 2061 1058 2140 quia
1088 2077 1132 2122 sc.
1162 2060 1236 2124 nihil
1268 2059 1404 2120 decernit
1438 2067 1471 2120 ut
1499 2067 1693 2120 astronomus

327 2145 449 2220 artilex,
474 2147 527 2207 sed
552 2165 666 2209 merum
689 2149 754 2226 agit
776 2157 960 2229 geometram
984 2149 1014 2211 in
1039 2158 1172 2210 motuum
1195 2167 1314 2227 genere.

414 2234 486 2296 Jam
514 2234 596 2309 vide,
635 2254 724 2316 quam
760 2239 896 2300 suaviter
924 2238 1019 2300 Ursus
1053 2239 1090 2300 dc
1123 2238 1179 2300 hoc
1207 2235 1363 2316 Apollonii
1397 2235 1518 2298 invento
1552 2243 1693 2315 nugetur.
1772 2255 1784 2278 s

326 2323 428 2384 Primo
452 2322 506 2394 ait,
531 2323 569 2385 ab
593 2324 659 2404 ipso
684 2333 831 2387 mutatam
855 2346 923 2388 esse
947 2327 1118 2390 universam
1143 2327 1269 2388 formam
1284 2324 1595 2396 Aristarchiauarum,
1619 2336 1691 2402 per-

329 2410 399 2473 inde
423 2431 458 2472 ao
477 2411 503 2472 si
525 2413 713 2492 professione
738 2415 846 2476 linisset
869 2423 1067 2486 astronomus,
1094 2424 1127 2479 ut
1141 2415 1340 2476 Aristarchus
1359 2422 1390 2475 et
1405 2413 1467 2475 alii.
1512 2413 1691 2474 Mathema-

326 2499 417 2561 ticum
437 2499 630 2564 Ptolemaeus
655 2503 799 2582 appellat,
824 2513 857 2565 at
880 2513 961 2566 certe
986 2505 1124 2584 nuspiam
1143 2504 1170 2566 ei
1186 2502 1350 2566 astronomi
1369 2502 1477 2564 titulus
1492 2502 1687 2564 adscribitur.

326 2588 444 2650 Deinde
467 2607 533 2650 cum
557 2591 770 2664 obversaretur,
793 2591 820 2654 ci
844 2593 987 2655 memoria
1011 2592 1138 2673 duplicis
1163 2594 1276 2654 somnae
1299 2590 1566 2653 demonstrationis
1589 2591 1691 2670 Apol-

326 2677 475 2750 lonianae,
500 2678 554 2739 sed
578 2681 720 2742 memoria
744 2676 861 2755 tenuis,
896 2689 1040 2762 tanquam
1064 2681 1107 2744 rel
1134 2697 1189 2761 per
1221 2699 1355 2742 somnum
1379 2680 1464 2741 visae
1488 2683 1575 2752 (nam
1600 2697 1695 2757 supra

326 2765 514 2844 conjectatus
538 2787 614 2842 sum,
639 2786 695 2830 non
720 2769 817 2850 ipsum
843 2771 953 2833 Ursum
978 2771 1089 2851 legisse
1113 2771 1187 2832 haec
1212 2771 1240 2835 iu
1268 2769 1451 2844 Ptolemaeo,
1477 2770 1530 2830 sed
1556 2769 1597 2830 ab
1621 2767 1692 2838 alio,

326 2853 375 2936 qui
399 2854 474 2916 haec
499 2856 630 2918 fortasse
656 2857 770 2937 legerit,
797 2859 1011 2931 admonitum),
1035 2859 1099 2938 ipse
1123 2877 1239 2938 quoque
1264 2857 1413 2936 geminam
1435 2857 1691 2920 Aristarchiana-

324 2961 389 3006 rum
422 2943 661 3006 immutationem
696 2947 860 3026 Apollonio
894 2945 1038 3028 affingit>
1077 2948 1210 3010 Primum
1239 2947 1297 3018 ait,
1331 2946 1502 3008 institutam
1536 2947 1621 3020 ideo,
1661 2953 1694 3007 ut

325 3032 433 3112 ingens
457 3032 511 3094 illa
533 3034 665 3096 vastitas
688 3037 823 3108 lixarum,
849 3055 937 3116 quam
961 3037 1158 3099 Aristarchus
1182 3035 1261 3114 apud
1276 3035 1487 3098 Archimedem
1511 3035 1692 3103 introduxit

327 3121 495 3182 tolleretur.
544 3123 675 3203 ideoque
708 3123 752 3184 sic
785 3143 853 3186 ease
881 3125 1050 3188 institutam
1083 3126 1165 3187 illam
1198 3123 1450 3196 immutationem,
1485 3133 1519 3184 nt
1552 3132 1691 3185 centrum

329 3211 453 3272 lixarum
476 3209 536 3272 nusi
558 3231 624 3272 cum
639 3211 733 3274 Terra
756 3213 1039 3276 circumvolveretur
1058 3233 1155 3276 annuo
1178 3221 1272 3275 motu.
1318 3215 1363 3276 At
1383 3214 1439 3274 hoc
1463 3220 1559 3274 totum
1576 3231 1692 3274 merum

242 3293 245 3302 '
324 3316 393 3357 esse
417 3297 591 3376 figmentum
616 3309 647 3362 et
671 3301 836 3383 sphyngem
861 3323 898 3363 ex
921 3303 991 3366 Ursi
1016 3303 1138 3384 cerebro
1164 3309 1281 3376 natam,
1314 3301 1401 3364 lacile
1426 3303 1522 3375 videt,
1548 3300 1599 3380 qui
1625 3319 1692 3362 curu

324 3385 381 3446 hac
405 3385 475 3448 Ursi
506 3387 754 3468 interpretatione
779 3391 947 3453 Ptolemaei
975 3391 1069 3453 verba
1100 3410 1192 3471 supra
1214 3391 1351 3468 allegata
1379 3392 1415 3451 de
1444 3389 1535 3469 priori
1560 3390 1691 3450 demon-

325 3474 481 3536 strationis
495 3477 716 3556 Apolloninnae
745 3479 843 3540 lorma
866 3481 1000 3540 conferre
1024 3480 1163 3542 vuluerit.
1211 3480 1309 3558 Major
1332 3479 1470 3559 equidem
1494 3489 1543 3539 est
1567 3477 1691 3540 candidi

324 3572 356 3625 et
379 3563 438 3625 atri
462 3565 570 3627 coloris
595 3569 752 3648 cognatio,
788 3587 876 3648 quam
900 3569 970 3632 Ursi
995 3577 1027 3630 et
1052 3568 1216 3651 Apollonii.
1264 3569 1310 3630 Ac
1344 3568 1370 3629 si
1394 3569 1459 3648 quis
1487 3569 1526 3629 ad
1551 3589 1589 3628 ro
1611 3565 1693 3644 ἦθος

324 3653 562 3733 suppositionum
586 3655 740 3734 Apollonii
764 3658 922 3736 respiciat,
952 3657 995 3718 illi
1020 3677 1077 3718 uon
1102 3663 1204 3736 potest
1228 3657 1287 3720 ullo
1311 3658 1398 3720 modu
1423 3656 1585 3718 verisimile
1610 3673 1690 3728 esse,

201 3819 205 3827 ἱ
325 3749 442 3803 tantam
466 3743 627 3822 Apollonio
651 3763 751 3806 curam
777 3746 869 3808 luisse
890 3747 926 3806 de
951 3747 1002 3808 illo
1033 3747 1116 3808 hiatu
1146 3747 1256 3826 illaque
1281 3747 1427 3808 vastitate
1452 3746 1588 3806 fixarum.
1627 3745 1690 3806 ΑΙ-

324 3837 422 3890 teram
450 3830 689 3896 immutationem
717 3834 813 3896 Ursus
845 3836 938 3896 talem
969 3835 1007 3896 ab
1031 3834 1193 3915 Apollonio
1226 3835 1313 3914 lingit
1341 3835 1525 3906 institutam,
1562 3841 1597 3894 ut
1622 3852 1690 3894 curu

325 3925 416 3979 autea
438 3919 534 3982 Terra
556 3924 706 3994 (centrum
729 3919 870 4004 lixarum)
894 3924 1066 3986 volveretur
1090 3942 1187 3985 annuo
1210 3933 1292 3986 motu
1317 3925 1397 3986 circa
1412 3923 1525 3996 Solem,
1549 3931 1689 3984 centrum

324 4005 522 4084 planetarum,
547 4012 769 4089 quiescentem:
789 4013 855 4093 jam
880 4013 962 4075 circa
976 4013 1100 4073 Terram
1123 4020 1156 4074 et
1178 4021 1312 4073 ceutmnr
1337 4013 1469 4080 lixarum,
1484 4010 1686 4090 quiescentia,

325 4093 379 4154 Sol
403 4102 434 4155 et
457 4105 590 4159 centrum
614 4100 803 4179 planetarum
828 4102 932 4163 eodem
957 4120 1055 4163 annuo
1083 4109 1217 4180 tempore
1240 4101 1435 4174 circumierit,
1464 4117 1542 4179 quae
1566 4099 1689 4179 quidem

325 4180 536 4263 hypothesium
565 4187 661 4250 forma
688 4209 707 4249 a
730 4187 872 4268 'lychnus
896 4191 995 4252 Brahe
1025 4191 1124 4269 (cujus
1154 4188 1329 4268 exagitandi
1356 4189 1457 4268 gratia
1485 4189 1583 4252 Ursus
1612 4189 1688 4250 haec

325 4269 482 4343 conduxit)
508 4284 630 4353 propter
653 4295 762 4338 causas
787 4277 826 4338 ab
849 4279 914 4356 ipso
939 4287 1061 4342 anctore
1085 4278 1199 4358 passim
1232 4277 1399 4339 inculcatas
1430 4285 1460 4337 et
1485 4295 1522 4336 ex
1545 4276 1686 4338 noemin-

196 4403 208 4422 .
325 4358 413 4420 nibus
441 4376 499 4421 nun
532 4363 758 4426 contemnendis
782 4376 938 4445 suscepta,
971 4367 1108 4428 inventa·
1126 4375 1158 4428 et
1185 4367 1352 4428 constituta
1380 4375 1437 4426 est.
1484 4365 1588 4426 Habet
1610 4366 1685 4426 haec

326 4447 448 4530 quidem
470 4451 601 4512 assertio
624 4453 913 4534 verisimilitudinem
938 4455 1085 4536 aliquam,
1111 4456 1137 4516 si
1161 4456 1228 4534 quis
1251 4473 1318 4516 eam
1341 4472 1408 4515 cum
1433 4452 1589 4531 Apollonii
1612 4471 1685 4531 snp-

326 4537 475 4616 positiuue
500 4539 646 4602 conferat.
694 4539 744 4602 Sit
766 4543 844 4604 euim
870 4543 962 4622 juxta
990 4553 1118 4604 mentem
1142 4543 1296 4625 Apollonii
1322 4551 1354 4604 et
1376 4541 1405 4603 in
1426 4539 1457 4603 5.
1482 4541 1686 4604 schematel'

218 4675 225 4686 ,
327 4625 430 4700 Terra,
462 4627 543 4688 circa
574 4647 641 4692 earn
664 4629 721 4692 NE
750 4629 893 4703 circulus,
922 4651 1009 4713 quem
1038 4639 1173 4694 centrum
1199 4631 1360 4694 ecoentrici
1391 4647 1488 4692 annuo
1516 4637 1601 4691 motu
1629 4629 1684 4690 de-

325 4713 446 4789 scribit,
470 4715 516 4777 ita
534 4725 568 4779 ut
592 4718 681 4780 linea·
694 4737 732 4778 ex
747 4719 772 4779 F
786 4719 882 4780 Terra
904 4739 958 4799 per
972 4721 1010 4794 N,
1034 4719 1061 4780 E
1085 4729 1221 4782 centrum
1244 4719 1403 4782 eoceutrici
1417 4719 1537 4798 eJecta,
1562 4733 1683 4796 semper

325 4803 430 4865 eadem
453 4803 495 4865 ait
517 4824 584 4874 cum
608 4827 662 4883 ea,
697 4825 775 4888 quae
804 4825 843 4870 ex
865 4809 891 4870 P
913 4808 1009 4870 Terra
1035 4826 1089 4888 per
1113 4808 1231 4886 Solem,
1265 4808 1329 4870 aire
1353 4808 1379 4870 is
1403 4807 1469 4886 jaus
1493 4806 1522 4868 iu
1547 4806 1682 4886 ampliori
