3698 5516
318 273 383 342 282
916 279 1079 332 Mn.

318 439 398 501 tauri
429 438 504 524 iisnt
526 437 675 516 epistolas
703 453 778 518 quas
801 437 894 501 inndo
925 439 964 501 ab
987 438 1039 514 iis,
1064 439 1171 520 quibus
1195 457 1242 502 me
1266 439 1387 501 honoris
1410 457 1504 502 cansa
1526 446 1562 502 ut
1585 439 1684 502 disci-
1771 516 1772 519 Ἴ

317 527 405 625 puina
429 526 590 612 submitto:
615 544 672 606 nge
686 535 718 588 et
733 525 805 588 mihi
823 545 908 611 meae
923 528 1070 609 epistotae
1086 536 1175 608 erunt
1197 528 1227 591 in
1242 528 1350 608 pretio,
1375 529 1535 614 scribam
1556 535 1681 606 eunte,

317 615 488 684 retinebo
520 615 752 696 exemplaria.
799 615 917 681 Morem
939 617 1101 685 Frischlini
1135 617 1282 698 sequitur,
1316 617 1390 683 uiris
1416 617 1504 690 bonis
1538 617 1683 698 injurians

318 705 410 780 tacit,
443 704 631 768 humanitate
664 701 798 769 oiioiose
821 705 917 784 magis
950 723 1040 785 quam
1063 706 1143 768 serio
1171 705 1368 778 scribentium
1400 707 1439 768 ad
1471 707 1684 772 instruendam

315 813 401 857 snam
424 792 538 856 rabiem
562 792 705 855 abutitur.
752 794 850 856 Tanto
874 799 983 874 pecca
1004 794 1142 876 grauius,
1168 795 1248 877 quod
1271 794 1368 856 virum
1391 813 1553 870 summum,
1588 813 1680 874 quens

316 903 364 946 me
388 879 528 944 admirari
551 881 648 966 videt,
679 880 754 944 meis
778 882 878 945 verbis
902 882 1070 945 deformare
1094 883 1206 945 studet.
1253 882 1485 946 Jurisconsuitis
1509 881 1548 944 do
1573 881 1680 944 discu-

316 971 451 1040 tiendum
473 971 530 1040 hoo
553 970 675 1043 crimen.
723 968 786 1036 Sed
810 971 880 1052 quid
903 989 977 1051 opus
1002 979 1050 1042 est
1082 990 1130 1034 me
1153 971 1212 1052 ipsi
1241 972 1391 1048 scribere,
1428 991 1496 1043 oum
1523 971 1567 1039 eit
1599 971 1683 1036 male

316 1060 444 1123 furiatus
459 1059 557 1135 humo,
583 1062 616 1122 nt
639 1058 735 1134 video,
760 1078 851 1139 aquo
866 1061 972 1121 merito
988 1059 1154 1122 cavendum
1173 1067 1231 1130 est,
1254 1079 1294 1122 ue
1314 1078 1404 1140 porro
1421 1079 1537 1141 quoque
1561 1060 1681 1122 laedat.

316 1148 448 1211 Videtur
470 1148 527 1210 hoc
550 1149 646 1228 ipsum
669 1148 700 1210 in
723 1166 820 1210 meam
844 1147 1020 1210 conminus
1044 1167 1133 1228 qnam
1149 1148 1300 1230 'ibchonis
1324 1148 1433 1211 iecisse
1452 1149 1680 1210 coutumeliam.

318 1236 395 1300 Guru
423 1237 500 1299 enim
524 1256 571 1299 me
594 1236 678 1317 prins
706 1237 883 1311 laudasset,
917 1245 1026 1319 postea
1049 1245 1217 1316 compertu,
1248 1237 1400 1316 suspicere
1424 1257 1472 1300 me
1496 1237 1683 1319 Tycbouem,

315 1327 410 1390 matus
433 1327 490 1388 hoo
513 1345 560 1387 use
584 1333 749 1386 scommate
772 1333 804 1387 st
827 1325 955 1387 ludibrio
974 1325 1141 1404 insignivit.
1188 1325 1313 1388 Utinam
1330 1345 1401 1388 vero
1416 1334 1584 1388 monstrum
1602 1325 1680 1388 iliud

315 1415 444 1490 videam,
469 1415 548 1495 quod
571 1432 670 1476 meam
693 1413 776 1476 iiiam
790 1415 952 1494 epistolum
965 1415 1105 1478 cornibus
1124 1414 1306 1477 circumfert.
1355 1412 1498 1480 Getarum
1516 1415 1681 1476 abstinebo

316 1504 437 1584 penitus
461 1503 499 1565 ab
522 1502 640 1566 homine
664 1509 766 1565 etms
790 1503 865 1564 data
888 1503 1048 1566 occasione
1070 1504 1207 1584 purgabo
1231 1502 1377 1584 iychoui,
1414 1503 1494 1584 quod
1518 1509 1550 1564 et
1571 1509 1604 1564 ts
1628 1521 1684 1566 oro

316 1601 350 1656 ut
373 1592 478 1654 iacias.
525 1592 669 1657 Mittatur
691 1591 763 1653 mihi
788 1591 943 1672 exemplar
965 1611 1051 1654 meae
1074 1593 1242 1673 impressae
1266 1590 1426 1670 epistolae,
1450 1611 1521 1653 uam
1535 1591 1684 1654 etsiver-

315 1680 420 1743 burum
445 1680 510 1760 jam
537 1689 610 1762 post
635 1685 755 1742 tsutmu
782 1681 926 1759 temporis
955 1699 1014 1742 nou
1037 1700 1104 1743 sum
1131 1681 1259 1759 amplius
1290 1699 1418 1757 mensor,
1453 1679 1543 1742 iaciie
1576 1688 1683 1744 nmen

213 1807 220 1818 -
317 1787 493 1850 agnoscam,
527 1769 553 1832 si
577 1768 654 1850 quid·
670 1787 727 1848 ego
750 1769 858 1849 scripsi
882 1769 967 1849 sique
986 1769 1111 1832 ulterius
1135 1769 1188 1832 ille
1213 1777 1374 1850 grassatus
1398 1776 1460 1845 est,
1490 1768 1585 1831 verbs
1608 1769 1685 1832 mihi

317 1859 395 1922 iorte
418 1859 563 1932 tribuens,
588 1877 665 1939 quas
690 1877 758 1919 mea
781 1876 839 1922 nou
863 1865 944 1920 sunt.
990 1857 1060 1921 Nou
1083 1877 1208 1939 possum
1232 1857 1366 1928 credere,
1390 1858 1468 1922 adeo
1482 1875 1531 1920 me
1554 1859 1685 1921 sudasse

316 1947 346 2010 in
370 1947 436 2027 ipso
459 1947 621 2020 laudando,
646 1955 679 2009 ut
702 1945 858 2028 superbire
882 1946 986 2009 asinus
1003 1947 1117 2010 'merito
1142 1955 1259 2028 posset.

315 2173 363 2238 (¹2
386 2105 653 2240 ffifflpw
680 2105 714 2164 ’⁴⁶
733 2104 872 2176 &ihm
897 2100 1013 2168 “W
1037 2106 1123 2170 ”⁰1³⁵ii
1139 2105 1311 2164 ammissum
1329 2103 1523 2168 iisestlinus
1556 2106 1686 2174 emm

385 2282 486 2342 loibum
498 2283 544 2340 ieri
555 2281 612 2340 Ursi
624 2283 714 2346 potius.
736 2295 811 2348 quam
821 2283 873 2337 reri
892 2282 997 2335 hominis
1011 2281 1230 2350 (quenadmodum
1242 2281 1328 2346 Tyebo
1351 2296 1409 2334 enm
1422 2278 1545 2354 sepeliti)
1561 2297 1609 2348 08⁰
1622 2297 1683 2348 iim·

315 2369 363 2418 que
384 2369 435 2404 non
453 2354 510 2404 ridi.
547 2353 641 2404 Verum
661 2369 691 2403 ex
710 2353 759 2403 hae
781 2354 888 2418 epistola
900 2353 1024 2418 Tycbonis
1045 2354 1129 2406 ridere
1151 2354 1196 2404 tibi
1216 2354 1283 2411 licet.
1306 2367 1373 2404 sune
1385 2353 1462 2402 rerba
1483 2358 1529 2403 tua
1549 2367 1683 2424 agnoscas.

316 2424 410 2487 Quodsi
428 2423 500 2489 plura
518 2425 563 2476 tibi
576 2425 673 2475 affinxit
686 2421 763 2490 (qnod
776 2439 823 2490 ego
834 2425 945 2488 proiecto
966 2425 1026 2475 mihi
1047 2427 1146 2475 omnino
1166 2421 1316 2489 persuadeo)
1329 2425 1421 2489 poteris
1439 2438 1489 2474 nou
1502 2425 1602 2475 tantum
1616 2425 1685 2489 apud

315 2495 458 2558 hotonem
477 2507 502 2545 ss
516 2509 634 2548 mussare
648 2492 735 2561 (quam
748 2497 835 2560 'ipsam
846 2496 878 2546 ob
890 2507 994 2549 osussm
1013 2510 1059 2628 050
1072 2503 1169 2561 quoque
1188 2496 1312 2546 hmtsnus
1324 2509 1469 2559 respomuru
1491 2495 1524 2546 sd
1537 2495 1683 2558 fyohonsm

315 2567 406 2624 distat,
419 2567 498 2618 donee
510 2574 579 2618 exte
591 2567 723 2632 sesdquid
735 2567 810 2621 esde
823 2581 849 2628 ss
862 2581 1062 2633 cognoscerem,
1084 2568 1129 2618 ssd
1148 2568 1223 2621 etism
1242 2567 1400 2618 ooouionsm
1420 2565 1460 2618 rsl
1481 2566 1623 2630 portemus
1643 2567 1683 2618 rei

315 2637 364 2690 siio
376 2637 448 2695 modo
469 2639 494 2688 id
506 2637 569 2695 Urso
592 2638 753 2704 exprobrandi
775 2652 902 2704 quaerere.
940 2637 991 2696 Sed
1002 2639 1036 2688 ibi
1050 2639 1151 2700 consilio
1170 2638 1210 2688 rel
1222 2637 1362 2688 consultore
1380 2643 1439 2702 puto
1454 2642 1480 2691 ts
1493 2652 1544 2704 non
1558 2637 1682 2704 tempus

314 2707 384 2760 Male
395 2709 501 2788 inn'stus
514 2715 580 2787 certe
593 2710 715 2760 esthemo
728 2709 775 2760 iste
788 2724 859 2770 rarus
872 2716 898 2760 et
910 2709 976 2760 ierus
988 2723 1069 2760 ursus.

374 2849 540 2915 'lepierns
564 2851 702 2902 transmisit
720 2849 856 2900 iissstiius
880 2850 966 2901 literas
982 2864 1040 2900 suae
1060 2847 1294 2916 „expurgsscrtss“,
1321 2853 1363 2916 qui
1388 2845 1431 2900 es's
1456 2857 1602 2917 „grstanter
1620 2851 1684 2919 legit

312 2923 406 2989 sibique
428 2929 455 2973 et
472 2923 580 2987 Ksplsro
598 2923 629 2974 ds
651 2923 798 2988 purgatione
816 2935 864 2974 sus
879 2921 1037 2972 uehementer
1057 2921 1224 2988 gratulamr“.
1264 2919 1355 2986 Spero,
1378 2923 1467 2986 pergit,
1478 2923 1570 2987 ipsum
1582 2923 1681 2987 Tyano-

313 3011 371 3054 nem
400 2995 477 3052 etism
498 2995 595 3047 omnino
622 2998 767 3052 contentum
780 2993 838 3050 iore.
883 2992 936 3058 Ego
949 2992 1029 3042 eidem
1052 2993 1161 3044 nondum
1183 2993 1298 3058 respondi
1316 2993 1355 3044 bis
1377 2991 1473 3046 duabus
1485 2995 1582 3046 ‘osnds
1603 2997 1682 3060 impe·

312 3065 389 3116 diuus:
408 3065 485 3129 primo
498 3066 557 3129 qnia
567 3063 626 3130 quid
637 3079 680 3137 pro
693 3070 719 3114 te
738 3063 935 3128 respondendnm
949 3067 1028 3132 esset„
1046 3063 1207 3129 ignorsbsms
1228 3064 1424 3126 exspectandum
1437 3078 1495 3130 ergo
1524 3065 1583 3114 mihi
1604 3067 1682 3116 tuisse

313 3137 407 3198 censui,
430 3135 642 3200 utinteiiigersm,
662 3148 695 3184 an
714 3134 867 3185 ilisslitsras
888 3134 921 3185 ud
934 3135 1022 3183 Forum
1045 3148 1202 3199 agnosceres.
1240 3133 1339 3184 Etenim
1360 3135 1459 3184 omuino
1481 3135 1563 3193 credo,
1590 3136 1680 3186 Ferrum

312 3207 381 3256 ilium
392 3205 513 3256 nonnulis
525 3206 556 3258 de
569 3221 613 3257 suo
626 3207 661 3257 sis
674 3205 808 3256 effinxisse.
844 3205 918 3256 Nune
931 3211 1016 3256 sutem
1028 3219 1107 3268 spero.
1130 3205 1274 3268 Tyehonem
1290 3204 1340 3255 buo
1352 3210 1398 3257 tus
1416 3211 1444 3256 ut
1456 3205 1507 3256 dixi
1527 3209 1678 3273 purgatione

313 3279 405 3342 optime
416 3281 560 3328 contentum
573 3279 632 3328 iore.
657 3276 744 3326 ditare
757 3290 835 3333 sams
846 3283 894 3336 est,
907 3276 971 3340 quod
982 3276 1084 3328 ubinam
1097 3280 1218 3326 terrsmm
1229 3277 1263 3326 sit
1274 3275 1359 3338 heho
1371 3278 1480 3328 incertus
1493 3291 1556 3328 snm.
1593 3277 1676 3336 ussu-

313 3348 384 3412 bnrssi
396 3347 463 3402 enirn
475 3362 531 3398 eum
552 3363 604 3404 non
616 3348 719 3412 amplius
732 3363 795 3406 esse,
818 3349 851 3398 sd
862 3363 903 3400 une
915 3360 1056 3412 quanquam
1075 3348 1170 3398 incerto
1187 3349 1278 3398 nuncio
1301 3347 1410 3398 deistnm
1423 3349 1478 3414 init.
1517 3347 1585 3410 Quin
1602 3351 1680 3400 eriam

313 3417 445 3475 ferebatur,
465 3416 546 3484 ipsum
559 3419 690 3485 aliqnando
708 3419 833 3484 superiore
850 3434 915 3470 anno
935 3432 986 3468 non
998 3418 1081 3482 procul
1092 3417 1150 3474 hino
1163 3414 1220 3480 (sed
1231 3419 1274 3468 ubi
1295 3425 1320 3469 et
1332 3433 1408 3484 qnam
1427 3418 1522 3484 procul,
1545 3425 1591 3470 aut
1613 3433 1676 3470 aus

314 3488 406 3540 deruis
418 3489 456 3539 vei
468 3489 572 3539 sinistris
584 3491 718 3540 resciscere
730 3506 781 3540 nou
791 3488 873 3555 potui)
886 3491 1021 3547 transiisse,
1044 3503 1119 3554 qnare
1132 3504 1179 3554 qno
1197 3491 1321 3552 mitterem
1333 3491 1419 3542 literas
1437 3491 1619 3542 incertissimus
1632 3492 1678 3541 iud.

314 3559 365 3622 (ils
381 3559 488 3625 eplstols
504 3559 529 3610 d
549 3561 572 3612 d.
593 3559 636 3610 22.
655 3563 715 3626 Aps.
734 3559 799 3623 et).

383 3700 417 3754 D.
439 3697 482 3754 22.
504 3703 570 3767 Aug.
593 3697 635 3754 22.
655 3701 779 3767 Kapisrus
797 3701 862 3754 haec
880 3701 911 3758 de
930 3701 992 3758 Urso
1015 3701 1083 3753 dedit
1103 3699 1253 3752 Matutino:

402 3806 506 3890 'i'ycho
528 3807 725 3889 Witebergse
748 3816 813 3882 eet;
837 3807 937 3888 agitur
963 3815 998 3869 ut
1020 3806 1152 3887 Pregam
1175 3815 1322 3872 transeat
1369 3807 1480 3870 Libelli
1507 3808 1589 3871 iliius
1614 3811 1678 3892 Ty-

313 3895 550 3976 ehonomastigie
574 3899 729 3978 exemplar
750 3899 790 3960 ad
813 3916 860 3960 me
884 3895 966 3959 misit
987 3895 1027 3958 D.
1051 3895 1242 3972 Heruartns,
1271 3897 1318 3958 vir
1340 3895 1465 3972 nobilis,
1481 3898 1583 3972 ,sulae
1607 3899 1674 3962 Ba-

313 3983 434 4046 usricae
467 3985 680 4062 cancellarius,
714 3987 744 4049 in
773 3988 853 4050 omni
876 3983 1080 4047 doctrinarum
1109 4001 1219 4063 genere
1249 3984 1532 4048 exercitatissimus.
1579 3987 1616 4049 In
1641 4005 1676 4048 eo

314 4072 439 4135 tandem
464 4073 526 4136 vidi
558 4075 720 4155 epistolam
746 4095 858 4150 meam,
892 4093 982 4156 quum
1013 4073 1070 4136 hoc
1098 4071 1224 4136 consilio
1252 4074 1394 4136 inseruit:
1427 4075 1586 4155 proposuit
1618 4075 1677 4138 sibi

314 4161 486 4244 'Pythonem
510 4169 542 4225 et
568 4163 746 4228 Roesiinum
777 4163 979 4245 exagitandos
1011 4181 1081 4224 cnm
1102 4160 1234 4224 inventis
1262 4169 1295 4223 et
1316 4162 1575 4240 speculationibus
1600 4165 1674 4227 suis.

314 4249 460 4318 Bneslino
495 4250 599 4332 objicit
626 4253 854 4334 amplitudinem
882 4251 963 4315 orbis
986 4250 1092 4312 Martii
1121 4249 1305 4314 contrarium
1333 4250 1610 4327 observationibus,
1645 4260 1678 4314 et

314 4340 504 4404 demonstrat
526 4340 674 4404 rationem
696 4340 865 4424 inquirendi
888 4340 1053 4403 distantius
1076 4358 1115 4402 ex
1137 4339 1298 4402 snomaiia.
1346 4339 1420 4402 Inde
1445 4340 1550 4403 addit:
1577 4342 1677 4416 „Hinc

314 4429 409 4493 stiam
431 4427 604 4492 examinare
627 4430 714 4506 lieet,
739 4449 817 4492 unus
840 4447 894 4509 par
917 4429 1017 4492 omnia
1039 4447 1113 4492 vera
1136 4427 1177 4490 eit
1200 4427 1362 4501 (seriorem
1385 4429 1466 4492 enirn
1489 4431 1552 4492 scio
1576 4429 1675 4512 hypo-

313 4518 450 4582 thesibus
473 4517 624 4593 Roeslini)
648 4518 800 4582 sententia
821 4518 861 4581 D.
885 4517 1024 4598 Kepleri,
1048 4537 1138 4598 quum
1162 4515 1202 4579 ad
1224 4535 1271 4578 me
1294 4517 1472 4597 perscripsit
1498 4517 1583 4582 hisce
1608 4519 1674 4581 inus

313 4606 414 4688 dignis
429 4607 559 4672 literis.“
584 4605 661 4673 Gum
675 4609 857 4672 mentionem
872 4606 967 4669 iaciat
982 4605 1115 4687 opusculi
1130 4605 1189 4668 suni
1203 4605 1343 4668 nundinis
1358 4606 1674 4670 Francoiordensibus

313 4695 468 4776 publicati,
489 4697 590 4761 nescio
614 4717 667 4762 our
689 4698 756 4764 luce
779 4697 887 4778 dignas
910 4695 967 4759 iuss
981 4701 1104 4758 censeat
1120 4695 1235 4768 literas,
1261 4693 1319 4756 nisi
1333 4695 1403 4775 quia
1418 4695 1517 4775 ipsum
1537 4697 1673 4759 laudant

315 4784 474 4867 aquibus
496 4806 536 4850 sn
560 4786 674 4870 utiq-‘d
697 4785 887 4862 desumssrii,
912 4784 1031 4850 nssoio:
1054 4801 1131 4867 quse
1146 4783 1241 4866 ponit,
1266 4782 1368 4846 omnia
1381 4802 1451 4846 mea
1474 4791 1555 4853 sum
1597 4783 1674 4850 (ium
