3698 5516
808 245 897 290 aoctrc
914 235 1012 290 nuum.
1032 225 1034 230 ¹
1522 235 1587 302 255

202 385 265 452 sius
296 393 388 454 ratio
421 401 485 456 εει.
527 395 605 458 Nam
630 393 798 458 rationibus
820 394 941 458 Eudoxi
965 401 1199 458 cousentaneum
1222 404 1284 471 est,
1314 403 1347 458 ut
1368 394 1416 457 hic
1441 395 1586 476 jamnon

204 477 303 542 vebat
326 481 445 556 nodos,
472 483 526 546 sed
548 484 721 546 revolvatur
743 483 772 544 in
797 481 930 546 Saturno
954 483 1074 564 quidem
1097 484 1184 546 aunis
1209 481 1260 559 30,
1285 484 1315 546 iu
1329 481 1406 546 Jove
1431 483 1517 546 annis
1536 479 1585 559 12,

208 567 237 628 in
257 567 372 630 Marte
399 570 556 633 mensibus
580 568 632 645 23,
657 571 687 632 in
713 572 834 634 Venere
859 580 891 634 et
913 573 1063 634 Mercurio
1086 574 1239 637 mensibus
1267 570 1316 636 12.

303 655 356 720 Sit
380 677 504 722 rursum
527 660 590 740 (hg.
616 657 651 739 2)
675 657 759 725 ABG
783 660 882 740 portio
911 662 1037 724 fixarum
1061 661 1209 742 sphaerae
1234 668 1265 724 ει
1293 659 1324 723 in
1348 679 1384 738 ea
1406 659 1500 722 oolnri
1522 660 1586 721 sol-

218 745 387 824 stitiorum,
415 746 465 808 cni
487 747 670 828 respondeat
693 746 782 810 DEG
805 748 919 827 primns
942 749 1061 814 Eudoxi
1084 749 1179 826 orbis,
1210 769 1296 830 quem
1319 749 1432 810 habeut
1455 747 1475 812 5
1500 768 1585 812 erro-

221 853 283 912 nes,
307 835 359 916 qui
383 837 527 898 volvatur
550 855 640 916 snper
663 837 720 898 ΒΗ
743 836 822 916 polis
846 846 878 898 et
903 857 970 912 axe,
995 837 1044 898 axi
1067 837 1155 918 primi
1178 847 1276 901 motus
1300 836 1498 901 coincidente.
1537 835 1587 900 Sit

221 923 291 986 riv
315 926 470 988 secundus
494 923 584 999 orbis,
608 923 692 1003 cujus
714 925 776 1005 poli
800 925 835 998 T,
860 926 890 986 V
913 925 1091 1006 figanturiu
1114 927 1233 1006 punctis
1257 928 1291 1001 F,
1318 923 1347 988 G
1370 925 1466 1006 primi,
1491 932 1522 986 et
1546 925 1587 988 sit

223 1011 276 1077 DF
299 1012 467 1094 obliquitas
492 1012 661 1094 eclipticae.
708 1011 807 1094 Super
831 1013 868 1074 iis
891 1015 970 1095 polis
998 1015 1124 1094 planeta
1147 1023 1284 1078 movetur
1307 1013 1337 1076 in
1362 1013 1585 1095 consequentia,

223 1119 250 1162 v.
268 1119 294 1162 e.
318 1097 340 1178 15
365 1101 453 1190 aquis
479 1099 521 1164 30
545 1103 583 1164 ad
603 1101 681 1166 idem
704 1101 792 1182 primi
817 1103 865 1164 vel
888 1103 1005 1170 zodiaci
1018 1112 1162 1183 puuctum
1177 1103 1310 1166 rediens.
1356 1103 1449 1166 KML
1464 1101 1505 1164 sit
1519 1111 1584 1164 ter·
1625 1098 1628 1103 ’

224 1189 282 1252 tius
306 1190 398 1266 orbis,
424 1191 509 1269 cnjus
532 1189 595 1270 poli
615 1191 659 1262 K,
683 1191 709 1252 L
734 1199 805 1252 sunt
828 1191 856 1252 in
880 1191 1036 1271 superficie
1056 1193 1179 1254 secundi
1202 1191 1377 1274 permedia
1400 1191 1488 1272 signa
1508 1211 1584 1265 epu-

224 1278 265 1340 tis
294 1279 384 1352 TlV;
426 1298 518 1358 super
553 1278 590 1340 iis
623 1287 780 1342 movetur„
791 1279 940 1358 superiori
972 1288 1080 1357 parte·
1103 1281 1132 1343 in
1167 1281 1384 1362 consequentia
1421 1279 1585 1342 secundum

224 1375 356 1430 tractum
386 1367 488 1430 circuli
517 1365 639 1430 maximi
671 1367 762 1442 YIX‚
797 1377 829 1430 et
856 1369 900 1432 sic
928 1377 1065 1430 movetur
1094 1378 1129 1431 ut
1157 1370 1312 1450 requirunt
1341 1368 1420 1432 nodi.
1468 1366 1586 1439 Quodsi

225 1455 326 1532 YXZ,
366 1475 438 1536 pars
470 1456 566 1518 lineae
595 1456 854 1536 repraesentantis
883 1456 1068 1538 eclipticam,
1110 1459 1276 1540 explicetur
1308 1468 1342 1522 ut
1368 1459 1422 1522 liat
1445 1457 1583 1534 circulus,

224 1545 344 1606 colurus
359 1545 431 1605 TIV
454 1545 508 1605 het
529 1544 559 1606 iu
581 1543 700 1624 pictura
724 1545 812 1618 linea,
837 1545 976 1608 similiter
994 1554 1026 1606 et
1040 1546 1128 1608 KYL
1142 1556 1173 1608 et
1191 1547 1234 1621 K,
1259 1547 1286 1608 L
1309 1546 1372 1628 poli
1395 1565 1461 1608 cum
1480 1554 1584 1610 centro

224 1633 404 1696 coincident.
452 1631 536 1694 PRO
565 1631 606 1694 sit
636 1642 776 1712 quartus,
810 1634 894 1713 cujus
923 1635 985 1714 poli
1004 1634 1043 1712 P,
1069 1633 1096 1696 Ο
1126 1635 1177 1697 fixi
1208 1635 1271 1698 siut
1297 1635 1327 1697 in
1354 1635 1438 1697 tertii
1463 1633 1583 1716 punctis

222 1723 272 1796 hl,
297 1721 344 1796 N,
375 1740 465 1801 super
488 1720 594 1800 quibus
617 1730 754 1784 movetur
776 1721 880 1783 itidem
904 1721 934 1784 in
958 1723 1173 1802 consequentia
1203 1723 1366 1786 secundum
1389 1730 1519 1787 tractum
1538 1723 1585 1786 sui

223 1810 328 1874 circuli
355 1809 479 1872 maximi
501 1807 574 1884 RS,
606 1811 770 1872 secundnm
794 1829 883 1890 quarn
907 1811 986 1874 viam
1020 1812 1112 1874 stella
1140 1811 1348 1874 circumfertur
1377 1819 1511 1890 tempore
1537 1829 1582 1885 eo,

224 1901 303 1979 qnod
324 1899 464 1979 postulat
487 1899 639 1960 anomalia
661 1899 913 1962 commutationis.
960 1899 1045 1960 Haec
1059 1899 1176 1962 Eudoxi
1190 1900 1360 1980 philosophi
1374 1898 1584 1981 philosophica

223 1989 325 2070 opinio
349 1988 387 2050 de
412 1983 432 2048 5
455 1987 640 2057 errantibus,
669 1988 719 2068 qui
742 1989 871 2049 alteram
889 1987 1138 2070 inaequalitatem
1160 1987 1327 2070 ignoravit,
1358 2005 1434 2069 quae
1459 1997 1508 2050 est
1530 2006 1581 2050 re-

223 2085 330 2158 spectu
354 2077 436 2138 orbis
458 2075 610 2156 planetae.

313 2165 460 2242 „Tertiae
483 2183 555 2225 vero
579 2162 710 2230 omnium
733 2162 881 2242 sphaerae
905 2163 993 2244 polos
1017 2182 1084 2226 esse
1108 2164 1137 2224 in
1162 2182 1197 2225 eo
1221 2162 1342 2242 cuculo,
1367 2163 1417 2244 qni
1439 2181 1494 2244 per
1516 2184 1582 2228 me-

222 2255 303 2318 dium
337 2253 492 2333 signorum
523 2253 655 2314 transit:
689 2259 724 2313 at
756 2260 881 2332 quartae
910 2253 1135 2314 conversionem
1164 2271 1232 2314 esse
1260 2271 1315 2334 per
1341 2253 1499 2328 circulum,
1533 2253 1612 2333 qui*

222 2343 362 2424 obliquus
387 2352 436 2403 est
463 2342 502 2402 ad
525 2341 652 2404 medium
676 2338 819 2402 circulum
842 2340 940 2420 hans.
985 2340 1064 2402 Esse
1085 2358 1176 2420 porro
1200 2341 1309 2404 tertiae
1324 2341 1472 2421 sphaerae
1495 2343 1581 2422 polos

221 2431 406 2512 reliquarum
431 2429 549 2511 quidem
570 2429 725 2494 stellarum
747 2429 900 2510 proprios,
930 2429 1061 2492 Veneris
1084 2438 1186 2492 autern
1209 2437 1241 2491 et
1262 2427 1404 2492 Mercurii
1427 2429 1583 2494 eosde‘m.“

222 2521 264 2583 Ut
286 2521 366 2583 hune
389 2537 460 2580 vere
485 2515 630 2580 Gordium
653 2517 763 2578 nodum
786 2535 852 2580 cnm
875 2517 993 2580 ratione
1018 2527 1050 2580 et
1072 2519 1124 2579 via
1146 2524 1230 2580 certa
1253 2517 1440 2580 adoriamur:
1465 2518 1510 2580 sic
1533 2528 1582 2582 cst

220 2609 308 2671 nobis
339 2608 501 2687 agendum.
555 2607 590 2668 Iu
614 2605 701 2668 Luna
728 2604 805 2667 vidit
830 2605 975 2670 Eudoxus
1004 2603 1024 2669 3
1054 2614 1168 2670 motus:
1205 2606 1238 2679 1)
1262 2605 1399 2670 diurnum
1436 2604 1472 2680 2)
1495 2626 1581 2670 rnen-

220 2707 339 2760 struum
364 2696 394 2758 iu
419 2695 589 2776 oppositum
622 2694 719 2774 primo
752 2701 785 2756 et
807 2693 959 2774 obliquum
983 2695 1038 2758 snb
1062 2695 1186 2758 zodiaco
1221 2691 1257 2770 3)
1282 2695 1331 2775 qui
1362 2695 1580 2776 digressionem
1695 2751 1701 2760 .

221 2788 288 2865 ejus
313 2787 353 2848 ab
377 2784 522 2864 ecliptica
547 2781 691 2845 variaret.
737 2783 788 2844 Ad
817 2801 969 2846 numerum
999 2783 1076 2850 hunc
1103 2790 1236 2846 motuum
1261 2783 1389 2848 totidem
1412 2783 1504 2846 etiarn
1521 2803 1580 2864 po·

219 2876 316 2937 nebat
339 2873 441 2936 orbes.
487 2874 522 2936 In
549 2871 682 2951 planetis
707 2869 816 2934 ceteris
839 2868 861 2934 4
885 2869 1069 2934 observabat
1098 2879 1196 2934 motus
1225 2872 1385 2936 admodum
1408 2871 1579 2958 evidentes:

220 2963 253 3037 l)
278 2963 417 3026 diurnum
446 2961 501 3024 sub
524 2967 689 3041 aequatore
717 2959 748 3022 in
772 2959 986 3022 antecedentia
1020 2957 1056 3034 2)
1080 2961 1135 3022 sub
1158 2959 1282 3024 zodiaco
1310 2961 1340 3023 in
1364 2961 1581 3042 consequentia

218 3049 257 3128 3)
280 3050 454 3114 latitudinis
488 3050 526 3111 ab
549 3049 690 3128 ecliptica
719 3043 757 3124 4)
781 3067 838 3128 qno
865 3048 1009 3129 planetae
1032 3048 1076 3112 illi
1092 3068 1167 3130 prae
1189 3049 1383 3114 luminaribus
1406 3049 1463 3111 hoc
1485 3067 1580 3130 pecu-

218 3141 294 3204 liare
323 3140 510 3212 obtinerent,
542 3147 576 3199 nt
602 3139 709 3200 tierent
736 3137 916 3218 retrogradi.
961 3137 1009 3198 Dc
1035 3138 1131 3220 primo
1159 3146 1191 3200 et
1218 3139 1349 3202 secundo
1372 3145 1471 3210 motu,
1501 3139 1581 3218 quod

216 3230 239 3292 ii
263 3231 328 3292 sint
351 3227 487 3290 omuibus
511 3246 690 3300 communes,
716 3225 784 3306 ipsa
797 3227 891 3288 verba
904 3225 1083 3290 Aristotelis
1098 3225 1175 3290 satis
1195 3235 1358 3290 testantur.
1405 3223 1495 3298 Quod
1508 3245 1580 3290 vero

216 3327 250 3382 et
271 3318 383 3381 tertius
406 3315 575 3380 latitudinis
590 3315 695 3379 Lunae
719 3334 785 3376 cnm
808 3314 856 3377 his
879 3311 899 3376 5
924 3315 1079 3380 errouibus
1102 3317 1267 3380 communis
1290 3315 1341 3391 sit,
1366 3316 1424 3379 etsi
1447 3334 1485 3377 ex
1507 3334 1579 3378 ver·

216 3407 265 3470 bis
287 3405 470 3468 Aristotelis
493 3423 550 3467 uon
575 3404 728 3486 seqnitur,
759 3423 818 3466 non
842 3403 968 3467 latuisse
992 3412 1092 3467 tamen
1114 3403 1273 3468 Eudoxum
1290 3405 1379 3488 ratio
1405 3404 1578 3484 persuadet.

214 3496 297 3560 Nam
316 3496 343 3558 ei
369 3513 426 3556 uon
450 3494 517 3574 plus
541 3491 715 3573 diligentiae
738 3491 767 3556 iu
792 3493 980 3555 observando
1004 3493 1154 3570 adhibuit,
1180 3513 1268 3574 quarn
1292 3501 1436 3574 quantum
1459 3493 1499 3556 ad
1522 3493 1578 3556 de·

215 3585 450 3665 prehendendas
474 3581 752 3662 retrogradationes
777 3581 902 3656 sulhcit,
932 3599 990 3644 non
1012 3582 1112 3662 potnit
1139 3600 1198 3644 non
1220 3581 1341 3664 saepius
1368 3582 1398 3644 in
1423 3601 1500 3644 auno
1524 3602 1577 3645 re-

216 3675 335 3753 spicere
365 3671 405 3734 ad
431 3663 622 3751 planetarum
651 3670 890 3749 conjunctiones,
930 3689 1053 3750 quornm
1082 3690 1156 3734 unus
1187 3669 1246 3734 alio
1274 3672 1323 3734 vel
1350 3669 1501 3734 borealior
1529 3673 1578 3734 vel

216 3762 395 3836 australior,
430 3767 462 3822 et
485 3759 529 3822 sic
556 3761 694 3822 diversae
723 3759 761 3820 ab
785 3759 881 3821 altero
907 3758 1075 3822 latitudiuis
1099 3767 1197 3834 esset,
1227 3779 1283 3822 nec
1311 3760 1350 3822 ad
1374 3778 1502 3842 unguem
1525 3779 1579 3840 per

119 3873 123 3886 ·
217 3853 348 3914 medium
380 3850 533 3930 signorum
563 3849 700 3911 serretur.
747 3847 790 3910 Et
817 3847 847 3909 in
876 3845 1077 3927 descriptione
1106 3847 1226 3929 quidem
1249 3849 1349 3930 quarti
1379 3867 1446 3924 cnm
1473 3848 1579 3912 eadem

215 3939 277 4004 sint
299 3938 406 4015 verba,
431 3957 508 4019 quse
531 3955 622 4016 supra
644 3937 674 3999 iu
698 3935 899 4014 descriptione
923 3935 1023 4000 tertii:
1047 3936 1199 4013 „medium
1218 3937 1360 4001 cuculum
1376 3939 1476 4020 quarti
1498 3938 1578 4002 obli-

215 4049 302 4110 quum
331 4047 403 4092 esse
435 4027 474 4088 ad
497 4025 626 4088 medinm
649 4025 765 4101 tertii“,
790 4032 877 4087 tanto
901 4025 998 4088 miuus
1023 4035 1070 4088 est
1093 4045 1145 4088 cur
1169 4027 1352 4103 dubitemus,
1387 4028 1517 4092 alterum
1541 4047 1579 4090 ex

213 4119 258 4182 his
281 4116 441 4182 latitudini
464 4116 616 4194 planetae,
641 4114 769 4176 alterurn
796 4114 1049 4194 retrogradationi
1065 4115 1213 4194 deputari.
1258 4117 1365 4198 ltaque
1385 4136 1445 4180 non
1467 4124 1516 4180 εει
1529 4117 1578 4180 hic

211 4209 381 4272 audiendus
410 4207 646 4276 manaremus,
684 4202 733 4284 qui
761 4201 937 4266 latitudines
971 4203 1161 4284 planetarum
1189 4203 1228 4267 ab
1255 4203 1382 4268 Eudoxo
1410 4205 1575 4286 neglectas,

209 4299 356 4363 ambobus
391 4312 469 4356 vero
501 4292 547 4354 his
571 4290 691 4354 circulis
724 4311 813 4354 unam
841 4293 1132 4372 retrogradatiouem
1162 4301 1423 4374 repraesentatum
1455 4295 1575 4369 asserit,

203 4388 367 4454 Eudoxum
394 4383 437 4446 ad
462 4400 519 4444 sua
541 4379 774 4443 Homocentrica
798 4379 896 4461 adque
921 4380 1046 4444 formam
1069 4389 1203 4446 motuum
1233 4403 1253 4444 a
1276 4401 1309 4446 se
1333 4402 1407 4446 sane
1429 4401 1575 4466 perquam

201 4480 362 4563 ingeniose
400 4475 560 4536 inventam
587 4469 735 4534 violenter
763 4470 1002 4534 accommodans.
1056 4469 1099 4532 Et
1126 4469 1245 4540 obtinet
1271 4471 1322 4534 ille
1355 4471 1475 4551 quidem
1501 4488 1574 4552 pro-

195 4571 342 4654 positum,
376 4565 416 4626 fit
441 4560 568 4640 planeta
589 4558 783 4640 retrogradus
811 4566 845 4621 et
866 4557 956 4620 velox
978 4566 1010 4622 et
1033 4559 1243 4636 stationarius,
1274 4559 1423 4640 positione
1451 4559 1576 4622 duorum

192 4663 310 4728 orbium
339 4656 482 4720 Terram
507 4648 536 4710 in
560 4657 661 4711 centro
685 4647 870 4721 habentium,
904 4665 1028 4728 quorum
1051 4649 1176 4712 alterins
1198 4646 1262 4729 poli
1284 4648 1313 4708 iu
1338 4647 1479 4726 ecliptica
1502 4647 1573 4718 sint,

187 4763 289 4822 motus
316 4761 443 4811 versus
467 4737 556 4822 polos
580 4735 751 4820 eclipticas,
785 4736 911 4800 alterius
933 4755 1006 4802 vero
1028 4736 1090 4822 poli
1114 4737 1153 4800 ab
1175 4737 1232 4800 boc
1255 4734 1502 4798 circumferantur
1525 4733 1574 4798 di-
