3674 5528
778 231 861 284 uoco
880 231 995 284 ausa.
1502 229 1567 303 279

175 388 203 432 ti
222 397 389 452 oppugnare
411 392 555 454 amenum,
574 389 663 442 Sontas
681 393 782 456 quidam
800 396 902 446 nasone
921 393 974 454 tuit,
995 391 1134 444 medcinae
1153 391 1290 444 Galenicae
1310 392 1407 452 doctor,
1428 399 1453 440 et
1471 392 1565 444 Aristo-

177 453 268 506 tcleae
296 457 485 526 philosophiae
509 477 582 528 supra
598 461 698 512 modum
717 463 845 522 addictus,
874 480 946 530 quem
971 464 1011 514 hio
1030 465 1157 512 nominare
1183 463 1239 510 nolo
1265 465 1318 525 ejm
1340 461 1425 512 honori
1452 476 1566 526 parcens.

182 523 249 574 Vult
268 528 379 592 quidem
407 534 430 582 is
450 548 541 597 genere
558 534 647 583 nobilis
669 532 769 591 haberi,
795 537 831 584 uti
851 536 880 585 de
900 552 926 584 se
949 537 1003 598 ipso
1027 533 1164 583 nonnullibi
1181 534 1306 588 insinuat.
1334 534 1378 583 sed
1396 539 1482 583 tameo
1500 533 1565 583 dicto

186 597 338 663 philosopho
359 602 467 654 ethnico
485 605 555 653 nimis
573 605 694 653 serviliter
711 607 805 669 potiore
824 609 862 656 sui
880 613 964 671 parte,
984 607 1009 655 h.
1030 620 1051 654 c.
1071 605 1144 669 genio
1163 609 1189 654 et
1207 606 1320 670 iugenio,
1343 607 1369 656 io
1387 605 1435 655 hcc
1452 617 1564 667 praeser-

191 671 237 720 tim
256 670 288 720 de
309 676 421 723 cometis
440 677 548 739 negotio,
567 676 731 738 mancipatus.
770 677 831 726 Cum
850 678 891 727 ille
910 693 940 727 ex
958 677 1134 726 intercessione
1154 677 1282 737 cujusdam
1301 676 1338 724 sni
1357 676 1513 725 conterranel
1525 689 1566 726 ms

194 741 235 792 hic
257 743 395 794 invisentis
421 745 509 795 librum
536 753 645 796 nostrum
673 749 809 798 secundum
828 749 859 798 de
885 749 994 799 aetherei
1017 747 1102 796 mundi
1128 747 1317 811 phoenomenis,
1344 748 1385 810 qui
1411 747 1441 796 de
1461 746 1566 796 Cometa

198 814 257 862 anui
275 811 320 862 77.
340 815 443 866 affatim
462 823 563 875 mactat,
582 819 666 867 statim
686 825 760 881 atque
779 821 799 868 is
817 821 882 884 typis
902 819 1027 869 absolutas
1045 823 1110 875 erat,
1129 820 1273 880 accepisset.
1293 818 1390 880 scriptis
1403 817 1436 867 ad
1454 830 1493 867 me
1506 817 1564 866 lite·

199 886 232 934 ria
250 888 404 936 unitiones
422 895 521 938 nasim
539 889 612 938 isthic
631 890 833 952 comprehensas,
861 892 1006 955 praesertim
1031 889 1095 954 quod
1115 895 1238 940 cometam
1266 889 1333 938 illum
1357 890 1382 938 iu
1407 887 1566 938 aetherea

200 955 306 1006 muudi
334 959 466 1023 regione
494 966 520 1009 et
537 973 694 1024 nequequam
713 961 859 1011 elementari
878 959 978 1024 (contra
1000 974 1073 1025 quam
1098 960 1181 1010 docuit
1200 955 1357 1018 Aristoteles)
1377 975 1475 1010 cursum
1492 973 1565 1010 suum

200 1027 335 1077 absolvisse
353 1029 519 1090 ostenderim,
546 1031 694 1082 indubium
712 1047 801 1084 rocam
820 1039 846 1081 et
864 1037 983 1098 quantum
1008 1033 1105 1094 inipso
1133 1037 1188 1080 erat
1214 1031 1367 1080 labefactare
1387 1036 1491 1080 cenatus
1517 1036 1563 1079 est.

200 1099 381 1148 Existimabam
411 1108 478 1151 certe
497 1101 528 1151 ab
552 1103 631 1158 initio,
659 1103 782 1152 hominem
809 1105 889 1154 amice
916 1111 941 1152 et
966 1103 1072 1152 candide
1095 1102 1204 1151 veritatis
1232 1103 1338 1165 penitius
1363 1101 1564 1151 manifestandae

198 1170 284 1234 gratia
301 1170 327 1219 id
345 1172 426 1234 ipsum
445 1187 529 1237 agere.
567 1172 640 1234 Quod
657 1181 683 1222 et
701 1174 771 1224 multi
791 1174 831 1222 alii
850 1191 899 1224 non
918 1174 1034 1224 inemditi
1053 1174 1096 1222 viri
1113 1187 1209 1222 mecum
1223 1173 1316 1236 opinati
1329 1177 1400 1226 sunt,
1425 1174 1563 1235 intorques

198 1246 255 1289 erat
272 1241 423 1306 magnificus
449 1243 490 1292 ille
507 1243 524 1292 J
530 1257 572 1293 ac.
594 1244 736 1298 Curtius.
765 1246 859 1308 imperii
883 1245 1091 1309 procaucellarius
1110 1241 1155 1293 dc.
1193 1246 1228 1293 At
1246 1245 1320 1294 Scuto
1342 1243 1413 1300 huic,
1440 1257 1495 1292 cum
1514 1257 1563 1294 non

198 1311 279 1360 solum
298 1313 473 1362 Aristotelem
491 1317 667 1364 auctoritatem
685 1315 788 1366 multum
807 1325 894 1366 contra
911 1331 957 1364 nos
975 1317 1116 1372 venditarit,
1136 1315 1180 1364 sed
1193 1317 1269 1366 etiam
1281 1315 1459 1379 geometricum
1477 1315 1562 1364 neseio

198 1383 258 1448 quid
277 1397 321 1446 pre
340 1397 386 1433 sna
404 1385 518 1449 opinione
536 1387 687 1436 stabilienda
704 1389 861 1449 pertexuerit,
880 1388 927 1450 ipsi
945 1387 990 1436 soli
1008 1387 1119 1436 modeste
1138 1386 1285 1436 obviandum
1304 1387 1407 1442 cenam,
1425 1387 1515 1448 partim
1534 1389 1563 1434 ut

199 1456 254 1515 eju
273 1455 441 1516 sitientium,
468 1469 532 1520 quae
556 1459 664 1520 speciem
683 1459 806 1522 quandam
827 1461 876 1508 ven'
896 1473 954 1522 prae
972 1473 999 1508 se
1024 1458 1138 1507 ferebant
1165 1465 1191 1507 st
1208 1458 1322 1506 incautos
1349 1456 1424 1506 facile
1442 1457 1468 1504 in
1487 1455 1562 1506 devia

199 1525 313 1588 abripere
331 1531 457 1588 poterant,
477 1527 608 1582 diluerem.
637 1530 726 1591 partim
751 1537 780 1580 ut
797 1529 917 1580 nonnrrlla
934 1530 959 1578 in
979 1530 1066 1580 eodem
1084 1527 1115 1578 11.
1135 1535 1201 1578 tomo
1227 1534 1346 1578 contenta
1363 1526 1460 1590 plenius
1480 1532 1506 1576 et
1524 1526 1560 1576 di·

197 1595 306 1646 lucidius
334 1597 483 1660 explicarem
507 1606 583 1662 atque
602 1600 633 1649 de
652 1615 679 1650 re
698 1603 820 1651 cometica
837 1601 991 1665 generaliore
1015 1599 1122 1663 quodam
1139 1600 1211 1648 modo
1235 1598 1354 1649 nonnulla
1381 1597 1483 1647 ulterius
1502 1611 1560 1646 con·

198 1668 345 1732 signarem:
368 1683 480 1731 sperans,
499 1685 539 1720 me
557 1671 607 1734 ipsi
622 1677 649 1720 et
667 1671 721 1720 aliis
740 1673 850 1721 veritatis
874 1671 923 1722 hac
942 1672 967 1720 iu
991 1677 1062 1734 parte
1081 1671 1257 1719 scrutatoribus
1275 1684 1327 1717 rem
1349 1667 1417 1718 haud
1434 1669 1561 1732 ingratam

199 1739 236 1788 sic
264 1740 449 1800 praestiturum.
493 1739 576 1802 Quare
601 1745 740 1805 conscripta
767 1750 959 1806 extemporanea
984 1741 1092 1806 quadam
1114 1741 1237 1806 Apologia
1263 1754 1319 1788 eam
1346 1741 1372 1790 iu
1391 1737 1501 1788 Scotiam
1529 1739 1562 1788 ad

197 1811 387 1874 antagonistam
404 1818 515 1860 nostrum
533 1813 658 1862 transmisi
684 1814 837 1877 eandemque
856 1828 912 1863 cum
930 1812 1075 1876 quibusdam
1105 1812 1159 1862 aliis
1178 1814 1204 1859 in
1223 1811 1358 1860 Germania
1376 1811 1432 1858 viris
1451 1823 1559 1859 commu-

197 1880 289 1936 nicasi,
318 1886 450 1931 uteorum
469 1897 587 1932 censuras
605 1885 698 1947 pariter
716 1885 874 1948 exquirerem.
914 1881 991 1946 (Hine
1010 1889 1065 1932 orta
1083 1897 1137 1932 esse
1156 1883 1252 1932 videtur
1269 1881 1334 1930 falsa
1352 1881 1433 1944 opinio
1452 1893 1558 1944 quorun·

197 1950 257 2000 ᾱιιιι
270 1949 344 2000 hanc
362 1953 502 2018 apologiam
520 1953 609 2017 publici
630 1955 691 2016 juris
710 1955 804 2005 factam
824 1953 899 2012 esee.)
937 1955 965 2004 lu
983 1954 1033 2003 hac
1053 1955 1168 2018 apologia
1194 1967 1234 2002 me
1252 1952 1390 2002 modestiae
1409 1951 1499 2000 limites
1516 1965 1558 2000 us·

196 2023 265 2085 piam
284 2029 467 2088 uansgressnm
485 2030 529 2074 aut
546 2025 603 2088 quid
622 2027 685 2075 citra
702 2041 755 2075 rem
772 2027 902 2090 protulisse
928 2027 988 2074 mihi
1006 2026 1052 2088 ipsi
1076 2041 1126 2074 non
1145 2039 1199 2074 sum
1227 2025 1347 2074 conscius.
1386 2023 1420 2072 Δι
1439 2021 1559 2087 quomodo

197 2091 357 2156 philosophus
375 2093 416 2143 ills
435 2096 605 2145 aristotelicus
624 2103 734 2146 nostram
752 2096 817 2148 hauc
837 2098 970 2147 candidam
989 2098 1078 2160 stipsi
1096 2097 1134 2145 uti
1151 2094 1283 2158 sperabam
1302 2101 1433 2158 acceptam
1451 2093 1560 2142 futuram

196 2165 363 2214 intentionem
381 2167 512 2228 exceperit,
532 2167 580 2216 dici
593 2169 632 2216 vix
643 2173 732 2230 potest.
770 2169 904 2232 Postquam
922 2170 988 2218 enim
1007 2169 1129 2232 usquein
1148 2168 1248 2216 tertium
1261 2177 1354 2216 anuum
1373 2165 1439 2216 hano
1453 2164 1560 2214 amicam

197 2233 339 2300 apologiam
357 2251 443 2286 secum
460 2238 602 2288 retinuisset
625 2239 734 2302 nihilque
752 2241 861 2303 responsi
890 2247 961 2289 tanto
979 2245 1091 2302 tempore
1114 2237 1310 2302 perscripsisset,
1340 2252 1396 2286 snm
1414 2237 1452 2286 vel
1470 2236 1560 2284 nostris

195 2305 366 2355 diluitionibus
392 2309 542 2370 acquievisse
562 2315 588 2358 et
605 2311 631 2358 in
648 2309 695 2360 has
713 2312 856 2361 transivisse
875 2315 958 2373 partes
978 2310 1166 2368 existimabam,
1197 2308 1243 2363 vel,
1263 2307 1327 2371 quod
1347 2307 1559 2357 contradictiones

197 2391 246 2426 uon
264 2377 342 2427 facile
360 2377 463 2428 ultanus
482 2387 646 2437 occurrerent,
666 2382 824 2431 continuisse.
861 2381 974 2431 'landem
992 2395 1063 2438 vero,
1089 2386 1160 2444 mpto
1180 2377 1220 2428 illc
1239 2377 1291 2426 alto
1312 2379 1421 2440 silentio,
1443 2378 1559 2440 scripum

197 2447 322 2512 quoddam
342 2449 569 2514 antapologeticum
586 2451 660 2514 paulo
679 2451 833 2502 vimleutiore
853 2459 878 2502 et
888 2452 1040 2500 mordaciore
1056 2453 1147 2508 animo,
1167 2464 1241 2514 quam
1261 2451 1326 2511 prius
1339 2463 1382 2512 per
1394 2451 1479 2499 literas
1499 2463 1556 2513 ege-

197 2527 244 2578 rat,
263 2521 290 2568 in
309 2533 355 2568 uos
373 2521 477 2570 vibravit
495 2520 540 2570 bc.
578 2521 686 2572 Titulum
705 2521 765 2572 feeit
782 2524 839 2573 huic
858 2521 1015 2572 stomachose
1035 2529 1062 2572 et
1079 2522 1195 2572 insolenti
1208 2520 1311 2582 scripto:
1331 2519 1558 2584 Capnuraniae

197 2593 370 2640 restinctio
389 2605 442 2640 seu
461 2599 650 2643 cometarum
673 2595 703 2642 in
722 2594 860 2644 aethera
885 2593 1127 2644 sublimationis
1150 2592 1311 2641 refutatio
1330 2589 1376 2640 dte.
1414 2589 1558 2640 solidiorem

197 2667 223 2710 st
240 2662 376 2725 specialem
394 2665 447 2725 ejus
465 2663 650 2727 replicationem
668 2667 720 2713 unt
738 2679 794 2714 cum
813 2666 969 2716 convenienti
987 2665 1137 2714 refutatione
1156 2663 1230 2712 elicui
1250 2675 1280 2711 ex
1299 2663 1388 2711 uostris
1408 2663 1492 2711 amicis
1512 2667 1559 2711 aut

195 2733 272 2783 edam
290 2732 416 2794 discipulis
434 2734 522 2784 harum
539 2749 619 2784 rernm
637 2737 721 2800 gnaris
738 2751 782 2786 suo
796 2744 910 2800 ,tempore
929 2737 1098 2799 exequendam
1117 2732 1302 2785 commendabo.

267 2803 342 2854 Haeo
354 2803 439 2866 Tycho
457 2803 484 2868 (e
501 2806 578 2856 literis
598 2807 622 2856 d.
633 2806 735 2856 Uranib.
755 2808 778 2856 d.
800 2806 838 2857 tc.
853 2809 911 2858 Jau.
933 2803 1001 2854 1595
1020 2809 1046 2856 in
1065 2807 1159 2870 ,Epist
1171 2803 1288 2854 Astron.“
1309 2805 1350 2854 lib.
1364 2803 1384 2852 1.
1399 2819 1422 2866 p.
1438 2799 1489 2852 284
1502 2816 1555 2866 sqq.

196 2875 235 2924 ed
248 2875 367 2924 Francof.
386 2889 410 2924 a.
432 2874 520 2938 16¹0).
537 2907 540 2913 ·
559 2877 701 2928 Gassendus
720 2880 746 2927 in
765 2870 817 2928 rita
829 2879 952 2941 'lychonis
966 2877 1047 2932 refert,
1068 2877 1170 2928 Scotum
1183 2876 1249 2926 hunc
1262 2871 1388 2924 Medicum
1406 2874 1490 2928 fnisse,
1509 2888 1554 2921 no·

195 2949 262 2996 ruine
282 2945 462 3010 Uraigium,
482 2955 508 2998 et
526 2948 825 3013 Longomontanum,
848 2950 971 3013 Tychouis
991 2949 1137 3012 discipulum
1156 2945 1329 3008 conscripsisse
1348 2944 1495 3008 Apologiam
1514 2958 1557 3006 pro

195 3016 327 3079 Tychorm,
357 3029 421 3079 quae
440 3020 460 3068 si
478 3021 560 3083 utique
580 3022 719 3083 conscripta
738 3029 805 3072 certe
824 3037 872 3070 non
886 3021 976 3084 publici
986 3021 1048 3082 juris
1061 3021 1186 3068 factaest.
1201 3016 1298 3080 (Comp.
1313 3015 1409 3065 Molleri
1425 3013 1559 3077 ,Cymbria

194 3087 327 3220 iteratas.)a
353 3087 386 3136 11.
410 3105 433 3152 p.
460 3087 515 3138 110.
543 3098 568 3139 et
592 3088 723 3140 Scheibelii
745 3091 903 3157 ,Eiuleitung
922 3107 964 3140 zur
981 3090 1205 3140 mathematischeu
1226 3085 1487 3143 Bicherlenutniss,“
1509 3085 1556 3142 111,

265 3229 403 3279 heodem
423 3237 505 3280 autem
524 3230 646 3282 volumine
665 3231 888 3296 Manuscriptomm
901 3233 1153 3296 Petropolitanomm,
1173 3247 1187 3280 e
1205 3245 1252 3295 quo
1272 3229 1434 3279 desumsimus
1454 3228 1557 3292 Kepleri

194 3302 364 3366 fragmentum
382 3315 532 3351 consumens
552 3303 607 3352 Ursi
626 3303 811 3364 refutationem,
841 3303 1045 3366 deprehendimus
1073 3302 1141 3352 aliud
1163 3304 1331 3367 fragmentum
1349 3300 1451 3364 liepleri
1481 3314 1559 3350 maun

194 3373 314 3437 seriptum
333 3369 368 3432 (c.
387 3373 484 3422 {nidum
503 3375 561 3423 anui
574 3371 663 3434 1601),
683 3374 837 3438 inscriptum:
866 3375 1037 3425 Refutatio
1056 3373 1174 3431 libelli,
1193 3373 1243 3424 oui
1262 3371 1379 3422 titulus
1398 3371 1557 3436 (lapuura-

195 3446 271 3494 niae
290 3445 476 3493 restinctio.

266 3514 345 3566 Stetit
368 3528 428 3580 erge
445 3515 569 3579 Keplems
596 3515 645 3566 tide
670 3529 743 3579 qnam
762 3516 872 3579 Tyohoui
898 3517 1013 3577 dederat,
1042 3517 1153 3580 quamvis
1178 3515 1354 3566 refutationem
1375 3513 1441 3566 hauc
1466 3513 1559 3577 pariter

195 3595 271 3652 atque
289 3586 359 3636 illam
378 3585 435 3636 Ursi
453 3601 503 3636 nou
522 3587 661 3638 absolutam
679 3587 812 3652 reliquerit.

266 3709 339 3760 ilaec
358 3715 443 3760 autem
462 3715 522 3760 snut
540 3724 605 3776 quae
623 3711 689 3761 dicto
707 3711 762 3762 ioco
781 3717 893 3762 exstant:

273 3837 303 3892 Si
325 3837 506 3906 Cepnurania
526 3848 584 3900 tua,
607 3838 648 3892 vir
668 3839 832 3902 doctissime,
855 3839 888 3892 de
910 3837 964 3892 tuis
986 3840 1030 3892 vel
1045 3838 1183 3910 Tychonis
1205 3835 1320 3906 privatis
1343 3835 1426 3888 rebus
1448 3839 1558 3904 ageret,

195 3919 245 3972 ahs
267 3925 296 3972 te
319 3924 457 3988 peterem,
479 3917 521 3971 uti
541 3917 607 3972 mihi
627 3918 800 3988 ignosceres,
826 3919 897 3988 quod
918 3917 1031 3988 ignotus
1053 3926 1083 3972 et
1104 3919 1257 3974 Germanus
1280 3923 1308 3970 te
1329 3913 1439 3968 Scotum
1461 3915 1558 3968 adrer-

196 3999 297 4052 sarium
323 3997 389 4052 mihi
416 3997 582 4068 delegerim,
610 4003 740 4069 tuumque
765 3999 890 4052 libellum
918 3999 1094 4054 refutandum
1120 3997 1270 4052 sumserim.
1312 3993 1459 4048 Petilianis
1480 4009 1558 4046 meae

195 4095 292 4134 cauam
314 4079 450 4132 haberem
472 4083 518 4130 sat
538 4077 687 4148 speciosas.
728 4079 848 4148 Exque
870 4095 987 4148 namque
1009 4095 1086 4150 spem
1115 4077 1228 4146 concepi
1251 4076 1309 4130 iore
1329 4081 1362 4128 ut
1380 4072 1558 4136 astronomia,

196 4177 273 4230 qnam
295 4160 478 4214 vehementer
500 4173 574 4220 amo,
596 4158 735 4226 Tyohonis
756 4176 843 4227 opera
865 4159 1035 4227 perficiatur:
1067 4176 1121 4212 non
1141 4173 1254 4227 possum
1275 4173 1328 4210 uon
1349 4155 1443 4208 itidem
1465 4169 1559 4208 amere

196 4241 277 4295 vuum
299 4247 358 4295 tam
380 4237 523 4292 eximium.
567 4237 643 4292 Unde
664 4239 797 4309 sequitur,
821 4245 852 4292 ut
872 4237 1001 4309 quidquid
1023 4239 1109 4308 ipsius
1125 4238 1216 4291 famae
1238 4235 1439 4305 commodisque
1460 4235 1558 4307 edver-

194 4329 280 4387 satur,
302 4321 328 4375 ei
350 4337 406 4380 me,
430 4323 564 4390 quantum
585 4317 644 4372 fleri
665 4324 810 4387 potestat
832 4319 962 4373 honestas
985 4319 1099 4388 petitur,
1122 4333 1267 4388 opponam.

264 4403 427 4456 Accederet
450 4407 481 4451 et
503 4396 577 4460 illud,
600 4400 678 4468 quod,
702 4415 762 4452 cum
784 4399 810 4451 in
824 4401 920 4452 eadem
935 4415 994 4452 cum
1009 4399 1171 4469 Tychnne
1187 4397 1270 4465 culpa
1286 4412 1373 4466 ponas
1388 4400 1417 4446 et
1431 4393 1557 4446 Maest-

187 4483 289 4540 iinum
309 4485 534 4554 praeceptorem
555 4495 658 4541 meum,
691 4495 745 4532 non
766 4478 848 4532 venia
868 4479 969 4540 solum,
999 4480 1047 4531 sed
1068 4485 1098 4532 et
1119 4479 1200 4532 laude
1222 4477 1335 4547 dignum
1351 4475 1415 4542 jure
1437 4487 1556 4540 pronun·

182 4567 283 4630 mares,
308 4564 333 4618 si
357 4562 471 4616 famam
492 4556 562 4624 ejus,
584 4558 636 4611 etsi
658 4567 808 4627 praeterea
829 4557 897 4612 nihil
919 4575 1045 4628 agerem,
1067 4565 1165 4612 eontra
1186 4565 1249 4611 tuas
1271 4552 1473 4609 criminationes
1496 4550 1557 4602 lite·

176 4649 263 4705 tarvisa
286 4656 470 4700 assererem.
514 4638 573 4690 Non
595 4639 678 4692 debet
699 4637 771 4692 euim
796 4639 896 4692 mortui
917 4645 947 4691 et
967 4638 1070 4692 ethnici
1092 4635 1280 4706 praeceptoris
1308 4630 1459 4687 auctoritas
1481 4630 1554 4696 apud

174 4743 200 4788 te
220 4729 420 4788 sacrosancta
446 4733 519 4777 esse,
542 4720 612 4786 apud
634 4735 676 4772 rue
697 4719 752 4770 vivi
774 4725 803 4771 ct
825 4711 1059 4782 Christianivilis
1080 4717 1195 4772 haberi..
1505 4717 1514 4736 ‘
