3698 5516
845 265 1112 333 mim

885 565 1007 663 Caput
1033 561 1062 638 I.

676 714 765 800 Quid
786 719 829 785 eit
851 719 1032 806 ippotteeis
1055 721 1278 804 astronomica.

386 865 420 928 In
453 864 653 946 descriptione
685 861 894 944 hypothesium
927 863 972 924 sie
1001 863 1268 942 inquireremus,
1299 863 1386 943 quasi
1416 881 1476 925 non
1503 863 1543 925 ad
1576 865 1661 926 aliud

297 962 490 1036 comparatae
513 959 617 1017 essent
639 951 844 1033 hypotheses,
868 967 957 1032 quam
981 951 1020 1013 ad
1043 951 1133 1013 iudos
1155 951 1325 1014 hominibus
1352 950 1518 1016 hseiaudoa
1556 950 1662 1023 Qum

297 1047 335 1108 sd
358 1062 421 1107 rem
444 1061 502 1105 non
526 1042 603 1106 setis
625 1041 784 1103 verborum
801 1040 926 1115 inuenit,
960 1040 1067 1120 quibas
1091 1059 1181 1121 quam
1203 1040 1267 1102 lieri
1290 1047 1396 1120 potest
1417 1041 1660 1104 contemtiesime

297 1135 334 1196 ds
357 1133 414 1195 hoo
437 1149 548 1213 genere
569 1129 773 1192 inventionum
795 1130 954 1209 loquatur:
979 1147 1034 1191 nec
1048 1129 1132 1208 prins
1145 1137 1248 1192 cessat
1261 1129 1429 1192 orationem
1443 1149 1529 1192 emm
1543 1131 1659 1193 dietin-

297 1237 399 1302 guere,
424 1219 675 1299 subdistinguere,
700 1236 790 1298 quam
813 1235 846 1279 se
869 1218 967 1297 ipsum
982 1217 1201 1298 quodammodo
1215 1217 1414 1298 superaverit
1459 1218 1535 1281 Nos
1554 1234 1661 1282 seram

296 1309 506 1392 hypothesium
529 1315 669 1370 usturam
690 1307 815 1390 primum
831 1305 1064 1386 mpliuabimnm
1087 1313 1197 1386 postea
1215 1308 1299 1369 varie
1323 1307 1540 1388 impingentem
1563 1325 1660 1389 seque

296 1401 394 1479 ipsam
418 1397 624 1460 conficientem
638 1395 711 1458 Ursi
733 1395 916 1458 sententiam
938 1395 1145 1474 particulatim
1167 1397 1386 1475 expendemus:
1411 1415 1449 1458 ne
1464 1397 1536 1477 quid
1547 1403 1658 1472 restet,

299 1488 378 1570 quod
401 1486 559 1567 imperitus
583 1485 679 1546 lector
702 1483 780 1546 Urso
803 1492 927 1564 propter
949 1483 1062 1563 ingenii
1086 1484 1199 1546 famam
1222 1485 1337 1547 flustra
1359 1484 1475 1548 medat.

387 1575 456 1638 Non
480 1573 585 1637 statim
608 1589 675 1635 oum
697 1572 767 1652 ipsa
790 1572 867 1634 coeii
890 1572 1072 1634 observandi
1095 1573 1311 1636 consuetudine
1334 1579 1489 1636 natusest
1506 1591 1574 1636 moe
1588 1573 1661 1650 istc,

298 1673 444 1747 utquam
468 1665 593 1746 quisque
612 1661 859 1741 philosophomm
884 1679 921 1722 ex
944 1660 1054 1735 iutuitu
1077 1662 1154 1723 coeii
1177 1663 1214 1724 de
1237 1662 1339 1725 mundi
1362 1661 1561 1745 diqrositioue
1583 1679 1662 1724 eon-

298 1754 433 1834 eepisset
464 1752 648 1833 opinionem,
687 1769 726 1810 ea
761 1763 869 1810 nomeu
906 1749 1027 1829 aliquod
1064 1749 1192 1812 haberet
1227 1749 1464 1832 hypothesisqua
1497 1750 1662 1813 diceremur.

297 1841 518 1922 Longinquitas
541 1837 685 1919 temporis
708 1837 1013 1918 philosophorumque
1035 1838 1203 1912 successio,
1232 1846 1267 1900 nt
1289 1845 1393 1900 nemra
1415 1855 1493 1920 quae
1514 1857 1662 1912 vocamus

298 1930 447 1994 mundae
470 1927 649 1992 intentionis
662 1925 819 2000 vocabula,
844 1927 888 1988 sic
903 1926 960 1988 hoe
974 1944 1091 2007 queque
1106 1925 1136 1988 in
1157 1927 1345 1990 mumomia
1359 1927 1519 1990 sutilius.
1556 1927 1664 1991 Prima

297 2019 381 2082 nocis
413 2017 568 2098 usurpatio
601 2015 658 2078 luit
690 2015 769 2095 apud
797 2023 1041 2096 geometras,
1081 2015 1131 2095 qui
1163 2023 1234 2077 aute
1264 2021 1368 2078 natam
1400 2015 1529 2096 logicam
1557 2018 1663 2096 philo-

298 2107 423 2190 sophiae
450 2113 585 2187 parterm
619 2102 750 2166 naturali
779 2096 891 2166 meritis
921 2104 1031 2166 lumine
1055 2103 1329 2166 demonstrationes
1357 2123 1430 2166 suas
1458 2105 1664 2185 gwmeuicas

298 2213 366 2258 cum
389 2195 504 2256 velient
525 2192 682 2272 expedire,
712 2191 796 2255 soliti
819 2201 889 2254 sunt
912 2212 931 2253 a
953 2201 1038 2254 certo
1061 2194 1191 2272 quodem
1213 2193 1302 2255 initio
1325 2192 1491 2256 deciduam
1515 2194 1662 2275 incipere.

299 2282 559 2356 Quemadmodum
582 2281 662 2343 enim
683 2279 714 2342 iu
733 2281 937 2342 architectura
959 2281 1037 2342 satis
1065 2281 1158 2344 habet
1181 2281 1297 2362 opifex,
1330 2282 1358 2344 si
1379 2299 1434 2362 pro
1457 2281 1559 2344 lutura
1581 2284 1663 2346 moia

300 2373 405 2435 domus
429 2370 625 2433 laudamento
645 2369 726 2432 inira
748 2376 861 2431 terram
885 2375 1031 2444 exstruat,
1056 2388 1152 2449 neque
1176 2370 1325 2433 sollicitus
1339 2379 1397 2446 est,
1421 2377 1456 2432 ut
1473 2378 1561 2434 turra
1577 2372 1664 2434 inia-

300 2463 361 2542 rior
382 2460 431 2521 rel
454 2465 525 2521 ruat
550 2459 600 2520 vel
622 2458 653 2520 in
677 2478 744 2521 sese
772 2459 897 2521 recedtt
923 2475 1017 2538 usqne
1041 2457 1081 2519 ad
1103 2466 1257 2532 centrum,
1284 2459 1331 2521 itu
1360 2459 1391 2520 ἰ
1413 2473 1450 2522 re
1474 2462 1665 2540 gaematriea

300 2549 387 2630 primi
412 2555 548 2610 auctores
572 2566 629 2608 non
653 2547 698 2608 ita
725 2547 828 2608 stolidi
857 2547 995 2622 merant,
1029 2551 1064 2608 ut
1093 2547 1143 2627 qui
1172 2555 1244 2628 post
1266 2547 1364 2610 renuti
1396 2554 1467 2610 suut
1488 2549 1664 2630 Ργπῑιοιιίἱ.

299 2647 333 2700 ut
360 2635 461 2700 omnia
482 2636 597 2698 veilent
624 2634 826 2710 addebam
845 2634 920 2697 urlrii
947 2633 1096 2713 arripere,
1122 2655 1213 2716 super
1240 2637 1319 2717 quod
1345 2655 1401 2699 ceu
1433 2637 1664 2701 mudamentum

300 2735 415 2790 eertum
444 2733 479 2787 at
503 2723 640 2786 onium
667 2724 837 2785 consessum
865 2731 969 2785 cetera
998 2723 1112 2785 veilent
1138 2725 1399 2805 superaedificare
1446 2723 1533 2797 Quae
1555 2728 1663 2809 itaque

299 2824 385 2880 nucu
408 2823 440 2878 et
463 2814 541 2894 apud
557 2831 659 2874 omnes
674 2812 809 2873 homines
833 2811 975 2873 confessa
989 2819 1102 2886 essent,
1128 2831 1165 2874 ea
1182 2813 1308 2894 speciali
1329 2813 1447 2876 nomina
1470 2813 1664 2892 ἀξιωματα

298 2905 483 2978 dictitarant,
509 2921 563 2964 cen
586 2901 753 2962 sententias
773 2901 917 2976 dicerent,
943 2919 1021 2981 quas
1042 2900 1189 2962 haberent
1211 2903 1426 2964 auctoritstem
1449 2904 1529 2984 apud
1544 2923 1662 2967 omues

298 2993 455 3064 Quaedam
477 2990 649 3070 hujusmodi
671 2989 883 3070 principiorum
909 2989 955 3051 sie
979 2997 1067 3052 erant
1089 2998 1279 3070 comparata,
1303 2999 1338 3053 ut
1361 2992 1496 3072 quamvis
1528 2999 1587 3056 nod
1621 2995 1664 3057 ab

300 3083 437 3144 omnihus
461 3080 666 3154 crederentur,
689 3077 765 3158 ipsis
787 3085 891 3140 tamen
913 3077 1087 3142 auctoribus
1102 3081 1181 3141 satis
1196 3087 1379 3153 erautnma,
1401 3088 1513 3144 utnon
1535 3083 1665 3146 dubita-

297 3177 366 3234 rent
396 3188 435 3231 aa
462 3168 523 3231 ulia
550 3167 806 3231 demonstratione
833 3175 920 3230 certa
941 3173 974 3230 et
996 3187 1071 3230 vera
1098 3168 1271 3244 ostendere,
1306 3169 1336 3230 id
1365 3175 1467 3231 auteur
1488 3177 1523 3231 ut
1545 3171 1575 3234 in
1600 3171 1663 3234 sibi

297 3259 456 3340 proposita
485 3256 741 3319 demonstratione
769 3263 958 3336 perstarent,
989 3259 1039 3320 vel
1068 3257 1156 3318 nimis
1185 3257 1306 3337 longum
1339 3264 1406 3319 eret
1437 3258 1570 3321 lummm
1611 3262 1663 3324 vel

297 3346 558 3428 intempestivum,
588 3352 623 3408 ut
646 3345 793 3425 ejusmodi
818 3345 987 3408 sententiae
1011 3365 1079 3408 cum
1101 3345 1171 3407 aliis
1194 3345 1297 3422 relius,
1327 3345 1364 3408 de
1389 3345 1495 3426 quibus
1527 3347 1558 3409 iu
1580 3365 1662 3430 geo-

170 3462 175 3472 1
298 3437 407 3499 metria
429 3454 488 3497 non
512 3433 696 3514 disputatur,
721 3434 849 3496 innexae
871 3441 905 3495 et
927 3435 1070 3497 emmaus
1094 3441 1207 3497 esseut
1253 3434 1319 3496 Hae
1338 3433 1482 3497 dixemnt
1500 3436 1663 3515 αι’τημαια,

298 3533 402 3606 utpote
426 3543 503 3606 quae
527 3543 547 3585 a
569 3523 704 3585 discente
726 3523 787 3584 sibi
810 3523 934 3585 omcedi
955 3542 977 3585 a
998 3523 1146 3604 principio
1169 3523 1369 3603 postularent.
1416 3523 1483 3586 Hoc
1499 3533 1565 3588 turn
1587 3543 1661 3588 ma-

297 3616 377 3678 xime
409 3631 465 3676 usu
492 3613 591 3687 venit,
621 3629 690 3674 unm
717 3609 748 3672 iu
775 3611 953 3692 &staticus
977 3613 1117 3692 angulum
1148 3612 1198 3674 vei
1230 3610 1340 3674 lineam
1371 3612 1467 3674 talem
1499 3613 1662 3694 designare

297 3704 420 3772 vellent,
445 3703 542 3783 qualis
566 3719 655 3762 manu
679 3701 814 3782 praecise
842 3701 907 3763 fieri
933 3702 1048 3783 aequit.
1095 3701 1178 3764 Tunc
1211 3701 1289 3763 euim
1317 3701 1474 3777 deshont,
1503 3701 1562 3776 drus
1584 3703 1662 3768 talis

297 3792 346 3853 vel
362 3791 452 3876 talis.
498 3789 558 3852 Est
581 3797 613 3850 et
636 3789 717 3851 aliud
740 3807 848 3869 genus,
875 3807 957 3862 cnm,
982 3809 1057 3870 quae
1080 3790 1129 3851 'vel
1154 3809 1221 3852 esse
1243 3798 1396 3871 nequeunt
1423 3791 1472 3855 vel
1494 3810 1553 3854 non
1576 3801 1661 3870 sunt,

298 3889 442 3960 tanquam
466 3885 569 3940 esseut
592 3887 799 3948 assumuntur,
828 3885 861 3940 ut
884 3877 1139 3941 demonstratione
1162 3879 1291 3958 patellat
1318 3878 1388 3960 qnid
1412 3887 1584 3944 secuturum
1610 3881 1661 3942 i'o-

298 3975 354 4042 ret,
380 3967 406 4028 si
429 3966 483 4029 illa
505 3974 617 4029 essent.
664 3967 729 4028 Hoc
753 3985 870 4048 quoquc
893 3986 987 4048 genus
1019 3975 1082 4030 tum
1105 3967 1204 4030 locum
1226 3967 1333 4041 habet,
1359 3986 1428 4029 oum
1450 3986 1467 4029 e
1491 3971 1662 4050 geometria

286 4054 415 4135 ‘egressi
437 4055 469 4117 in
492 4062 640 4135 cognatas
659 4054 804 4118 scientias
819 4056 1086 4119 demonstrationis
1100 4055 1274 4134 methodum·
1291 4057 1486 4120 transierunt.
1529 4057 1659 4120 Utrum-

299 4161 473 4226 que=genns
501 4151 533 4206 et
556 4161 632 4225 quae
656 4144 716 4205 alia
739 4144 897 4207 brevitatis
920 4163 1015 4208 eausa
1041 4145 1226 4220 intermitto,
1260 4144 1379 4224 quando
1409 4145 1449 4206 ad
1472 4155 1573 4209 actum
1603 4149 1660 4210 de-

298 4231 526 4295 monstrationis
554 4231 726 4306 veniebant,
755 4227 915 4304 isodorus
946 4253 1001 4296 sen
1026 4232 1248 4314 suppositiones
1272 4233 1484 4312 appellabant,
1517 4247 1659 4316 respectu

299 4321 417 4384 scilicet
440 4320 520 4401 ejus,
545 4320 624 4400 qnod
648 4319 857 4397 demonstrare
880 4321 1081 4384 intenderent
1129 4319 1384 4402 supponebantur
1417 4323 1497 4387 euim
1524 4332 1598 4386 nota
1629 4333 1662 4387 et

297 4429 387 4492 super
408 4409 470 4472 iliis
493 4406 726 4472 exstruebantur
747 4408 899 4489 ignotiora
922 4409 1216 4490 ostendebanturque
1241 4409 1380 4472 discenti.

385 4499 472 4562 Haeo
499 4497 583 4578 origo
606 4498 705 4575 vocis,
739 4498 787 4561 hic
821 4519 894 4562 usus
923 4500 1002 4579 apud
1032 4505 1214 4586 geometras.
1261 4497 1376 4561 Statim
1403 4499 1435 4561 in
1465 4500 1659 4580 geometricis

300 4587 403 4670 liguris
427 4596 460 4651 ct
482 4586 623 4660 numeris,
647 4603 753 4664 nempe
777 4587 806 4648 iu
830 4607 862 4648 re
886 4587 980 4648 totius
999 4594 1125 4649 naturae
1148 4587 1317 4649 clarissima
1339 4588 1491 4669 mentique
1511 4589 1660 4654 humanae

298 4677 429 4739 maxime
453 4683 544 4758 apta,
569 4674 830 4754 deprehenderunt
852 4693 950 4736 rerum
973 4676 1226 4756 contemplatores
1249 4675 1346 4738 lumen
1370 4676 1445 4738 iilud
1468 4679 1579 4740 mentis
1602 4699 1659 4740 no·

298 4772 395 4842 strae,
429 4765 508 4846 quod
537 4764 706 4828 rectissime
730 4763 849 4845 quidem
871 4762 902 4825 iu
932 4762 1050 4844 liguris,
1083 4764 1137 4828 sed
1169 4771 1272 4827 tamur
1299 4765 1391 4828 etiam
1419 4765 1450 4828 in
1474 4766 1544 4829 aliis
1568 4767 1658 4830 rebus
