3542 5528
330 203 372 304 12
920 203 1081 266 ronanus

330 367 437 446 majori
458 366 563 430 labore
586 365 696 446 egitur.
742 366 857 428 licum
880 309 989 427 corneis
1007 363 1076 434 inde
1091 363 1233 436 habeant,
1256 383 1315 430 non
1338 365 1506 430 concedunt
1527 363 1689 444 postulata

330 456 394 519 sine
418 453 683 518 demonstratione.
730 452 863 525 Quorum
887 471 944 534 qno
968 453 1135 536 imperitior
1157 453 1290 535 quisque,
1314 453 1371 516 hoo
1393 454 1461 534 plus
1489 453 1604 533 negotii
1632 451 1687 514 fa-

331 546 433 608 cessit.
479 545 685 607 Veruntamen
709 552 741 604 et
764 543 810 604 hie
834 543 996 606 remedium
1019 543 1161 604 adhibere
1182 551 1286 624 potest
1309 543 1448 606 solitudo.
1485 541 1546 604 Est
1560 541 1591 602 iu
1605 559 1687 622 quo-

331 633 406 696 libet
428 634 493 716 loco
517 633 748 702 mathematicus
771 649 862 706 uuus3
886 631 918 693 id
941 632 992 694 nbi
1015 639 1072 702 est,
1093 631 1240 712 optimum
1263 641 1319 696 est.
1362 631 1437 694 Tum
1460 632 1487 694 si
1501 630 1595 694 habet
1611 629 1688 692 alibi

331 725 461 794 lucanum
484 722 630 803 opinionis
655 721 786 795 socium,
811 720 916 783 literas
940 720 1066 802 abipso
1090 720 1250 803 impetret,
1284 723 1481 803 quaeratione
1505 718 1689 782 monstratis

329 808 425 876 literis
446 813 521 894 (qno
544 829 660 875 rursum
683 811 775 874 etiarn
797 809 869 874 mihi
891 819 962 890 tuae
984 813 1124 891 prosunt)
1149 811 1317 892 opinionem
1340 811 1417 872 hano
1439 810 1469 872 in
1485 809 1593 871 animis
1608 809 1688 870 doo-

331 911 429 964 torum
451 901 584 962 excitare
607 906 729 980 potest,
763 898 849 981 qnasi
877 919 980 966 omues
1008 900 1135 981 undique
1157 897 1587 982 professores'mathematum
1610 917 1688 961 con-

330 992 486 1053 sentirent.
533 990 648 1052 Verum
671 988 741 1069 quid
765 989 868 1052 fraude
891 1008 966 1069 opus
989 989 1061 1051 est?
1103 987 1226 1052 Confide
1251 987 1399 1058 Galilaei‚
1430 997 1464 1050 et
1489 988 1689 1068 progredere.

330 1079 364 1142 Si
387 1080 462 1141 bene
486 1079 640 1158 conjecto,
669 1079 757 1160 pauci
781 1078 817 1141 de
840 1079 1010 1158 praecipuis
1033 1078 1172 1159 Europae
1195 1078 1417 1140 mathematicis
1442 1077 1570 1140 anobis
1594 1097 1687 1139 sece-

330 1171 399 1230 dere
427 1169 553 1229 vetent:
589 1175 678 1230 tanta
704 1167 750 1229 vis
779 1175 827 1230 est
854 1168 1002 1230 veritatis.
1049 1166 1083 1230 Si
1113 1167 1168 1231 tibi
1197 1166 1287 1232 ltalia
1314 1166 1410 1230 minus
1441 1173 1490 1228 est
1512 1165 1631 1228 idonea.
1650 1165 1691 1228 ad

329 1256 574 1338 publicationem,
598 1263 630 1320 et
653 1256 679 1320 si
702 1257 803 1339 aliqua
819 1257 980 1320 habiturus
1004 1277 1037 1320 es
1052 1257 1273 1338 impedimenta,
1299 1257 1400 1320 forsan
1417 1254 1584 1320 Genuania
1598 1255 1691 1318 nebia

329 1348 407 1410 hanc
430 1346 602 1410 libertatem
625 1347 778 1410 concedet.
825 1344 888 1410 Sed
911 1347 947 1410 de
971 1347 1019 1415 his
1043 1346 1129 1408 satis.
1177 1345 1222 1410 Tu
1245 1345 1354 1408 saltem
1376 1345 1498 1427 scriptis
1513 1344 1692 1408 mihicom-

329 1434 447 1498 munica
474 1435 633 1518 privatim,
670 1435 698 1497 si
724 1435 842 1517 publice
871 1455 932 1498 nou
961 1435 1081 1516 placet,
1117 1435 1143 1498 si
1167 1434 1236 1517 qnid
1260 1435 1290 1498 iu
1315 1433 1473 1516 Copemici
1496 1435 1692 1498 commodum

329 1525 480 1588 invenisti.

418 1613 505 1676 Nunc
528 1611 583 1676 abs
603 1620 647 1699 ¹te·
661 1612 763 1693 placet
786 1612 899 1694 aliquid
922 1611 1164 1676 observationum
1186 1611 1360 1694 postulare:
1385 1610 1504 1674 scilieet
1524 1610 1614 1684 mihi,
1641 1613 1692 1692 qni

330 1703 536 1766 instrumentis
561 1721 658 1773 careo,
684 1702 914 1783 confugiendum
937 1709 984 1768 est
1008 1703 1047 1764 ad
1071 1701 1157 1764 alios.
1203 1701 1307 1764 Habes
1331 1701 1545 1782 quadrantem,
1575 1702 1605 1762 in
1633 1721 1692 1784 quo

329 1793 428 1874 possis
451 1799 555 1854 notare
578 1791 698 1872 singula
720 1794 860 1872 scrupula
881 1791 978 1872 prima
1002 1799 1032 1853 et
1055 1791 1238 1873 quadrantes
1260 1791 1443 1872 primorum?
1467 1787 1610 1854 Observa
1626 1792 1690 1872 igi-

329 1892 388 1956 tur,
411 1882 491 1945 circa
517 1877 566 1946 19.
582 1881 658 1944 Dec.
682 1879 822 1956 futurum,
847 1881 1036 1942 altitudinem
1060 1879 1227 1943 eductionis
1252 1881 1365 1943 caudae
1386 1881 1414 1944 in
1429 1880 1510 1944 Ursa
1523 1880 1693 1944 maximam

329 1981 361 2034 et
384 1970 537 2034 minimam
561 1969 666 2032 eadem
689 1979 796 2050 nocte„
834 1969 896 2045 Sic,
922 1963 1077 2032 11111126.
1101 1969 1193 2044 Dec,
1218 1970 1344 2032 observa
1367 1969 1505 2034 similiter
1529 1979 1694 2052 utramque

330 2061 436 2124 stellae
458 2059 574 2138 polaris
598 2057 796 2121 altitudinem.
834 2057 966 2122 Primam
991 2059 1110 2120 stellam
1134 2057 1262 2120 observa
1285 2059 1377 2122 etiam
1400 2059 1480 2138 circa
1505 2055 1557 2123 19.
1583 2059 1695 2122 Martii

330 2145 643 2213 11111198111111111111
667 2157 813 2210 nocturna
834 2148 909 2210 hora
935 2145 995 2222 tt;
1020 2148 1147 2221 alteram
1170 2143 1270 2210 o.‘lS.
1295 2147 1393 2228 Sept,
1417 2149 1509 2210 etiam
1532 2149 1611 2211 hora
1640 2147 1693 2212 12.

329 2239 408 2304 Nam
432 2238 467 2312 si,
493 2236 571 2317 quod
595 2245 676 2318 opto,
702 2236 870 2300 differentia
893 2238 1039 2317 quaedam
1064 2237 1143 2299 inter
1165 2234 1251 2299 binas
1275 2236 1501 2301 observationes
1516 2237 1693 2302 intercedet

330 2327 416 2416 unius
440 2335 530 2408 atque
554 2326 678 2390 alterius
703 2324 850 2408 scrupuli,
875 2328 971 2407 magis
995 2327 1021 2389 si
1048 2323 1087 2390 10
1109 2335 1163 2389 aut
1188 2319 1262 2402 15,
1279 2327 1323 2390 rei
1346 2345 1399 2406 per
1422 2333 1520 2390 totam
1543 2335 1692 2390 astrono-

329 2415 419 2478 miam
440 2413 594 2478 latissime
619 2415 751 2478 diffusae·
767 2425 975 2496 argumentum
995 2415 1061 2477 erit.
1095 2414 1147 2478 Sin
1173 2423 1273 2478 autem
1296 2416 1369 2490 nihil
1390 2415 1481 2496 plane
1497 2415 1692 2480 differentiae

332 2504 595 2586 deprehendemus,
619 2507 751 2584 palmam
773 2512 875 2568 tamen
900 2505 1100 2568 demonstrati
1114 2504 1291 2568 nobilissimi
1305 2505 1512 2586 problematis,
1537 2507 1692 2570 hactenus

331 2616 350 2657 a
372 2593 489 2657 nemine
513 2595 696 2670 affectatam,
721 2594 915 2658 communiter
936 2593 1164 2674 reportabimus.
1212 2592 1350 2674 Sapienti
1365 2603 1416 2658 sat
1429 2594 1553 2657 dictum.
1595 2595 1691 2658 Mitto

332 2693 430 2746 autem
461 2683 518 2745 duo
542 2683 663 2763 iusuper
685 2683 868 2764 exemplaria
892 2682 1091 2758 (Prodromi),
1122 2683 1192 2764 quia
1213 2683 1436 2764 Humbergerus
1459 2683 1533 2746 mihi
1557 2684 1691 2758 dixerat,

261 2821 264 2826 .
332 2783 361 2834 te
385 2773 471 2854 plura
495 2772 677 2834 desiderare.
726 2772 896 2853 Cuiounque
920 2771 1056 2844 miseris,
1081 2771 1130 2833 ille
1155 2773 1250 2834 literis
1273 2773 1310 2833 dc
1334 2769 1434 2835 libello
1458 2773 1583 2854 scriptis
1608 2793 1690 2836 mer-

332 2862 433 2925 cedem
456 2861 591 2924 solverit.
1030 2927 1032 2934 Α

409 2949 514 3026 Vale,
550 2948 714 3014 clarissime
732 2949 797 3024 vir,
831 2957 863 3011 et
890 2967 944 3030 per
973 2947 1131 3028 epistolam
1153 2948 1358 3030 longissimam
1380 2957 1513 3014 mutuum
1539 2948 1692 3014 111111111-

330 3040 437 3121 pende.

401 3197 521 3248 Δ11111111
541 3211 596 3248 oum
615 3195 740 3260 Galilaeae
758 3207 808 3244 uon
826 3195 992 3260 responderit,
1019 3195 1142 3260 Kepleuus
1159 3209 1254 3262 qnoque
1273 3197 1409 3253 obmutuit.
1429 3177 1526 3256 donee,
1547 3199 1659 3252 detectis
1677 3215 1693 3250 a

332 3269 444 3320 Galilaeo
462 3269 530 3318 soris
547 3267 694 3318 satellitibus
713 3266 836 3330 Keplerus
854 3267 1018 3317 intermissum
1036 3268 1194 3332 epistolarum
1211 3271 1383 3320 commercium
1400 3273 1507 3334 repetiit.

402 3340 523 3405 Keplsrus
541 3342 601 3392 item
619 3337 758 3402 Tyohoui
776 3338 912 3403 exemplum
929 3337 1053 3390 Prodromi
1070 3341 1150 3398 misit,
1168 3340 1218 3391 hae
1237 3340 1324 3391 addita
1342 3343 1463 3406 epistola:

422 3481 497 3545 Gunr
519 3489 568 3558 te,
602 3481 647 3542 vir
674 3479 873 3561 amplissime,
903 3480 1182 3544 mathematicorum
1211 3481 1339 3545 omnium
1368 3503 1425 3546 non
1453 3485 1543 3566 hujus
1569 3492 1693 3548 tantum

334 3570 445 3634 aetatis
478 3572 530 3632 sed
563 3569 657 3633 totius
685 3569 751 3632 aevi
775 3569 966 3631 monarcham
991 3569 1181 3634 constituerit
1202 3571 1446 3653 incomparabilis
1470 3574 1612 3637 doctrina
1636 3577 1692 3656 ju-

333 3661 460 3740 diciique
482 3660 688 3741 praestantia,
718 3659 851 3740 iniquum
874 3659 991 3735 fecero,
1024 3659 1051 3720 si
1081 3661 1223 3739 opusculo
1256 3662 1293 3722 de
1316 3663 1510 3742 proportione
1535 3663 1692 3726 coelorum

332 3769 426 3830 nuper
448 3749 592 3811 inlucem
616 3748 687 3810 dato
712 3747 781 3822 (snb
805 3746 913 3810 titulo:
950 3749 1167 3812 Prodromus
1199 3749 1510 3814 dissertationum
1544 3772 1692 3815 cosmo-

334 3837 608 3920 graphicaru'm)¹
629 3838 720 3902 ullam
743 3836 870 3918 gloriam
892 3843 944 3899 tuo
964 3837 1078 3918 ¹iudicio
1098 3847 1129 3900 et
1148 3838 1403 3903 commendatione
1426 3841 1569 3921 neglecta
1593 3862 1692 3905 aucu-

333 3945 396 4008 per.
444 3925 529 3999 Quae
553 3946 599 3990 me
623 3947 715 3990 causa
737 3925 844 4002 movit,
878 3933 912 3988 ut
934 3927 1053 4008 ignotus
1077 3945 1114 3988 er
1138 3929 1199 3989 hoe
1217 3928 1343 3991 obscuro
1368 3929 1551 3992 Germaniae
1577 3933 1692 4012 angulo

334 4017 438 4080 literas
462 4018 500 4078 ad
519 4024 549 4078 to
572 4015 740 4093 mitterem,
765 4023 881 4078 oratum
902 4036 957 4097 per
979 4016 1061 4078 illum
1084 4015 1236 4096 ingentem
1258 4019 1397 4082 veritatis
1422 4038 1576 4092 amorem,
1603 4041 1693 4103 quem

332 4106 362 4168 in
381 4115 411 4168 te
426 4125 541 4186 qnoque
564 4105 664 4168 inesse
687 4106 769 4192 fama
791 4113 861 4168 tuae
885 4105 1098 4186 magnitudinis
1121 4107 1296 4186 praedicat:
1321 4117 1364 4186 nt,
1389 4109 1460 4189 quid
1484 4109 1542 4172 tibi
1566 4110 1605 4171 de
1630 4110 1693 4174 ist·

333 4196 389 4258 hoc
412 4194 549 4257 videatur
571 4193 709 4274 negotio,
735 4214 772 4256 ea
794 4193 967 4256 sinceritate
991 4202 1022 4256 et
1044 4195 1246 4272 humanitate,
1272 4216 1347 4278 quae
1372 4198 1402 4260 in
1425 4205 1456 4260 te
1479 4199 1693 4278 praedicatur,

334 4283 465 4366 explices
497 4282 695 4365 brevibusque
727 4283 822 4345 literis
850 4281 1010 4361 significes.
1057 4282 1154 4349 Ome
1178 4284 1313 4362 felicem,
1348 4288 1372 4350 si
1405 4288 1485 4367 quod
1510 4289 1691 4364 blaestlino,

334 4373 410 4435 idern
434 4382 466 4434 et
488 4371 621 4453 Tychoni
643 4371 801 4446 uidebitur,
827 4369 932 4451 quibus
956 4391 1011 4450 ego
1036 4371 1148 4435 duobus
1169 4377 1440 4454 propugnatoribus
1459 4395 1518 4438 non
1541 4377 1692 4442 dubitabo

332 4462 425 4525 totius
458 4461 538 4524 orbis
565 4460 631 4541 jam
664 4461 813 4524 excitatas
844 4458 1057 4523 insectationes
1082 4462 1151 4525 lorti
1175 4463 1272 4525 auimo
1297 4464 1457 4528 sustinere.
1505 4463 1562 4528 Sin
1587 4477 1693 4530 autem

333 4552 364 4615 id
386 4558 564 4616 consecutus
587 4553 680 4626 suero,
704 4558 738 4612 ut
760 4567 835 4630 qnae
859 4547 961 4612 insunt
982 4548 1110 4626 infirma,
1134 4551 1238 4630 inepta
1260 4559 1293 4614 et
1314 4555 1457 4634 puerilia,
1487 4555 1595 4638 qualia
1620 4557 1692 4620 mihi

334 4660 387 4720 per
410 4649 541 4702 aetatem
563 4641 659 4705 multa
682 4637 871 4708 exciderunt,
895 4656 1020 4701 censura
1042 4639 1171 4704 volueris
1194 4648 1319 4719 notare,
1343 4663 1381 4705 an
1405 4663 1461 4726 ego
1485 4664 1548 4707 nou
1572 4664 1691 4710 rursum

335 4726 503 4808 hujusmodi
526 4725 786 4808 reprehensionem
805 4725 898 4792 totins
913 4727 1022 4804 muudi,
1047 4727 1072 4789 si
1087 4736 1179 4802 esset,
1196 4731 1338 4796 ¹assensui
1351 4721 1549 4813 praeferam?
1573 4733 1690 4805 Exem-
