3542 5528
1456 311 1519 363 Xlll

159 482 218 528 rum
239 461 372 546 Kepleri
395 485 489 530 mauu
512 463 690 546 scriptorum
713 463 908 537 collectione,
942 484 1033 547 quae,
1063 485 1152 549 quum
1175 473 1267 532 autea
1288 465 1445 550 Petropoli
1467 469 1516 532 la·

157 571 254 647 tuerit,
277 593 360 636 nunc
385 575 539 638 Pulcovae
563 578 713 636 servatur.
1461 639 1468 648 ,

238 677 364 744 Editori
389 681 511 762 quidem
534 698 710 761 persuasum
742 685 808 754 est,
844 696 896 744 eos
929 697 997 742 esse
1027 679 1152 760 Kepleri
1183 680 1296 759 libros,
1326 681 1433 764 quibus
1456 701 1515 746 non

156 791 349 850 astronomus
375 795 496 852 tantum
515 787 660 868 capiatur,
681 786 736 849 sed
753 791 878 866 propter
894 787 1076 850 varietatem
1096 789 1275 866 argumenti,
1300 789 1378 870 quod
1397 788 1435 850 ad
1455 789 1517 852 alia
1555 848 1561 866 ,

155 909 265 974 quoque
290 892 454 958 literarum
477 912 590 975 genera
612 893 759 972 pertinet,
784 894 876 956 etiam
898 891 1111 973 philosophus,
1135 892 1312 965 historicus,
1335 894 1516 976 philologus,

155 997 277 1081 denique
302 1018 395 1062 nemo
415 1019 475 1064 non
498 999 652 1062 literarum
675 1018 781 1062 amans
805 1000 965 1075 doceatur,
998 998 1108 1082 aliique
1130 999 1288 1080 proposita
1309 1000 1401 1080 prisci
1423 1001 1516 1064 moris

154 1109 184 1167 et
204 1105 441 1169 consuetudinis
472 1105 603 1187 imagine
631 1105 828 1194 delectentur.
873 1105 960 1168 Hanc
987 1122 1060 1168 vcro
1092 1103 1278 1186 ingeniorum
1307 1106 1515 1171 diversitatem

153 1215 329 1291 spectantes
355 1213 593 1293 colligendorum
616 1212 741 1292 Kepleri
764 1212 906 1275 librorum
928 1209 1078 1274 rationem
1101 1209 1312 1291 disposuimus.

236 1316 370 1398 Kepleri
394 1319 510 1401 scripta
532 1337 590 1381 non
610 1324 738 1393 mumta,
763 1319 1010 1399 quemadmodum
1028 1318 1093 1398 ipse
1113 1317 1193 1400 typis
1213 1319 1407 1397 exprimenda
1425 1337 1515 1383 cura-

151 1421 202 1498 vit,
220 1433 414 1505 repetentur,
437 1431 578 1502 servato,
599 1443 656 1506 quo
671 1424 754 1488 edita
768 1430 847 1494 sunt,
868 1433 1035 1504 temporum
1051 1424 1165 1502 ordine,
1182 1423 1238 1486 uisi
1254 1425 1332 1504 quod
1348 1427 1516 1506 argumenti

151 1525 316 1594 similitudo
343 1532 489 1595 nonnulla
510 1530 608 1595 suasit
631 1532 787 1596 mutanda.
841 1530 1053 1593 Praefationcs
1078 1530 1205 1611 siugulis
1223 1529 1309 1593 libris
1327 1531 1514 1612 praemissae

151 1634 253 1714 paucis
276 1637 426 1701 referunt
443 1636 672 1718 uniuscujusque
696 1637 765 1700 libri
788 1643 1006 1718 argumentum,
1042 1643 1075 1699 et
1097 1636 1204 1719 quibos
1218 1637 1262 1724 ,de
1282 1636 1382 1700 causis
1399 1655 1516 1719 quoque

153 1741 296 1820 consilio,
333 1751 480 1826 quantum
513 1764 551 1806 ex
574 1742 696 1806 auxiliis
719 1741 748 1804 in
772 1751 890 1822 promtu
913 1741 1023 1823 positis
1046 1749 1100 1806 aut
1123 1761 1164 1836 en
1185 1741 1261 1806 libro
1283 1742 1350 1823 ipso
1374 1723 1516 1823 cognosci

151 1856 266 1930 potest,
292 1849 376 1914 liber
399 1850 441 1914 sit
463 1847 665 1930 conscriptus,
691 1857 843 1912 enarrant.
869 1880 911 1892 -
934 1848 986 1911 Ad
1013 1848 1089 1912 haec
1114 1847 1300 1912 enucleanda
1322 1869 1390 1914 curn
1413 1850 1516 1929 magni

153 1955 296 2018 momenti
318 1957 382 2020 sint
401 1957 523 2032 multae,
544 1969 619 2036 quae
639 1955 737 2018 adhuc
756 1961 872 2030 extant,
893 1954 1018 2036 Kepleri
1037 1953 1195 2035 epistolae,
1219 1955 1353 2047 hasnon
1376 1955 1517 2017 continua

154 2061 238 2137 serie,
259 2063 346 2144 quod
364 2062 393 2125 in
414 2063 483 2125 aliis
502 2061 672 2141 hujusmodi
687 2061 913 2124 collectionibus
929 2061 1042 2124 factum
1057 2069 1114 2137 est,
1136 2060 1354 2142 proponendas,
1377 2060 1440 2135 sed,
1460 2079 1514 2140 pro

156 2185 207 2228 suo
220 2168 370 2250 cujusque
386 2176 572 2248 argumento,
592 2159 686 2243 libris,
708 2185 782 2248 quos
797 2173 946 2247 spectant,
966 2167 1203 2247 praemittendas
1214 2166 1427 2247 judicavimus.
1456 2164 1516 2228 Pro

157 2274 328 2352 argumenti
351 2273 445 2354 igitur
467 2275 644 2336 diversitate
668 2274 813 2336 diremtos
830 2280 901 2336 sunt
920 2273 1066 2353 ejusmodi
1088 2273 1245 2355 epistolae,
1269 2273 1315 2334 ita
1336 2277 1447 2340 tamen,
1472 2277 1514 2347 ut,
1537 2257 1538 2262 ἵ

157 2377 204 2460 qni
225 2379 376 2460 epistolas
400 2381 501 2461 legere
523 2379 673 2442 volueriut
695 2380 862 2453 continuas,
882 2386 995 2441 certum
1020 2381 1059 2442 ad
1083 2379 1113 2441 id
1133 2379 1237 2442 ducem
1256 2397 1316 2442 non
1334 2377 1516 2441 desiderent.

239 2485 471 2550 Annotationes
494 2487 619 2549 editoris
643 2495 674 2549 ct
696 2484 902 2566 praelationes
926 2485 1021 2548 latina
1044 2485 1146 2568 lingua
1168 2486 1362 2567 adjicientur,
1394 2503 1459 2547 curn
1483 2491 1515 2544 et

156 2589 307 2674 Keplerus
339 2592 367 2654 io
392 2593 479 2655 libris
502 2602 535 2654 et
558 2592 696 2672 epistolis
718 2593 776 2653 hac
800 2590 902 2671 lingna
924 2587 997 2654 usus
1021 2591 1080 2668 sit,
1109 2601 1141 2654 et
1171 2590 1269 2655 editor
1291 2589 1377 2674 s‘pcm
1400 2591 1513 2665 foveat,

156 2695 216 2760 iore
238 2706 274 2762 ut
297 2717 350 2762 res
373 2699 412 2760 ab
437 2699 502 2778 ipso
526 2707 669 2780 suscepta
691 2718 749 2760 non
772 2679 862 2760 modo
886 2695 1068 2773 Germanis,
1102 2697 1157 2762 sed
1188 2699 1281 2760 etiam
1304 2696 1416 2762 exteris
1439 2715 1513 2776 pro-

154 2801 248 2865 betur.
283 2803 526 2868 Anuotationom
544 2815 645 2870 autem
665 2805 743 2868 aliae
767 2823 866 2867 rerum
889 2811 1113 2886 temporumque
1136 2812 1170 2867 et
1190 2803 1345 2866 literarum
1369 2803 1516 2865 rationem

157 2909 325 2987 habebunt,
355 2911 435 2973 aliae
459 2912 553 2974 verba
577 2920 610 2976 et
630 2911 777 2974 dictiones
806 2911 1038 2974 mathematicas
1066 2917 1100 2973 et
1123 2909 1341 2973 astronomicas
1364 2908 1515 2988 interpre-

157 3013 313 3093 tabuntur,
340 3036 416 3099 qnae
440 3027 492 3081 aut
514 3018 639 3100 Kopleri
663 3024 765 3080 aetate
789 3016 940 3080 diversam
963 3018 1002 3080 ab
1025 3007 1083 3094 es,
1104 3035 1180 3098 quae
1204 3036 1281 3080 nune
1304 3023 1365 3090 est,
1390 3015 1516 3078 formam

157 3121 341 3200 retulerunt,
365 3131 438 3201 aut,
471 3129 507 3186 ut
528 3123 600 3187 viris
623 3125 653 3187 in
677 3124 733 3187 hoc
755 3141 864 3205 genere
888 3123 1018 3188 versatis
1042 3123 1072 3188 iu
1095 3143 1151 3188 usu
1174 3130 1264 3197 suut,
1295 3123 1341 3187 ita
1373 3121 1411 3183 ab
1436 3119 1513 3196 aliis,

158 3225 213 3289 uisi
236 3228 295 3291 tali
318 3229 577 3309 interpretatione,
602 3229 730 3310 intelligi
753 3248 812 3292 nou
834 3238 972 3311 possunt.

243 3333 404 3416 Epistulas
417 3325 552 3418 'Kepleri
575 3339 846 3420 responsionesque
876 3335 1038 3400 amicorum
1067 3354 1126 3398 non
1149 3331 1278 3399 obeam
1300 3352 1405 3410 unam,
1439 3349 1514 3414 quae
1570 3347 1571 3350 ’

160 3438 244 3502 modo
259 3441 343 3506 dicta
358 3449 417 3520 est,
432 3461 556 3507 causam
571 3461 607 3506 ex
622 3423 709 3524 parte
724 3443 869 3523 integras,
886 3463 923 3506 ex
938 3442 1046 3524 majori
1059 3461 1131 3506 vero
1145 3449 1234 3524 parte
1250 3459 1324 3522 „pro
1339 3459 1393 3502 sno
1408 3437 1513 3519 cujus·

161 3561 214 3625 que
235 3550 434 3629 argumento“
456 3549 644 3614 membratim
663 3550 818 3613 addendas
837 3549 1016 3626 censuimus,
1039 3550 1093 3612 sed
1107 3549 1170 3629 ejus
1189 3546 1233 3611 rei
1251 3547 1384 3628 potiores
1404 3565 1515 3609 causae

161 3649 287 3728 fuerunt,
311 3655 419 3732 altera,
445 3656 524 3736 quod
542 3655 613 3720 illae
628 3655 779 3737 longiores
794 3664 865 3720 sunt
883 3657 1001 3731 (insunt
1018 3655 1154 3720 collectis
1169 3653 1375 3735 Stuttgartiae
1394 3661 1426 3716 et
1439 3651 1514 3717 Pul-

163 3775 252 3822 covae
275 3761 415 3843 epistolis
448 3762 613 3843 quaedam,
646 3781 723 3844 quae
756 3771 935 3828 excrescunt
961 3763 1000 3826 ad
1028 3763 1156 3844 paginas
1179 3757 1224 3826 40
1246 3769 1279 3825 et
1300 3761 1368 3845 plus
1391 3759 1514 3822 minutis

161 3861 253 3928 literis
276 3867 434 3946 scriptas),
459 3868 565 3944 altera,
591 3869 670 3950 quod
694 3869 861 3949 disputavit
883 3870 912 3932 in
936 3869 997 3932 illis
1019 3869 1169 3950 Keplerus
1192 3867 1343 3934 derebus
1367 3865 1513 3928 diversis-

161 3969 252 4044 simis,
276 3992 336 4036 non
360 3974 503 4038 continue
526 3976 661 4040 oratioue
685 3975 851 4058 conjunctis
876 3977 918 4050 (e.
942 3994 973 4057 g.
997 3974 1027 4047 in
1050 3974 1147 4038 literis
1171 3973 1210 4037 ad
1232 3973 1382 4036 Davidem
1404 3971 1514 4034 Fabri-

162 4076 236 4138 cium
259 4078 289 4142 d.
319 4077 367 4142 ll.
393 4079 463 4145 Oct.
491 4077 586 4147 1605.
615 4084 696 4146 datis
719 4083 759 4147 ad
782 4083 913 4146 Fabricii
944 4083 1136 4164 quaestiones
1159 4082 1323 4162 respondet
1352 4078 1511 4159 Keplerus,

122 4263 126 4274 Ι
161 4185 382 4265 responsionem
411 4187 547 4252 dividens
570 4189 601 4253 in
624 4181 832 4272 paragraphus
855 4207 976 4252 numero
1001 4183 1069 4264 74).
1102 4185 1190 4260 Quae
1213 4207 1304 4271 quum
1325 4185 1445 4264 integra
1462 4183 1513 4245 vix

163 4288 316 4372 quisquam
334 4294 468 4358 lecturus
487 4297 605 4370 fuisset,
628 4315 864 4380 speramus„ea,
888 4314 964 4377 quae
988 4295 1074 4360 nobis
1097 4295 1223 4378 placuit,
1250 4293 1367 4356 ratione
1386 4291 1459 4364 lore,
1479 4295 1514 4350 ut

162 4393 320 4462 incitentur
338 4401 478 4477 lectores,
502 4409 536 4483 ut
557 4404 680 4484 propius
703 4403 866 4484 inspiciant
885 4422 931 4479 ea,
962 4421 1038 4484 quae
1057 4401 1207 4482 Keplerus
1229 4399 1292 4480 egit
1311 4417 1376 4461 cum
1395 4391 1511 4457 amicis.

161 4499 305 4584 Keplerus
330 4505 452 4588 quidem
474 4507 538 4588 ipse
562 4508 640 4572 viam
659 4510 800 4591 praeivit,
824 4508 874 4591 qui
893 4510 923 4572 in
941 4509 1018 4573 libro
1037 4507 1255 4588 chronologico,
1282 4503 1331 4586 qui
1350 4497 1513 4579 inscriptus

162 4615 207 4671 est
227 4611 389 4693 „Eclogae
414 4611 610 4692 Chronicae“,
639 4635 676 4680 es
698 4635 775 4698 quae
797 4614 895 4679 literis
918 4615 958 4679 ad
990 4615 1125 4679 diversos
1154 4613 1235 4676 datis
1264 4610 1442 4686 illorumque
1461 4624 1513 4668 re·

161 4717 370 4793 sponsionibus
399 4718 518 4786 inerant
545 4722 757 4802 chronologica
779 4723 965 4806 excerpserit
987 4729 1020 4786 et
1042 4722 1122 4806 typis
1146 4713 1340 4801 exprimenda
1362 4709 1514 4774 curaverit

160 4817 250 4890 forma
274 4823 476 4906 dialogorum.
