3718 5520
684 259 691 286 '
752 269 1264 365 mammeae-rueme·

559 473 568 480 ·
1009 453 1079 516 Jam
1103 457 1141 516 ad
1161 456 1380 518 divisionem
1395 455 1688 520 intervallidia·

328 545 896 688 W
921 561 1045 624 pascu.
1091 543 1141 605 Ex
1162 563 1232 606 mea
1253 545 1486 608 ratiocinatione
1509 546 1688 625 auriumque

329 691 348 698 ,
400 653 498 699 ·-,-
576 705 581 710 ,
664 655 895 700 ῑ--·---
918 632 1031 712 judicio
1042 642 1206 694 nascuntur
1215 653 1306 696 voees
1316 634 1405 704 istae,
1421 642 1455 696 ut
1464 634 1551 696 vides
1565 633 1625 707 hio,
1641 633 1690 696 uhi

922 721 984 784 ima
994 718 1023 782 G
1035 728 1122 782 notat
1132 721 1393 793 chordamtotam.
1431 719 1605 802 Sequuntur
1614 722 1645 794 h,
1660 721 1690 796 h,

267 848 276 862 .
329 827 358 880 o,
384 807 417 877 d,
441 807 502 880 dis,
527 825 557 882 e,
583 825 603 886 g
625 817 657 870 ct
679 809 860 888 superiores.
906 809 975 870 Jam
999 809 1191 871 intervallum
1216 809 1260 882 G.
1284 811 1319 884 b,
1349 819 1381 872 et
1404 827 1577 890 supremum
1601 810 1690 890 primi

328 894 519 958 diastematis
542 895 689 975 diapason
714 917 744 972 e,
774 915 793 977 g
818 897 945 959 nondum
970 906 1042 958 sont
1064 897 1178 972 divisa,
1208 898 1319 961 dosunt
1346 900 1425 961 enim
1449 917 1542 961 vocas
1569 919 1589 960 a
1612 909 1646 960 et
1669 899 1689 962 l.

328 981 405 1046 Cum
429 990 529 1044 autam
555 983 599 1057 G,
628 985 712 1048 hsit
739 979 792 1067 Ἃ,
825 985 1017 1048 dividendum
1047 984 1104 1046 erit
1126 986 1156 1048 in
1180 997 1304 1068 recepta
1325 995 1359 1050 et
1381 989 1496 1050 usitata
1519 987 1691 1050 intervalla.

112 1057 117 1064 ¹
244 1073 249 1082 '
330 1071 411 1134 Sunt
435 1081 535 1134 autem
554 1074 620 1153 jam
643 1074 782 1137 stabilita
805 1074 966 1136 intervalla
989 1094 1015 1145 c,
1039 1075 1068 1150 d,
1097 1067 1151 1155 Ἃ,
1175 1077 1204 1150 d,
1230 1093 1256 1149 ε,
1286 1071 1359 1159 'lm
1385 1076 1414 1150 h,
1440 1095 1465 1149 c.
1498 1069 1580 1158 '‘irs·
1620 1075 1690 1138 ‘Se-

328 1158 502 1222 miditouius
537 1171 638 1224 autem
663 1161 708 1237 G,
733 1164 751 1224 h
779 1181 838 1224 oon
862 1162 1046 1242 hahet‘plus
1070 1179 1158 1242 quam
1183 1165 1371 1226 semitonium
1396 1173 1428 1227 et
1449 1174 1570 1237 tonum
1604 1165 1692 1228 aulor

328 1249 423 1329 igitur
446 1249 638 1312 semitonium
669 1246 736 1332 ¹7¹,
765 1250 997 1314 asemlditonio
1027 1244 1080 1332 Ἃ,
1111 1259 1209 1314 restat
1232 1271 1289 1314 uon
1314 1253 1410 1316 minor
1434 1261 1524 1316 tcum
1552 1245 1606 1334 'lu
1635 1251 1691 1314 sed

328 1337 426 1416 major
453 1329 508 1420 “03
533 1357 604 1418 ergo
627 1339 706 1400 iuter
730 1339 769 1414 G,
796 1359 816 1400 a
837 1349 886 1402 ost
913 1333 964 1422 Ἃ.
1011 1337 1158 1404 Similiter
1180 1341 1259 1404 inter
1282 1341 1343 1416 dis,
1368 1359 1388 1422 g
1411 1349 1461 1402 ast
1478 1335 1527 1423 Ἰν
1558 1343 1641 1403 iuter
1663 1361 1690 1416 e,
1805 1363 1808 1368 ·

327 1445 356 1508 g,
386 1421 419 1506 ‘l⁸
448 1435 480 1488 et
501 1426 582 1488 inter
603 1427 661 1501 dis,
684 1447 701 1489 o
725 1436 773 1490 est
802 1422 883 1511 ²725,
908 1436 1029 1508 oportet
1051 1426 1144 1506 igitur
1158 1447 1260 1492 vocem
1280 1431 1294 1490 f
1313 1431 1357 1492 sic
1372 1429 1480 1510 aptari,
1506 1437 1540 1491 ut
1563 1430 1692 1502 usitata,

329 1526 361 1578 et
382 1515 412 1576 in
436 1513 584 1595 prioribus
608 1517 784 1579 confirmata
808 1526 984 1579 statuantur
1006 1516 1185 1594 intervalla,
1220 1519 1299 1598 quod
1326 1519 1377 1591 ht,
1411 1518 1438 1580 si
1468 1519 1493 1593 l,
1522 1535 1542 1598 g
1570 1518 1612 1581 sit
1640 1511 1688 1600 Ἃ,

330 1618 400 1666 tunc
424 1602 481 1674 dis,
507 1606 589 1666 fest
616 1599 689 1688 'lm
719 1613 751 1667 et
774 1625 800 1675 ε,
825 1606 845 1680 l,
878 1599 958 1688 '‘sw

416 1692 502 1754 Haeo
526 1693 618 1772 igitur
641 1701 690 1756 est
709 1693 797 1774 justa
819 1694 928 1756 divisio
951 1714 1005 1756 rou
1028 1698 1190 1762 ιιωεασωε,
1216 1702 1250 1756 ut
1272 1694 1436 1761 intervalla
1458 1695 1502 1757 sic
1527 1713 1560 1756 so
1584 1703 1690 1758 mutuo

329 1789 492 1861 sequantur
514 1781 757 1844 incantuduro:
786 1776 834 1864 Ἃ,
856 1775 924 1861 ”im
953 1777 1035 1864 “lm
1063 1774 1113 1864 'la
1144 1775 1210 1865 'lm
1244 1777 1325 1862 “lm
1354 1776 1414 1866 ⁸l23
1438 1783 1574 1846 incentu
1589 1783 1691 1846 molli:

225 1939 230 1946 ,
300 1864 382 1953 '⁸l0·
415 1863 495 1952 “le
525 1863 590 1951 t..
621 1864 670 1952 le
703 1863 783 1951 '‘l...
814 1865 880 1952 t..
910 1865 960 1954 ‘le

417 1959 476 2021 Ubi
500 1961 530 2020 in
554 1959 751 2021 commissura
773 1961 898 2022 duorum
922 1967 1124 2041 systematum
1147 1963 1301 2022 &aracos
1314 1960 1527 2024 continuantur
1545 1959 1607 2021 duo
1626 1960 1690 2022 tnui

328 2047 469 2127 majores,
493 2055 526 2108 et
549 2047 573 2121 l,
599 2069 618 2108 a
640 2047 819 2128 imperfecto
841 2055 1023 2122 consonant,
1058 2055 1092 2110 ut
1115 2055 1146 2109 et
1169 2069 1202 2124 a,
1227 2067 1259 2110 c:
1294 2049 1464 2112 differentia
1486 2057 1536 2110 est
1558 2065 1689 2122 comma,

327 2136 407 2217 quod
428 2143 502 2216 puto
525 2154 545 2195 a
567 2133 741 2198 Reinhardo
765 2137 914 2218 appellari
939 2138 1061 2216 „lupum
1084 2136 1288 2215 organicum“‚
1323 2136 1424 2200 nescio
1449 2147 1560 2199 tamen.
1607 2137 1689 2199 Nam

327 2223 451 2286 auribus
468 2223 549 2285 haec
576 2223 764 2302 imperiectio
793 2244 853 2289 non
881 2224 1123 2314 deprehenditur.
1169 2225 1329 2288 Accedunt
1352 2233 1415 2288 tros
1444 2225 1547 2286 claves
1571 2225 1689 2302 falasar

327 2313 372 2386 hs,
398 2311 455 2393 gis,
480 2311 535 2386 cis,
559 2312 666 2392 quibus
690 2333 710 2375 a
731 2321 803 2377 tono
828 2317 902 2388 (non
925 2314 1040 2377 minore
1069 2305 1136 2394 'lm
1161 2313 1246 2375 utin
1272 2313 1299 2386 b,
1324 2333 1350 2388 c,
1376 2321 1408 2376 et
1431 2313 1460 2386 d,
1485 2332 1517 2386 ε,
1541 2331 1597 2394 per
1619 2313 1687 2392 pri-

327 2419 409 2463 mam
432 2417 538 2462 vocum
561 2400 824 2477 constitutionem)
849 2402 902 2466 sed
924 2401 1040 2482 majore
1067 2393 1117 2482 'la
1143 2401 1163 2476 l,
1187 2419 1227 2480 ες
1255 2419 1284 2478 g,
1309 2420 1347 2475 a;
1377 2419 1403 2476 e,
1429 2402 1468 2476 ἀς
1497 2401 1689 2464 abscinditur

329 2487 521 2551 semitonium
544 2490 688 2552 usitatum
720 2486 810 2574 ¹⁵14„
839 2492 877 2553 ob
900 2489 1097 2562 mutationes,
1131 2499 1163 2550 et
1186 2488 1364 2568 relinquitur
1387 2491 1496 2552 lemma
1519 2491 1569 2552 vel
1593 2488 1688 2552 diesis

222 2613 226 2633 .
327 2577 438 2654 epatre
468 2571 568 2661 ¹²71„
597 2597 651 2660 pro
674 2597 727 2654 eo,
759 2581 836 2659 quod
860 2580 889 2641 in
914 2587 980 2640 toto
1003 2578 1116 2640 minore
1145 2578 1323 2657 relinquitur
1355 2577 1447 2642 diesis
1471 2575 1583 2656 ἀμολης
1612 2572 1682 2660 '‘l„
1712 2651 1717 2658 ,

327 2675 477 2729 commate
502 2669 609 2730 minus.
656 2668 735 2730 llam
760 2668 837 2729 adde
867 2661 935 2750 ²7„
965 2667 1002 2728 ad
1031 2659 1115 2749 ⁸⁰10„
1147 2684 1282 2740 comma,
1321 2667 1528 2731 accumulatur
1560 2659 1687 2748 ¹²⁸lm:

327 2755 436 2818 ubilis
460 2755 636 2818 crebraest
668 2756 697 2817 in
726 2766 817 2821 cautu
846 2758 919 2819 duro
948 2774 1001 2836 pro
1026 2756 1061 2817 l.·
1094 2756 1159 2815 Hoc
1190 2755 1282 2834 igitur
1309 2763 1400 2834 pacto
1429 2765 1526 2818 totum
1549 2777 1564 2816 s
1587 2766 1688 2818 stema

326 2850 481 2907 taenaron
504 2843 624 2906 usitatis
648 2845 817 2908 irnrvallis
837 2844 965 2908 divisum
979 2853 1036 2919 est,
1062 2843 1195 2923 fiuntque
1213 2843 1376 2906 interualla
1397 2841 1519 2922 ε’μμελη,
1546 2775 1596 2926 ’ᾖ
1618 2837 1686 2926 ’lm

335 2927 402 3016 “lu
431 2935 567 3012 (praeter
590 2933 764 2996 harmonica
778 2935 919 3015 majora),
944 2951 1003 2995 uon
1020 2932 1081 2995 alia
1099 2933 1195 3012 plura,
1216 2941 1248 2996 ct
1262 2933 1320 2994 duo
1334 2931 1438 3012 ἀμελη,
1459 2927 1542 3015 ²725,
1569 2925 1687 3014 min„

326 3041 403 3104 queo
428 3021 543 3083 iaciunt
565 3021 765 3084 differentiam
787 3033 894 3085 cantus
918 3022 984 3084 duri
1007 3031 1039 3082 et
1062 3021 1171 3084 mollis.

415 3111 536 3182 Habes,
560 3110 689 3185 Taucki‚
710 3111 892 3174 divisionem
914 3109 1108 3172 monochordi
1131 3127 1170 3170 ex
1192 3109 1362 3188 geometria
1384 3109 1557 3172 deductam.
1605 3109 1686 3170 Nam
1784 3151 1789 3158 -

327 3201 404 3261 unde
428 3198 618 3261 Reinhardne
651 3217 736 3261 suam
765 3199 942 3272 deduxerit,
974 3200 1091 3278 ignoro.
1137 3198 1186 3260 Ex
1209 3197 1293 3260 ooolo
1323 3198 1403 3260 enim
1427 3217 1485 3260 non
1509 3196 1684 3270 deduxisse,

328 3289 417 3350 docet
440 3287 639 3362 astronomia,
673 3307 750 3370 quae
773 3288 854 3352 ridet
878 3288 947 3350 illos
970 3286 1137 3350 Reiuhardi
1170 3286 1336 3350 diametros
1359 3287 1574 3367 sphaerarum,
1610 3303 1687 3366 quae

325 3383 397 3438 sunt
418 3375 519 3455 potius
543 3393 581 3436 ex
603 3377 718 3438 musica
739 3395 896 3456 perperam
920 3377 1085 3440 derivatae.

415 3463 502 3526 Duae
526 3472 627 3526 autem
650 3466 840 3545 potissimum
863 3472 934 3527 sont
957 3484 1077 3534 causae,
1102 3483 1154 3528 eur
1177 3481 1231 3526 nec
1255 3481 1293 3524 ex
1315 3461 1472 3524 diametris
1486 3461 1685 3542 sphaerarum

325 3571 415 3615 voces
439 3553 611 3629 musicales,
635 3571 689 3615 nec
713 3573 751 3616 ex
774 3553 890 3617 musica
911 3553 1051 3617 diametri
1074 3553 1271 3632 sphaerarum
1295 3551 1401 3614 deduci
1425 3553 1554 3630 possint.
1597 3550 1686 3614 Prior

325 3651 374 3704 εει
397 3642 489 3704 haec:
527 3641 596 3703 Etsi
620 3643 697 3703 enim
719 3651 792 3705 sunt
821 3643 1080 3705 circumferentias
1104 3641 1266 3702 circulares
1294 3639 1325 3702 in
1349 3639 1455 3702 eadem
1478 3639 1684 3721 proportione,

325 3733 355 3793 in
379 3749 438 3810 qua
467 3731 625 3800 diametri,
650 3742 682 3792 et
709 3741 796 3793 astra
826 3731 886 3794 illis
917 3728 1166 3794 circumferentiis
1196 3728 1359 3804 insistunt,
1392 3737 1495 3792 umen
1520 3728 1684 3792 dissimilia

325 3828 552 3896 comparantur,
578 3838 615 3880 ex
638 3821 825 3883 astronomia
846 3820 1007 3899 prolixitas
1030 3817 1147 3882 itineris
1169 3817 1348 3900 planetarii,
1373 3837 1412 3880 ex
1434 3818 1551 3882 musica
1573 3818 1685 3880 celeri-

193 3945 195 3950 ·
325 3916 376 3968 tas
399 3905 530 3968 chordae
553 3908 668 3986 pulsae.
715 3909 783 3970 Non
807 3909 885 3971 enim
908 3909 940 3972 id
963 3917 1012 3971 est
1033 3909 1159 3988 planeta
1182 3925 1237 3968 suo
1261 3906 1414 3984 circuitui,
1440 3908 1519 3988 quod
1541 3913 1592 3969 est
1614 3907 1683 3984 ple·

326 4007 423 4058 etrum
446 4014 518 4057 suae
544 3995 688 4070 chordae;
722 3997 836 4060 chorda
864 3998 942 4061 enim
972 3996 1071 4060 brevis
1101 3994 1228 4058 celerius
1256 4003 1407 4071 movetur,
1440 3995 1531 4075 longa
1553 3993 1682 4057 tordius.

324 4086 370 4145 At
405 4082 529 4164 planeta
566 4085 642 4146 alias
680 4086 772 4149 habet
810 4088 893 4167 leges
926 4105 999 4149 suae
1032 4084 1218 4158 condetis,
1257 4102 1346 4164 quam
1378 4083 1584 4164 prolixitatem
1617 4083 1679 4144 cir-

324 4173 434 4234 cuitus.
482 4172 530 4232 Da
553 4171 684 4236 Saturno
709 4175 890 4239 brevitatem
917 4175 1060 4238 circuitus
1085 4173 1232 4246 Venerei,
1264 4173 1354 4236 citius
1383 4172 1502 4253 quidem
1532 4190 1601 4234 enm
1624 4171 1682 4233 at-

324 4260 441 4334 solvet,
467 4279 561 4340 aeque
584 4271 685 4322 tamen
710 4263 769 4324 erit
791 4265 896 4326 tardus
920 4273 1023 4339 motu,
1047 4281 1083 4326 ac
1106 4279 1184 4325 nunc
1206 4270 1268 4337 est,
1294 4262 1320 4324 si
1344 4261 1389 4322 illi
1410 4261 1559 4341 genuinas
1583 4259 1682 4322 tardi-

325 4349 401 4412 tatis
429 4367 537 4410 causas
561 4349 722 4430 relinquas.
770 4349 838 4421 Quo
867 4353 986 4415 nomine
1016 4369 1166 4432 nunquam
1194 4367 1268 4412 saue
1300 4351 1405 4412 dextro
1437 4349 1556 4412 institui
1579 4357 1683 4429 potest

322 4437 507 4518 comparatio
537 4446 669 4499 motuum
700 4439 851 4509 chordae.
889 4442 920 4502 h.
951 4461 978 4504 e.
1012 4459 1167 4510 sonorum,
1193 4447 1225 4500 ει
1254 4439 1458 4518 planetarum.
1505 4437 1679 4502 Similitudo

324 4528 444 4609 quidem
466 4526 541 4588 haec
565 4533 622 4600 est,
648 4527 753 4606 quodsi
777 4527 899 4590 daretur
922 4530 951 4592 in
974 4530 1060 4592 coelo
1085 4535 1148 4602 adr,
1171 4527 1305 4610 planetis
1329 4527 1424 4590 libere
1447 4546 1501 4609 per
1532 4547 1600 4590 sum
1623 4545 1679 4589 ro-

325 4615 471 4690 lantibus,
495 4615 619 4677 daretur
642 4635 715 4677 sane
739 4634 847 4692 sonus,
871 4636 929 4679 non
952 4619 1064 4692 minus,
1095 4635 1184 4699 quam
1207 4615 1322 4680 ohordd
1343 4635 1460 4682 rursum
1483 4634 1679 4697 prorsumque

323 4721 378 4784 per
401 4711 502 4768 aerem
524 4703 618 4766 moti.
665 4705 712 4766 At
733 4723 800 4767 com
822 4705 852 4768 in
875 4707 990 4770 musica
1012 4725 1104 4770 sonus
1127 4703 1260 4768 musicus
1284 4705 1443 4769 deliniatur
1466 4707 1505 4768 ab
1530 4704 1676 4788 aequabi-
