3586 5518
779 303 781 308 ,
815 259 928 322 Mystsrli
948 257 1149 324 Dmegraphlol

886 509 1007 609 Caput
1032 509 1082 584 X.

656 667 714 732 De
736 669 859 752 origine
879 689 1084 734 aammmm
1105 663 1267 734 nobilium.
1282 677 1311 746 ⁸)

394 809 544 872 Infinitum
564 818 613 872 est
631 809 750 891 singula
768 811 917 895 persequi,
944 830 1038 892 neque
1063 811 1126 874 sine
1150 811 1248 874 fructu
1272 813 1308 874 de
1332 813 1379 875 his
1404 812 1578 891 astrologus
1603 831 1670 873 am·

306 899 385 980 plius
409 899 535 980 cogitet.
574 899 743 962 Videamus
767 900 854 962 modo
874 908 1113 963 astronomorum
1128 900 1359 976 arithmeticam,
1385 909 1547 981 sacrosque
1567 918 1670 962 eorum

307 1005 457 1060 numeros,
481 983 511 1049 6.
534 985 588 1051 ¹12.
614 983 666 1051 60.
686 983 728 1064 ”)
774 989 871 1070 Igitur
894 997 1021 1070 excepto
1046 989 1212 1069 quadrante
1237 997 1441 1064 absentante,
1468 1007 1511 1052 sc.
1540 987 1592 1064 15,
1621 985 1670 1060 10,

307 1095 410 1139 omnes
434 1077 624 1156 sexagenarii
648 1085 752 1157 partes
775 1078 957 1158 multiplices
980 1077 1168 1156 reperiuntur
1196 1079 1226 1140 in
1255 1079 1301 1141 his
1329 1078 1457 1160 quinque
1482 1077 1670 1157 corporibus.

309 1165 455 1226 Vicissim
480 1165 616 1245 exceptis
641 1167 758 1246 angulis
782 1167 880 1246 planis
905 1167 1040 1230 octaedri
1065 1175 1096 1228 et
1120 1167 1197 1242 cubi,
1223 1187 1345 1248 quorum
1361 1175 1484 1248 uterque
1504 1165 1600 1228 habet
1618 1162 1671 1240 24,

307 1263 411 1316 cetera
433 1255 544 1330 omnia,
570 1273 646 1335 quae
670 1262 879 1332 numerantur,
904 1265 975 1318 sunt
996 1273 1068 1335 pars
1092 1255 1250 1335 multiplex
1273 1256 1479 1336 sexagenarii,
1503 1263 1537 1317 nt
1561 1253 1673 1316 existi-

309 1361 401 1417 mem,
430 1343 482 1404 vix
508 1342 560 1405 ulli
588 1363 709 1406 numero
737 1363 827 1425 posse
856 1364 893 1406 ue
917 1366 936 1407 a
957 1345 1132 1428 Pythagora
1155 1345 1275 1425 quidem
1298 1345 1390 1407 ullam
1412 1363 1477 1406 rem
1500 1344 1674 1406 naturalem

309 1431 468 1510 assignari,
493 1449 570 1511 quae
594 1432 638 1495 illi
661 1433 758 1512 magis
783 1432 825 1494 sit
847 1435 984 1514 propria,
1007 1451 1096 1513 quam
1119 1433 1167 1496 hic
1191 1451 1330 1496 numerus
1354 1441 1405 1495 est
1427 1431 1517 1494 dictis
1542 1434 1674 1514 quinque

308 1519 493 1599 corporibus.
1020 1528 1050 1543 ''

397 1607 483 1671 Unus
506 1616 555 1671 est
578 1609 685 1684 cubus,
714 1607 785 1670 Una
806 1608 956 1692 pyramis,
980 1609 1080 1673 Unum
1104 1609 1329 1684 dodecatdron,
1357 1607 1457 1672 Unum
1480 1607 1673 1684 icosatdron,

309 1697 409 1760 Unum
432 1697 611 1773 octaedron‚
637 1697 735 1761 Unum
760 1698 929 1760 solitarium
952 1698 1016 1760 sine
1042 1697 1142 1760 simili.

398 1786 465 1848 Duo
498 1805 624 1868 corpora
657 1785 852 1861 secundaria3
885 1785 953 1849 Duo
985 1787 1107 1849 ordines
1139 1803 1317 1867 corpomm;
1350 1785 1429 1848 Bina
1461 1805 1582 1867 semper
1616 1784 1676 1849 sibi

261 1901 266 1916 ³
310 1873 441 1949 similia3
464 1876 551 1938 Duae
576 1875 723 1956 ejusmodi
747 1874 967 1938 similitudines.
1363 1889 1365 1892 ·

398 1963 472 2026 Tres
488 1965 590 2046 anguli
608 1965 725 2026 basium
739 1964 769 2026 iu
784 1965 950 2047 pyramide,
970 1963 1138 2039 icosaedro,
1154 1963 1307 2038 octa'edm,
1329 1963 1399 2043 quia
1414 1963 1505 2026 bases
1519 1961 1676 2026 trilatera.

309 2051 382 2116 Tria
403 2051 548 2132 primaria
570 2071 705 2133 corpora.
752 2054 827 2116 Tres
851 2053 1028 2133 angulorum
1053 2051 1251 2115 differentiae.

399 2139 538 2211 Quatuor
562 2141 664 2220 auguli
687 2149 719 2203 et
742 2142 840 2204 latera
862 2142 945 2203 basis
969 2141 999 2204 iu
1023 2141 1111 2203 cubo.
1149 2140 1288 2212 Quatuor
1310 2139 1400 2202 solidi
1423 2138 1593 2223 pyramidis
1617 2159 1677 2202 an-

221 2267 230 2278 ,
310 2229 382 2310 guli.
430 2228 569 2300 Quatnor
591 2231 724 2309 ejusdem
747 2231 848 2294 bases.

399 2316 538 2398 Quinque
562 2337 697 2397 corpora.
745 2316 883 2400 Quinque
907 2316 1010 2397 auguli
1033 2325 1064 2380 et
1087 2318 1186 2380 latera
1207 2317 1237 2379 in
1260 2317 1328 2380 basi
1352 2315 1583 2380 dodecaedn'ca.

400 2405 463 2468 Sex
486 2406 588 2486 auguli
612 2405 756 2471 octaedri.
795 2407 858 2470 Sex
880 2407 980 2470 latera
1002 2405 1178 2489 pyramidis.
1216 2405 1277 2468 Sex
1301 2405 1392 2469 bases
1416 2405 1494 2469 cubi.
1543 2403 1679 2468 Pulcher

310 2513 461 2558 numerus.

400 2581 479 2646 Octo
504 2582 595 2645 bases
619 2583 765 2646 octaedri.
788 2581 892 2646 ·Octo
917 2583 1019 2662 anguli
1043 2580 1121 2644 cubi.
1137 2581 1166 2655 a)

400 2673 566 2734 Duodecim
591 2672 682 2734 bases
706 2672 896 2736 dodecaedri.
936 2670 1101 2734 Duodecim
1126 2672 1225 2733 latera
1247 2671 1394 2732 octaedri.
1438 2673 1516 2734 ltem
1540 2678 1573 2732 et
1596 2667 1677 2732 cubi.

313 2759 479 2822 Duodecim
504 2761 605 2839 anguli
630 2761 788 2822 ieosaedri.
835 2761 1001 2823 Duodecim
1024 2759 1106 2840 plani
1131 2759 1232 2840 auguli
1255 2759 1429 2840 pyramidis.

400 2849 480 2911 Ecce
505 2850 715 2916 hic,numerus
739 2850 768 2912 in
794 2849 931 2912 omuibus
956 2849 1084 2928 quinque
1108 2857 1165 2912 est.

400 2937 519 3016 Viginti
545 2938 635 2999 bases
659 2937 820 3000 icosaddri.
863 2937 985 3018 Viginti
1010 2936 1113 3016 auguli
1137 2935 1328 2998 dodecaddri.

399 3025 518 3106 Viginti
543 3035 670 3106 quatuor
693 3027 794 3105 anguli
822 3026 905 3106 plani
936 3026 1071 3089 octaedri
1095 3033 1127 3088 et
1150 3025 1227 3088 cubi.
1273 3025 1332 3086 Hic
1354 3025 1472 3086 alienus
1495 3031 1545 3085 est
1568 3039 1678 3084 numa-

222 3183 234 3192 ·
311 3135 375 3189 rus,
399 3116 455 3178 sed
479 3135 533 3177 neo
556 3115 736 3195 praecipuae
759 3116 812 3187 rei,
838 3133 892 3177 nec
916 3115 959 3178 ita
983 3114 1120 3178 alienus:
1146 3123 1195 3176 est
1218 3114 1297 3176 euim
1319 3113 1366 3175 bis
1394 3110 1442 3187 12,
1468 3120 1517 3174 ter
1540 3107 1573 3184 8,
1599 3131 1678 3192 qua·

311 3210 358 3264 ter
382 3200 417 3276 6,
443 3203 493 3282 qui
518 3223 621 3265 omnes
645 3204 768 3266 suntin
793 3199 845 3268 00.

402 3291 541 3370 Triginta
564 3293 662 3354 latera
685 3293 832 3355 icosaedri
858 3298 891 3354 et
914 3291 1105 3353 dodecaedri.

402 3379 572 3459 Sexaginta
594 3382 677 3460 plani
702 3381 804 3461 anguli
828 3380 1008 3443 dodecaddri
1033 3388 1064 3442 et
1088 3379 1245 3444 icosaedri.

183 3515 186 3524 .
303 3535 306 3540 ,
400 3468 623 3549 Praetereaque
647 3471 720 3532 nihil
745 3479 927 3541 numeratur,
951 3469 1009 3530 uisi
1031 3485 1163 3530 summas
1182 3467 1313 3530 omnium
1336 3467 1466 3528 laterum
1488 3471 1522 3525 et
1545 3464 1679 3543 angulo-

310 3575 375 3620 rum
399 3557 475 3619 inira
499 3557 635 3633 velimus,
660 3561 739 3638 quod
759 3559 885 3622 alieuius
904 3565 962 3620 ast.
993 3557 1069 3620 Tum
1090 3557 1270 3636 provenient
1292 3553 1393 3633 auguli
1417 3553 1679 3616 denominaotium

311 3645 430 3708 basium
456 3643 505 3720 18,
533 3646 626 3710 facies
650 3645 703 3720 50,
728 3648 829 3728 auguli
853 3647 990 3721 totidem,
1014 3642 1180 3722 latera90,
1205 3646 1307 3725 auguli
1331 3643 1412 3724 plani
1439 3637 1513 3706 180.
1552 3641 1680 3706 Numeri

312 3735 435 3813 cognati
458 3753 570 3798 ornnes.

779 3910 823 3972 ΙΝ
847 3907 987 3972 ΟΑΡΠΤ
1009 3907 1208 3973 DECIMUM

838 4029 952 4082 Nonas
971 4029 1148 4084 AUCTORIS.

371 4133 404 4201 a)
424 4137 463 4194 Ut
476 4155 562 4210 supra
578 4138 639 4208 jam
653 4138 754 4196 dictum
768 4147 820 4203 est.
836 4141 922 4196 omnis
937 4157 1108 4197 numerorum
1128 4140 1260 4196 nobilitas
1275 4135 1372 4214 (qnam
1394 4138 1544 4210 praecipua
1559 4139 1678 4196 adrnira-

311 4225 356 4274 tur
379 4219 524 4289 theologia
546 4219 750 4290 Pythagorica,
774 4222 911 4292 rebusque
931 4220 1029 4275 divinis
1050 4217 1208 4290 comparat)
1229 4227 1274 4276 est
1301 4219 1428 4290 primitus
1451 4237 1489 4274 ex
1509 4219 1677 4291 geometria.

311 4299 378 4354 (lum
391 4315 457 4352 vero
471 4299 576 4352 multae
591 4299 648 4354 sint
661 4299 722 4369 ejus
737 4307 842 4370 partes,
857 4301 912 4356 hae
927 4302 1035 4371 quidem
1048 4301 1167 4372 quinque
1185 4301 1295 4372 figurae
1308 4299 1415 4356 solidae
1434 4315 1488 4354 uon
1502 4307 1571 4356 sunt
1589 4299 1679 4370 prima

311 4395 362 4433 neo
384 4377 467 4432 unica
491 4393 578 4432 causa
600 4377 756 4434 nobilitatis
777 4379 860 4447 hujus
885 4382 932 4434 sed
955 4381 1061 4444 accidit,
1083 4388 1116 4436 ut
1129 4381 1218 4436 multa
1236 4381 1264 4434 in
1281 4379 1397 4434 eundem
1412 4395 1555 4434 numerum
1570 4379 1679 4450 conspi-

238 4493 241 4502 ·
310 4463 381 4513 rent
423 4457 515 4512 Prima
529 4457 599 4513 enim
615 4457 694 4528 origo
710 4459 871 4528 aptitudinis
886 4475 1058 4514 numerorum
1080 4465 1175 4516 estex
1189 4459 1286 4531 figuris
1305 4459 1603 4530 plantaregutaribus.
1628 4458 1678 4512 eir·

310 4539 373 4592 culo
388 4536 595 4606 inscriptilibus‚
612 4553 760 4608 earumque
775 4539 972 4609 congnreutia3
995 4541 1067 4594 unde
1088 4547 1189 4610 postea
1209 4539 1315 4594 solidae
1330 4539 1464 4593 oriuntur.
1505 4539 1578 4592 Vide
1592 4539 1641 4594 lib.
1656 4539 1676 4592 Ι.

310 4622 341 4670 ει
361 4617 395 4672 11.
418 4617 653 4672 Harmonicoruun.
695 4619 737 4672 Ne
761 4634 827 4671 vero
842 4618 1025 4684 conrlundaris,
1054 4619 1101 4674 ubi
1123 4620 1241 4690 legeris,
1265 4617 1515 4674 demonstrationes
1547 4620 1675 4681 latarum.

312 4697 409 4765 quibos
423 4701 538 4752 utuntur
554 4699 671 4769 figurae,
694 4697 798 4751 arcessi
821 4712 840 4750 a
855 4697 973 4752 numeris
997 4700 1172 4770 auguriorum,
1196 4699 1276 4769 quasi
1294 4697 1355 4753 ideo
1375 4715 1513 4760 numerus,
1538 4706 1572 4754 ut
1586 4714 1677 4752 nume·

311 4789 384 4838 raus,
406 4776 481 4846 prior
495 4777 532 4831 sit
553 4785 583 4832 et
597 4775 714 4847 dignior.
755 4775 874 4839 Minime,
897 4793 950 4831 non
973 4779 1045 4835 enim
1064 4779 1124 4834 ideo
1139 4779 1325 4836 numerabiles
1347 4780 1417 4834 liunt
1437 4777 1536 4852 auguli
1560 4779 1677 4852 figurae,
