3698 5516
295 235 362 304 ese
894 235 1057 286 moenem·
1108 227 1111 232 ·

294 395 421 460 pectinem
440 393 473 444 ad
491 392 645 443 conditiones
664 391 695 442 de
713 393 773 444 sede
792 397 818 443 et
835 391 931 442 lemilia
949 407 963 442 e
982 391 1065 454 sene
1082 391 1190 456 huam
1208 391 1387 443 sufferenda.
1425 393 1470 444 His
1490 393 1562 442 addit
1572 391 1661 456 'l’ychc

295 469 322 516 ln
341 461 537 530 „postscripte“:
556 461 630 513 Facis
648 464 674 512 in
691 463 784 512 ultimis
801 463 878 512 literis
896 463 945 512 tuis
963 464 1115 513 mentionem
1128 463 1196 514 Secti
1212 464 1283 514 ish'us
1296 462 1537 528 Capnursnioi,
1550 459 1574 524 ⁴)
1595 465 1661 528 qued

295 539 322 588 lu
347 539 426 600 ipsum
450 534 635 599 autapelogiam
660 534 768 598 perlecto
791 535 937 598 praesertim
958 534 1019 583 libro
1037 540 1121 583 nostro
1144 535 1253 584 secundo
1272 535 1303 584 de
1323 534 1427 586 Cometa
1444 536 1584 585 mediteris:
1612 551 1660 599 que

296 609 349 672 ipsc
367 621 418 658 rem
436 611 535 672 gratam
554 611 580 656 et
597 611 657 655 tuae
675 606 829 669 promissioni
847 619 966 670 meaeque
986 607 1164 669 exspectationi
1183 605 1317 671 analogum
1335 607 1496 670 praestiteris.
1534 606 1659 655 addixisti

296 680 381 732 etiam,
406 683 431 728 te
450 675 514 740 quae
532 677 558 726 iu
583 675 701 726 lamoso
724 679 794 726 iste
821 677 956 739 scripte
971 675 1086 726 Ursino
1104 676 1284 727 mathematica
1300 679 1459 728 inveniuntur
1483 678 1659 734 refutaturum,

295 754 417 814 quatem
434 749 481 798 rite
499 762 549 798 uon
568 753 696 807 coustant,
724 747 789 813 quod
808 748 885 796 etiam
901 753 928 796 te
947 747 1092 798 effecturum
1111 747 1214 798 conlido.
1250 747 1364 811 Inprimis
1388 755 1472 800 autem
1491 763 1606 804 arerem,
1632 755 1661 796 ut

295 834 334 880 ea,
355 833 419 884 quae
436 819 571 869 inventioni
595 825 694 868 nostrae
714 820 781 869 circa
798 817 946 882 hypothesin
964 833 1053 868 eoram
1076 819 1161 868 iucate
1181 825 1207 868 et
1224 819 1395 870 fraudulenter
1413 821 1510 883 obiicit,
1537 833 1596 869 eam
1621 821 1659 868 ni·

294 893 382 942 mirem
405 904 436 939 ex
454 888 589 953 (loperuice
611 890 651 939 rel
669 889 798 954 Apollonio
821 889 933 954 Pergase
958 889 1109 948 deaumtem,
1138 889 1219 939 adhuc
1243 890 1372 940 dilucidius
1398 897 1424 940 et
1446 891 1557 954 plenius,
1584 905 1660 955 quem

295 967 373 1012 antea
384 958 408 1022 ⁸)
427 973 444 1011 a
461 966 486 1011 te
504 960 591 1019 reielli,
610 967 685 1028 atque
703 967 732 1010 nt
750 974 807 1010 eam
824 959 899 1021 mihi,
919 961 954 1010 uti
972 975 1018 1024 par
1035 967 1082 1018 est,
1103 975 1229 1019 maeres,
1248 968 1321 1025 prout
1338 961 1503 1025 pmbabilibus
1521 961 1660 1011 rationibus

292 1035 346 1096 jam
364 1038 441 1082 autea
459 1031 552 1088 iecisti.
571 1047 622 1081 nou
639 1032 769 1082 molestum
787 1032 898 1082 duceres.

363 1103 462 1154 institui
482 1108 570 1153 cenea
586 1101 654 1152 illum
673 1104 796 1153 eudonem
811 1101 958 1165 juridicam,
984 1107 1114 1166 postquam
1132 1102 1183 1152 huc
1204 1102 1313 1167 Pragam
1331 1103 1402 1158 seui,
1426 1104 1582 1170 intelligens,
1601 1103 1662 1153 mihi

295 1173 447 1238 aliquamdiu
464 1173 505 1224 hie
524 1173 723 1223 commorandum
742 1179 768 1223 et
785 1172 920 1237 periculum
938 1188 992 1223 esee
1010 1175 1037 1222 in
1054 1188 1132 1232 mora,
1158 1175 1277 1239 siquidem
1297 1177 1406 1238 graviter
1423 1174 1590 1224 decumberet.
1629 1175 1663 1224 Et

295 1245 423 1310 impetrari
441 1258 459 1294 a
476 1244 603 1294 caeram
620 1243 755 1307 Maiestate
777 1243 845 1306 (etet
862 1245 1017 1308 quibusdem,
1036 1257 1110 1308 quem
1127 1244 1169 1294 diu
1187 1251 1311 1310 poteram,
1331 1259 1452 1295 remoram
1469 1243 1661 1308 injicientibus),

295 1322 324 1367 ut
342 1315 503 1366 commissarii
514 1322 626 1380 ¹quatuor
646 1317 824 1380 deputarentur
843 1313 904 1376 (duo
923 1315 1027 1366 buouer
1047 1321 1073 1365 et
1091 1316 1139 1366 duo
1154 1317 1267 1366 docteres
1283 1313 1372 1378 iuris),
1391 1318 1432 1380 qui
1446 1318 1599 1366 senteutiam
1611 1317 1662 1366 hac

296 1388 327 1439 de
344 1401 372 1438 re
391 1387 601 1451 pronunciarente
620 1387 740 1451 siquidem
758 1389 779 1436 is
797 1401 841 1449 per
860 1387 1001 1436 emissarios
1013 1401 1081 1436 meos
1094 1389 1221 1451 quaesitus
1242 1400 1274 1436 ea
1291 1401 1356 1450 qnae
1372 1389 1505 1450 scripserat
1522 1395 1663 1438 retractare

294 1458 384 1519 uoluit,
404 1458 449 1508 sed
466 1459 548 1521 potius
567 1458 600 1508 ad
616 1461 656 1521 lus
675 1459 823 1521 provocarit
860 1456 954 1507 Verum
978 1457 1086 1516 accidit,
1110 1465 1139 1508 ut
1157 1459 1245 1508 eedem
1270 1458 1346 1514 hera,
1373 1472 1423 1522 que
1441 1460 1528 1508 citatio
1545 1459 1582 1509 illi
1600 1461 1662 1508 insi·

296 1529 400 1580 uuanda
417 1529 473 1590 luit,
492 1530 704 1594 exstinguereturr
725 1535 753 1580 at
771 1527 927 1578 nihilominus
943 1531 983 1592 jus
1001 1544 1084 1578 meum
1102 1529 1245 1580 inchoatum
1263 1535 1435 1592 prosecuturus
1453 1543 1516 1586 rum,
1540 1531 1664 1594 siquidem

294 1599 325 1650 lis
348 1603 402 1663 jam
420 1601 492 1664 quasi
510 1605 655 1651 contestata
671 1606 741 1660 erat,
768 1605 794 1650 et
818 1600 883 1648 ectio
910 1614 959 1649 non
977 1600 1052 1663 plane
1076 1601 1228 1663 personalis,
1257 1600 1396 1651 sedetiam
1420 1601 1495 1650 realis
1521 1603 1552 1650 ob
1570 1601 1660 1651 librum

295 1671 426 1727 lamecum,
444 1672 486 1736 qui
505 1676 623 1735 perpetuo
642 1671 696 1722 leco
715 1673 753 1721 sui
772 1671 880 1720 austeus
898 1669 1013 1734 loquitur,
1032 1677 1061 1720 ut
1079 1677 1106 1721 et
1122 1687 1162 1722 me
1182 1678 1208 1720 et
1226 1665 1295 1721 meos
1314 1685 1331 1720 a
1349 1671 1478 1721 calumniis
1497 1673 1584 1738 quibus
1604 1686 1660 1723 sea-

295 1747 333 1793 tet
358 1741 468 1808 legitime
490 1742 626 1800 vindicem,
655 1748 680 1792 et
696 1745 749 1805 lem
779 1740 922 1792 aCaesare
941 1741 979 1792 Ill.
999 1741 1032 1791 D.
1052 1743 1244 1806 Archiepisoopo
1272 1743 1427 1793 commissum
1447 1749 1499 1800 est,
1529 1751 1558 1792 ut
1576 1745 1663 1793 omnia

295 1813 458 1877 exemplaria.
478 1827 542 1879 quae
560 1813 601 1864 hic
619 1814 787 1877 reperiuntur,
806 1814 935 1877 conquiret
960 1819 986 1862 et
1003 1813 1056 1878 igni
1073 1813 1137 1864 tradi
1161 1815 1240 1864 iaciat
1263 1819 1338 1878 atque
1362 1816 1544 1880 typographum
1562 1817 1663 1879 puniat.

297 1883 433 1936 Decretum
452 1885 528 1936 etiem
547 1885 579 1934 D.
601 1884 763 1936 Corraducins
782 1898 799 1933 a
818 1883 927 1934 Caesare
945 1885 1150 1950 promulgandum
1168 1885 1307 1948 pellicitus,
1327 1891 1355 1935 ut
1372 1899 1416 1948 per
1434 1891 1514 1936 tetum
1531 1887 1664 1950 imperium
1748 1915 1753 1924 ·

297 1955 359 2006 liber
376 1957 424 2006 iste
443 1955 584 2006 annulletur
603 1962 629 2007 et
646 1962 767 2020 tanquam
785 1955 894 2005 semotus
914 1961 940 2004 et
958 1955 1159 2005 scurrilis‘irritus
1172 1957 1297 2006 reddetur.
1335 1957 1388 2021 Ege
1402 1972 1458 2006 rere
1475 1965 1564 2020 postea
1582 1964 1665 2006 totum

297 2025 363 2078 huuc
382 2041 523 2091 processum
541 2030 592 2076 ent
610 2041 667 2077 cum
687 2027 907 2077 commissariorum
927 2027 1054 2076 sententia
1072 2033 1099 2076 et
1118 2026 1190 2077 Caes.
1210 2026 1353 2091 Maiestatis
1373 2027 1471 2076 decreto
1493 2030 1520 2076 in
1537 2029 1665 2092 publicum

298 2097 372 2150 cdere
391 2099 507 2148 constitui
525 2097 608 2148 libelle
628 2098 734 2162 quodam
753 2097 887 2162 peculiari,
913 2099 955 2160 qui
974 2097 1007 2147 ad
1025 2097 1175 2148 mediocrem
1194 2105 1321 2148 excrescet
1345 2099 1551 2163 magnitudinem.
1590 2099 1666 2160 Quod

298 2175 324 2219 et
349 2184 380 2219 ex
403 2183 526 2218 censensu
551 2168 743 2218 clementissimo
763 2167 879 2218 (laeseris
903 2175 929 2218 et
953 2168 1131 2232 approbatione
1148 2169 1181 2218 D.
1203 2168 1345 2223 Corraducii
1372 2168 1432 2218 mihi
1454 2172 1507 2232 jam
1530 2177 1667 2233 perspecta

296 2239 350 2289 Deo
368 2239 467 2289 roleute
485 2239 596 2290 facturus
614 2253 668 2288 sem
696 2245 770 2304 atque
788 2242 814 2288 iu
834 2238 914 2288 altera
932 2241 985 2302 ejus
1004 2245 1075 2303 parte
1094 2240 1127 2290 ad
1145 2255 1193 2296 ea,
1224 2255 1288 2304 quse
1310 2240 1491 2291 mathematice
1508 2247 1568 2291 suut
1586 2248 1665 2306 etque

296 2309 446 2374 hypotheses
465 2315 632 2368 concernunt,
651 2324 823 2373 responsurus,
851 2323 927 2374 quare
945 2317 1002 2360 tuas
1021 2325 1116 2375 qnoque
1135 2313 1166 2361 de
1184 2312 1222 2361 his
1241 2314 1416 2376 conceptiones
1433 2318 1531 2361 mature
1551 2313 1666 2362 obtinere

297 2395 409 2439 arerem
429 2387 488 2438 aut,
514 2382 629 2446 siquam
647 2381 764 2432 citissime
784 2377 832 2443 (uti
851 2375 934 2444 spero)
954 2385 1101 2441 accesscris,
1125 2383 1216 2446 poterit
1233 2383 1259 2432 id
1277 2383 1368 2433 differri
1386 2385 1499 2444 intuens
1519 2383 1665 2433 adrentum.

365 2501 440 2556 Haec
457 2504 542 2568 Tyehe
561 2505 669 2570 Keplero
697 2507 838 2570 perscripsit
861 2507 930 2569 qnasi
955 2505 1004 2555 lide
1032 2505 1112 2554 amico
1140 2511 1166 2555 et
1185 2511 1331 2568 exspectans
1355 2521 1410 2556 eum
1438 2508 1463 2556 iu
1484 2509 1666 2558 *armonemieis

295 2576 441 2639 adiutorem.
478 2576 572 2628 Eodem
590 2583 676 2626 eutem
694 2577 733 2627 die
751 2576 912 2627 Monachiem
931 2577 963 2626 ad
982 2576 1172 2627 Herrertum
1190 2575 1236 2626 hee
1255 2577 1324 2626 dedit
1340 2576 1434 2626 litorea

368 2700 374 2714 .
395 2699 402 2714 .
423 2699 429 2714 .
449 2665 507 2714 Fuit
524 2665 591 2728 apud
607 2679 648 2716 me
667 2665 806 2717 Beuetieee
825 2679 883 2716 rere
900 2666 1035 2728 praeterito
1053 2664 1088 2713 ll.
1110 2663 1133 2714 J.
1153 2664 1293 2728 Keplerus,
1321 2665 1425 2730 insignis
1448 2665 1514 2729 apud
1534 2665 1666 2730 Styriacos

294 2735 503 2792 mmemedonr,
531 2751 587 2786 eum
606 2752 653 2800 quo
678 2737 722 2786 tibi
747 2737 823 2787 etiam
847 2750 892 2799 per
912 2736 998 2785 literm
1021 2735 1216 2784 familiaritatem
1241 2737 1393 2786 intercedere
1423 2736 1454 2786 ab
1473 2738 1525 2800 ipso
1550 2739 1665 2802 cognovi.

294 2807 391 2858 Retulit
408 2821 465 2858 rere
485 2807 551 2858 inter
568 2807 626 2864 alie,
645 2823 673 2858 se
692 2807 823 2872 aliquando
843 2806 964 2856 nonnulla
980 2807 1024 2856 tibi
1043 2809 1170 2870 scripsisse
1188 2806 1219 2856 de
1237 2807 1413 2870 hypothesibus
1437 2809 1498 2856 meis
1516 2810 1542 2856 in
1563 2813 1665 2858 ceutro-

294 2879 397 2929 rerslam
417 2879 525 2935 voeatis,
553 2884 627 2942 atque
646 2878 711 2943 qued
730 2892 776 2928 eae
795 2893 842 2928 uec
861 2879 886 2926 iu
906 2876 1042 2942 (leperuico
1061 2891 1108 2927 nec
1127 2878 1260 2941 Apollonio
1278 2875 1405 2942 Pergase,
1431 2879 1579 2943 etquidem
1599 2877 1665 2940 (jem

295 2956 355 3000 aute
374 2945 408 2996 lt
427 2949 479 2998 dies
498 2946 619 3008 mortuus)
638 2949 788 3012 praetendit,
808 2950 984 3010 invenirentur,
1003 2948 1149 3008 ostendisse,
1180 2954 1255 3014 atque
1274 2949 1348 2998 certis
1366 2948 1463 2998 indiciis
1481 2965 1531 2998 nen
1551 2950 1665 3008 alterius,

294 3021 338 3071 sed
357 3034 427 3071 meas
445 3035 500 3070 esse
519 3020 657 3085 collegisse.
695 3019 766 3085 Rege
784 3021 869 3084 iteque
888 3026 1054 3084 peramanter,
1073 3019 1133 3068 selis
1152 3033 1196 3068 eas
1208 3019 1311 3082 Kepleri
1329 3019 1414 3069 literas
1433 3035 1528 3070 mecum
1549 3021 1664 3084 aliquau-

295 3093 371 3156 tisper
390 3092 588 3148 communicare,
614 3098 658 3140 eut
675 3091 765 3141 ssltern
785 3105 817 3140 ea
834 3091 923 3148 verbs,
949 3105 1013 3154 quse
1032 3090 1078 3139 hoe
1096 3093 1224 3155 negotium
1243 3096 1408 3148 concernunt,
1433 3091 1491 3141 inde
1510 3099 1667 3142 maumumta
1738 3117 1743 3123 ·

296 3169 323 3214 et
340 3169 400 3212 tuae
423 3177 512 3211 menes
531 3162 709 3226 subscriptione
736 3164 761 3210 in
786 3163 898 3212 tentatis
922 3163 1089 3212 testimonium
1116 3162 1244 3212 ratifieeta
1268 3163 1444 3211 transmittere.
1482 3163 1665 3212 Feceris-mihi

296 3235 332 3284 sic
350 3247 403 3283 rem
422 3235 533 3296 apprime
551 3239 662 3298 gratem
690 3233 809 3284 incumbit
828 3234 895 3282 enim
913 3248 981 3283 nunc
999 3233 1112 3297 aliqualis
1130 3234 1281 3290 necessitas.
1308 3247 1352 3284 eur
1369 3235 1406 3282 sie
1424 3234 1478 3284 lieri
1496 3248 1613 3288 arerem,
1632 3235 1665 3286 de

295 3318 346 3368 qua
363 3304 426 3354 aliis
443 3304 564 3353 reeeisces
583 3303 628 3354 eo.

369 3427 410 3478 sd
427 3427 473 3476 hes
492 3427 615 3490 Tychouis
634 3430 792 3492 quaestiones
811 3441 875 3492 quae
892 3427 1046 3491 responderit
1064 3427 1208 3478 Herrartus
1227 3428 1364 3482 nescimus,
1382 3427 1467 3490 Tyche
1485 3442 1542 3478 rere
1561 3441 1664 3492 respon-

298 3501 368 3572 sique
386 3500 450 3549 lerte
468 3499 601 3556 Herserti,
618 3513 667 3550 uec
684 3515 735 3548 non
754 3499 809 3549 eliis
829 3499 859 3548 de
877 3499 980 3562 Kepleri
999 3500 1075 3548 animi
1093 3499 1236 3549 sinceritate
1255 3499 1402 3547 testimoniis
1421 3499 1532 3556 edoctus,
1551 3499 1665 3549 illumin

298 3571 434 3622 amicitiam
451 3572 560 3634 recepit;
588 3585 637 3636 qua
658 3572 755 3620 ratione
779 3566 976 3621 observationum
1002 3584 1102 3619 suarem
1127 3571 1220 3619 socium
1246 3569 1349 3634 elegerit
1366 3570 1516 3632 Keplerum,
1543 3585 1590 3620 nee
1614 3587 1665 3620 non

299 3648 438 3707 compotem
457 3643 545 3692 lecerit
564 3657 636 3707 opum
656 3643 876 3693 astronomicarum
895 3641 953 3691 iude
972 3655 988 3690 a
1006 3641 1088 3691 multis
1108 3642 1181 3690 aunis
1200 3641 1374 3700 collectarum,
1400 3641 1464 3690 haec
1483 3641 1532 3691 elio
1550 3641 1605 3692 loco
1625 3657 1665 3692 re·

298 3714 425 3764 merenda
441 3720 506 3764 snut.

368 3784 471 3835 Interim
489 3785 626 3848 Keplerus,
653 3790 681 3833 et
704 3789 867 3834 consueverat
890 3783 916 3832 in
939 3784 1011 3832 rebus
1035 3781 1127 3840 dubiis,
1155 3789 1340 3846 praeceptorem
1366 3783 1428 3832 adiit
1446 3781 1665 3840 Maestliuum,

298 3854 427 3905 eonsilium
446 3855 511 3905 illius
529 3856 575 3905 sibi
594 3860 726 3919 expetens,
751 3856 809 3920 quid
828 3855 970 3904 iaciendum
989 3855 1066 3904 sitin
1085 3854 1129 3904 ille
1146 3869 1186 3910 re,
1212 3867 1276 3918 quae
1295 3852 1437 3916 'lychouem
1456 3860 1588 3917 tantopere
1608 3857 1663 3920 agi-

301 3926 380 3976 tabat.
417 3926 578 3988 Maestliues,
604 3933 662 3976 ante
681 3933 811 3990 acceptam
831 3927 960 3989 epistolam
985 3925 1053 3975 illam
1072 3925 1253 3975 excusatoriam
1272 3922 1339 3986 (ride
1357 3940 1431 3988 supra
1448 3941 1472 3988 p.
1494 3921 1572 3988 220),
1599 3925 1664 3976 haec

299 3997 425 4061 respondit
444 3997 477 4046 ed
493 3999 585 4062 priores
604 3997 708 4062 Kepleri
726 3998 819 4054 litores.
838 3998 973 4062 respiciens
991 3997 1113 4060 Tychouis
1133 3997 1165 4046 ad
1184 3997 1263 4060 ipsum
1283 3996 1373 4045 datast

370 4086 394 4135 Δ
412 4085 469 4136 neb.
489 4083 521 4134 D.
542 4085 659 4150 'lychoue
678 4085 761 4136 Brelre
784 4087 869 4136 literas
893 4087 992 4150 accepi,
1018 4085 1104 4150 quibus
1128 4099 1198 4136 suam
1224 4086 1375 4136 sententiam
1397 4085 1521 4134 mordicus
1541 4085 1662 4136 defendit.

298 4155 485 4206 Humanissime
504 4156 536 4206 ed
554 4173 594 4206 me
613 4159 718 4222 seripsit,
738 4171 842 4222 quarem
861 4160 944 4220 copies
963 4158 1093 4216 misissem,
1111 4157 1156 4206 sed
1175 4156 1328 4206 describendi
1346 4161 1443 4218 terepm
1461 4171 1512 4205 nen
1524 4157 1579 4206 leit.
1612 4156 1663 4206 Sed

300 4228 380 4292 prim
391 4241 487 4293 quaque
498 4229 629 4278 eeessieue
641 4229 752 4292 proxime
763 4229 869 4278 mittam.
901 4229 929 4278 lu
942 4230 971 4279 iis
984 4235 1100 4279 suntnon
1112 4234 1294 4293 paueauotatu
1307 4242 1356 4276 nou
1368 4227 1480 4292 indigua.
1512 4227 1606 4277 Verum
1618 4230 1664 4278 etsi

299 4313 331 4350 ea
348 4313 398 4348 ueu
416 4312 503 4361 parem
521 4314 561 4349 me
579 4304 703 4356 mereant,
722 4301 844 4362 proportio
862 4307 948 4350 tamen
960 4306 1005 4350 tua
1017 4314 1144 4364 corporum
1157 4298 1299 4348 coelestium
1318 4313 1375 4350 eum
1386 4300 1494 4363 quinque
1509 4299 1664 4363 regularibus

299 4370 438 4434 corporibus
451 4385 490 4420 me
502 4370 579 4419 multo
591 4371 672 4434 magis
684 4378 773 4420 moret.
810 4371 912 4420 Addidit
934 4373 1009 4421 etiem
1023 4372 1107 4435 copias
1122 4377 1221 4420 teanum
1231 4371 1263 4419 ad
1274 4372 1354 4433 ipsum
1365 4371 1513 4432 scriptarum
1534 4369 1663 4420 literarum

300 4447 326 4493 et
337 4441 590 4506 suiadteresponsi,
607 4442 744 4506 quostiam
755 4457 806 4491 nou
817 4456 900 4504 pauca
917 4448 1006 4492 notatu
1024 4443 1170 4508 dignissima
1181 4447 1248 4490 sunt.
1284 4440 1368 4501 Porro,
1389 4441 1453 4504 qued
1465 4443 1600 4504 praeterire
1613 4456 1663 4491 nou

299 4527 407 4577 possum,
421 4512 451 4565 de
464 4513 527 4564 Urso
539 4512 581 4562 illo
594 4527 659 4577 quae
671 4512 763 4563 scribit.
800 4513 915 4578 intelligo
929 4513 1019 4564 Ursum
1032 4515 1106 4563 istum
1123 4513 1211 4563 librum
1216 4511 1356 4576 quendam,
1377 4526 1424 4575 que
1437 4513 1570 4562 teterrimis
1582 4527 1662 4561 scom-

300 4586 374 4634 matis
387 4583 529 4648 Tychenern
542 4585 686 4636 insectatur.
707 4583 821 4642 edidisse,
845 4586 884 4634 cui
897 4586 1027 4648 epistolem
1040 4584 1148 4650 aliquam
1165 4590 1235 4634 tuam
1247 4583 1368 4650 praefixit.
1393 4583 1419 4632 iu
1432 4598 1481 4647 qua
1493 4584 1662 4647 praeclarissi-

300 4655 346 4704 mis
369 4654 455 4721 slegiis
476 4656 556 4720 ipsum
577 4671 656 4706 ornes.
694 4654 788 4705 Verum
809 4671 856 4722 ego
876 4656 963 4705 librum
984 4657 1053 4707 illum
1065 4672 1114 4706 nou
1127 4655 1185 4713 ridi,
1206 4669 1254 4706 uec
1268 4655 1343 4705 etiam
1355 4655 1431 4704 talem
1454 4669 1470 4703 a
1490 4661 1515 4705 te
1531 4655 1662 4718 epistolam

299 4725 417 4794 scriptam
428 4741 483 4779 esse
495 4727 595 4778 credero
607 4741 714 4794 possum.
751 4727 823 4780 Nosti
837 4728 912 4788 enim,
929 4729 1053 4797 quoduam
1066 4729 1096 4778 de
1109 4729 1156 4778 isto
1169 4728 1267 4778 homine
1281 4727 1405 4779 sirmeum
1419 4725 1549 4792 iudicium.
1589 4726 1662 4786 Quae
