3586 5518
729 245 892 306 m
1329 245 1488 319 .t¹

130 403 216 473 curiit
246 405 401 488 siquidem
421 427 549 472 means
572 413 622 472 est
649 407 773 472 minima
796 409 976 474 consectari.
1022 407 1189 472 Meministi
1220 408 1251 472 io
1275 407 1373 473 tribus
1396 427 1490 490 sups-

129 495 249 560 u'on'bus
281 514 331 558 me
362 496 499 561 dividere
527 498 592 574 illa,
623 515 698 578 quae
727 497 756 559 iu
780 505 889 560 natura
913 519 932 560 a
955 517 987 561 se
1013 507 1115 562 mutuo
1143 498 1293 581 pendent,
1327 507 1492 579 propterea

130 584 201 665 quud
224 583 344 650 animae
369 594 480 649 ustura
501 565 687 650 inimitabilis
711 594 769 650 est.
815 583 1130 670 Digressioplauetae
1154 586 1260 650 aSole
1282 586 1375 650 efficit
1398 585 1491 653 etiam

130 671 333 738 lentitudinem
357 682 469 738 motus.
515 677 560 739 At
583 694 638 755 ego
662 675 871 739 lentitudinem
895 678 945 738 vel
973 676 1222 756 inaequalitatem
1244 683 1344 738 motus
1365 684 1490 756 pruneto

129 781 177 843 per
197 761 391 844 inaequalem
416 764 635 828 denticulorum
657 764 894 846 magnitudinem
917 773 949 827 et
968 764 1144 828 distantiam
1167 764 1197 826 iu
1222 764 1298 828 rotis
1321 763 1412 828 trium
1435 783 1489 828 su-

128 850 283 932 periorum.
332 852 451 915 Deinde
475 853 645 933 digressum
674 854 816 934 planetae
839 863 964 934 praesto
987 873 1041 936 per
1065 854 1153 916 orbes
1177 859 1210 914 et
1231 852 1393 916 curvatilia
1415 853 1489 916 bra-

128 941 210 1013 chis,
233 941 345 1021 quibus
370 941 496 1022 plancta
517 943 780 1022 circumgestatnr.
826 945 862 1008 ln
877 943 998 1007 Venere
1022 952 1054 1006 et
1076 945 1098 1020 d
1122 942 1232 1022 duplex
1246 949 1295 1004 est
1317 941 1489 1022 hujusmodi

129 1030 329 1109 inaequalitas
361 1040 395 1094 et
418 1039 517 1098 ructus
548 1040 580 1094 et
603 1031 783 1107 distantiae,
818 1050 877 1094 uua
899 1033 1012 1112 pendet
1035 1052 1055 1094 a
1077 1031 1187 1107 Terra,
1222 1031 1320 1094 altera
1349 1031 1390 1092 ab
1412 1030 1490 1111 ipsis

128 1117 255 1183 orbibus.
304 1119 467 1197 Dubitari,
492 1121 640 1202 quomodo
665 1127 792 1201 utraque
818 1121 859 1184 sit
881 1122 1076 1202 praestanda.
1121 1116 1212 1196 Dico,
1240 1137 1295 1200 pro
1319 1119 1490 1201 inaequali·
1517 1178 1524 1224 t

129 1215 188 1270 tete
207 1217 309 1272 ructus
336 1211 489 1290 utriusque
512 1219 671 1290 utrumque
696 1209 790 1272 etiam
815 1209 957 1274 circulum
980 1219 1014 1272 et
1035 1208 1159 1272 actricis
1182 1217 1215 1272 et
1232 1215 1318 1272 rotae
1342 1207 1489 1289 inaequa-

130 1295 194 1360 liter
215 1297 423 1360 dividendum.
470 1299 516 1362 Ut
537 1317 609 1362 vero
634 1297 728 1362 etiam
752 1317 843 1379 snpra
867 1299 897 1362 iu
922 1299 1023 1380 operis
1046 1297 1124 1360 iacie
1148 1297 1269 1378 gemina
1292 1297 1490 1377 digressionis

129 1385 329 1466 inaequalitas
352 1388 546 1468 respoudeat,
570 1387 601 1448 id
625 1387 777 1450 difficilius
800 1395 858 1450 cst
897 1387 1094 1450 Tutissimum
1117 1395 1229 1462 tamem
1253 1395 1287 1448 ut
1306 1386 1491 1448 cohaereant

129 1475 223 1536 urnula
245 1495 378 1556 corpora
400 1483 433 1539 et
455 1477 559 1551 orbes,
583 1493 637 1537 uec
661 1477 756 1539 Terra
779 1477 986 1541 circumvehet
999 1475 1178 1550 interiores,
1201 1482 1235 1538 ut
1257 1475 1390 1556 proxime
1414 1492 1488 1537 cen-

12 1607 13 1610 *
129 1583 252 1627 suanm.
300 1566 337 1628 In
362 1566 513 1630 Mercurio
545 1573 646 1628 autem
669 1565 759 1628 alteri
788 1565 967 1646 digressioni
998 1565 1105 1630 melius
1128 1563 1261 1628 succurri
1292 1571 1411 1644 potest,
1445 1581 1489 1626 sc.

12 1727 13 1732 γ
128 1671 178 1732 per
200 1652 432 1738 ampliationem
454 1662 488 1718 et
506 1655 744 1720 contractionem
769 1653 860 1716 orbis.
906 1655 1081 1718 Potuissem
1103 1654 1179 1716 haec
1197 1653 1262 1735 janu
1281 1651 1434 1729 omittere,
1458 1660 1492 1714 ut

129 1741 220 1846 adbuc
244 1743 426 1826 imperfecta
454 1753 486 1808 et
513 1744 610 1808 miuus
634 1743 664 1807 iu
688 1762 779 1823 opere
804 1742 871 1823 ipso
894 1744 1083 1808 neccssaria:
1113 1743 1167 1806 sed
1187 1742 1310 1822 scripsi,
1342 1749 1375 1806 ot
1398 1739 1491 1804 testi·

129 1849 252 1896 nonnum
279 1841 384 1896 esseut
406 1853 492 1898 meae
516 1851 616 1902 curse.

194 1971 227 2034 (E
245 1973 328 2028 literis
347 1974 372 2026 d.
391 1973 415 2026 d.
436 1971 479 2026 21.
498 1975 564 2042 dag.
586 1969 675 2034 1598.)
696 1999 729 2012 -
748 1971 823 2034 Delu,
844 1973 868 2024 d.
890 1971 916 2024 i.
935 1971 999 2026 Dec.
1021 1971 1099 2034 tots,
1117 1973 1182 2026 hacc
1201 1973 1335 2025 subsecuta
1351 1978 1425 2024 suut:

213 2187 388 2250 Mercurius
411 2197 481 2251 tuus
504 2187 628 2252 aberrat
646 2195 841 2250 constanter:
866 2205 958 2269 quare
971 2186 1050 2263 ride,
1076 2205 1134 2266 quo
1155 2193 1246 2268 pacto
1269 2193 1369 2250 motus
1392 2185 1492 2266 longi-

131 2275 242 2338 tudinis
266 2277 446 2357 corrigatur.
492 2275 572 2339 Ecce
597 2277 676 2339 euim
699 2275 738 2338 ad
762 2277 866 2339 literas
890 2295 966 2356 quas
989 2271 1019 2339 l.
1038 2274 1112 2338 Julii
1135 2275 1295 2356 scripsisti,
1320 2293 1387 2338 cum
1410 2281 1494 2338 esset

131 2365 270 2446 Augusto
303 2384 408 2428 mense
441 2365 698 2446 respondendum,
732 2383 836 2428 meuse
858 2364 1019 2428 Decembri
1046 2363 1235 2446 respondem
1268 2383 1342 2446 quas
1366 2363 1493 2428 Octobri

131 2473 229 2516 meuse
253 2455 359 2536 procul
383 2453 474 2516 dubio
497 2453 657 2534 scripsisti,
681 2455 722 2516 ad
746 2473 820 2534 quas
839 2453 931 2517 etiam
949 2454 1006 2516 hoc
1020 2453 1180 2518 Decembri
1194 2467 1371 2534 responsum
1388 2453 1492 2534 procul

131 2541 217 2606 dubio
241 2551 409 2624 expectas,
444 2543 602 2606 dnmmodo
626 2543 810 2616 reddantur,
830 2542 1073 2625 respondebitur
1101 2543 1233 2606 fortasse
1264 2542 1306 2618 (si
1328 2541 1394 2604 Deo
1422 2541 1491 2621 pla-

130 2634 222 2695 cuerit
244 2652 293 2698 me
317 2632 469 2711 tantisper
490 2634 619 2710 uivere),
643 2652 745 2696 meuse
760 2632 885 2696 Martio.
921 2631 1036 2695 lisnsisti
1059 2627 1181 2696 ttulit
1204 2631 1335 2712 scriptas
1358 2631 1504 2696 ulmam.-

130 2719 190 2782 Ess
214 2721 342 2800 pertulit
364 2721 498 2784 Jacobus
522 2729 626 2784 noster
649 2722 782 2802 ignarus,
807 2730 894 2784 eraut
918 2721 996 2784 enim
1020 2722 1194 2802 implicatas
1217 2721 1337 2794 alteris,
1362 2719 1492 2801 quaein

131 2808 319 2872 Corinthiam
333 2809 525 2890 spectabant.
559 2810 604 2873 Ut
624 2809 752 2872 venitin
769 2808 969 2881 Cariuthiam,
989 2811 1056 2892 jam
1078 2828 1182 2873 rursus
1205 2809 1275 2872 illac
1299 2826 1491 2882 ascensurus,

131 2899 345 2963 animadvertit
368 2917 510 2978 errorem,
536 2908 641 2980 aperto
666 2899 718 2962 illo
742 2899 895 2962 involucro
917 2917 972 2981 per
995 2917 1072 2974 eum,
1097 2897 1145 2961 cui
1163 2897 1351 2976 mittebatur.
1384 2895 1492 2974 Itaque

132 2987 235 3058 literas
259 2997 329 3050 tues
353 2987 472 3060 remisit
498 2988 528 3050 iu
552 2987 706 3071 Styriam,
739 2989 803 3069 ipse
831 2987 967 3068 perrexit
993 2989 1023 3051 iu
1047 2986 1212 3051 Sueviam:
1245 2985 1351 3065 opinor
1380 2991 1493 3058 tamen,
1558 3063 1564 3070 ¹

133 3075 189 3139 etsi
212 3076 382 3156 legitimum
407 3094 582 3157 responsum
606 3097 663 3140 non
688 3078 855 3158 pertulerit,
879 3077 1041 3158 pertulisse
1059 3085 1161 3140 mmen
1181 3075 1299 3138 abunde
1322 3073 1491 3138 verborum.

132 3163 164 3227 Si
188 3165 259 3247 qnid
284 3165 412 3228 Octobri
435 3181 538 3228 mense
561 3167 610 3228 vel
633 3167 797 3230 Novembri
822 3166 988 3247 scripsisti,
1016 3167 1048 3228 id
1071 3165 1153 3229 scias
1175 3163 1249 3228 mihi
1271 3163 1402 3226 nondum
1424 3179 1493 3225 esse

134 3253 292 3320 redditum.
341 3255 420 3318 Nam
443 3255 639 3335 perlatorem,
664 3275 750 3336 quem
773 3253 908 3319 Jaocbus
931 3254 987 3319 tibi
1010 3253 1239 3336 designaverat,
1262 3271 1360 3316 rerum
1383 3269 1491 3315 conse-

134 3354 201 3406 ruta
222 3343 419 3407 commutatio
443 3343 609 3407 absterruit
633 3343 692 3419 (uti
716 3343 835 3408 omuino
858 3346 948 3424 puto)
972 3364 1009 3408 ue
1033 3343 1168 3432 Styriam
1190 3342 1407 3424 ingrederetur.

216 3431 251 3494 Iu
274 3433 423 3514 principio
448 3429 698 3495 Gemuauicarum
721 3433 877 3498 literamm
900 3453 1030 3498 errorem
1054 3451 1186 3514 agnosco
1211 3432 1379 3496 verborum.
1412 3427 1493 3506 Sen-

132 3539 182 3583 sus
203 3521 327 3583 omuino
351 3521 450 3584 verbis
473 3521 533 3584 illis
558 3542 577 3584 a
600 3539 647 3584 me
671 3522 824 3604 usurpatis
847 3521 927 3585 inest
950 3522 1041 3585 talis:
1066 3522 1156 3585 Velle
1170 3541 1218 3584 mc
1237 3521 1399 3582 defendere
1420 3537 1493 3600 pro-

133 3611 260 3688 positum
273 3629 387 3672 ‚meum
420 3629 521 3674 coram
555 3617 596 3673 te.
644 3609 738 3691 Atqui
766 3611 866 3674 hercle
894 3629 952 3674 uon
984 3611 1014 3673 id
1047 3610 1120 3674 mibi
1151 3611 1210 3674 fuit
1241 3607 1351 3684 animi,
1384 3605 1493 3670 abortii

136 3699 270 3780 quicquid
295 3699 325 3761 id
350 3707 400 3762 est
421 3699 590 3762 verborum.
638 3699 766 3764 Sensum
789 3700 868 3764 enim
887 3719 959 3778 csse
983 3699 1083 3776 volui,
1112 3698 1307 3782 suppeditare
1330 3715 1378 3760 me
1400 3715 1493 3778 prae-

72 3839 79 3855 .
136 3788 242 3868 trptori
265 3789 407 3868 exempla
429 3796 534 3851 retma
557 3790 631 3862 (nou
656 3789 776 3868 quidem
799 3789 886 3871 quasi
909 3807 1059 3864 censeam,
1085 3788 1139 3852 illa
1156 3789 1295 3870 ignorare
1318 3795 1360 3863 te,
1384 3786 1439 3850 scd
1463 3794 1495 3850 ut

136 3885 163 3936 te
183 3877 302 3940 illorum
326 3875 632 3952 commonefacerem
654 3877 847 3954 Eriuueren.)
872 3879 978 3960 quibus
998 3878 1144 3958 exemplis
1162 3889 1259 3941 meam
1275 3875 1386 3940 lamam
1399 3873 1494 3938 Stuc-

137 3965 249 4030 tsrdiae
273 3975 383 4030 contra
405 3966 642 4041 obtrectatores,
666 3965 693 4027 si
717 3967 766 4048 qui
790 3968 868 4030 forte
892 3965 1039 4042 existant,
1071 3967 1225 4030 defendat.
1272 3965 1378 4046 Itaque
1401 3962 1496 4026 rerba
1580 3957 1583 3966 ’

137 4071 168 4116 ιι
187 4055 306 4120 mebrer
329 4055 496 4120 Defensiou
520 4053 616 4118 melus
639 4054 816 4120 Ftirhabeus
840 4055 884 4118 sic
908 4054 1111 4136 accipiuntur,
1136 4055 1192 4118 dns
1215 4055 1269 4131 der
1291 4055 1330 4118 Η.
1354 4054 1390 4118 Ρ.
1414 4052 1494 4116 mein
1612 4133 1615 4140 Ι

137 4141 276 4208 itrlssben
312 4145 400 4208 desto
427 4144 539 4208 besscr
568 4141 723 4208 deiendim
756 4143 885 4208 lrludude.
932 4143 995 4208 Sed
1026 4144 1103 4208 bene
1137 4145 1257 4218 iecisti,
1292 4143 1343 4225 qui
1372 4142 1495 4206 lituram

137 4229 269 4296 iuducere
292 4233 493 4296 incommodis
515 4232 585 4296 istis
607 4224 708 4296 ternis
731 4231 879 4298 statuisti.
926 4233 1050 4298 Utinam
1074 4251 1148 4298 saue
1176 4232 1304 4296 leceris!
1351 4229 1495 4294 Ceterum

137 4319 186 4384 buc
207 4341 266 4388 uuo
290 4325 445 4400 σφαλμαα
469 4329 610 4402 exceptu,
634 4321 723 4385 vides
745 4323 819 4402 ipse,
844 4321 1010 4386 consultius
1034 4322 1139 4395 fuisse,
1160 4329 1196 4384 ut
1217 4329 1250 4384 ts
1273 4321 1442 4402 alloquerer
1463 4317 1494 4380 iu

136 4409 185 4474 illa
205 4411 347 4494 epistola,
372 4429 460 4492 qnem
483 4411 575 4476 etiam
597 4410 738 4493 princeps
753 4411 981 4493 alloquebatur:
1006 4419 1050 4486 ut,
1074 4411 1214 4492 quoniam
1237 4429 1294 4492 ego
1318 4429 1338 4471 a
1358 4404 1493 4488 principa

137 4515 184 4578 per
196 4509 227 4562 te
242 4499 464 4564 internuncium
483 4501 704 4580 interrogabar,
727 4499 868 4582 princeps
891 4499 981 4564 etiam
1005 4519 1024 4564 a
1044 4519 1092 4564 me
1105 4517 1282 4581 responsum
1295 4492 1495 4578 pereundam

138 4597 165 4650 te
186 4589 321 4652 baberet.
370 4587 480 4652 Sciunt
502 4607 625 4664 omues,
654 4606 712 4651 uou
736 4607 804 4650 esse
828 4588 961 4652 literatis
983 4587 1013 4652 iu
1037 4607 1120 4652 more
1147 4587 1298 4668 positum,
1330 4579 1507 4642 vtttlttult¹

139 4694 214 4742 nera
234 4677 300 4742 uti:
334 4695 393 4740 uso
415 4675 542 4740 obscure
565 4675 747 4758 conjiciunt,
781 4676 909 4758 principi
932 4695 978 4739 ms
1002 4677 1085 4740 dicta
1107 4675 1205 4749 velle,
1240 4689 1315 4754 quac
1338 4665 1395 4767 tibi
1419 4666 1491 4728 dixi.

139 4763 217 4836 Quod
239 4767 404 4838 manem
427 4783 579 4838 numerum
601 4765 816 4838 clericulorum
839 4765 952 4832 attinet
975 4765 1004 4832 iu
1027 4765 1104 4830 rotis
1117 4761 1258 4835 Veneris,
1281 4753 1422 4818 existumo
1445 4772 1492 4818 mc
