<?xml version="1.0" encoding="UTF-8"?>
<!DOCTYPE html PUBLIC "-//W3C//DTD XHTML 1.0 Transitional//EN"
    "http://www.w3.org/TR/xhtml1/DTD/xhtml1-transitional.dtd">
<html xmlns="http://www.w3.org/1999/xhtml" xml:lang="en" lang="en">
 <head>
  <title>
</title>
<meta http-equiv="Content-Type" content="text/html;charset=utf-8" />
  <meta name='ocr-system' content='tesseract 3.04.00' />
  <meta name='ocr-capabilities' content='ocr_page ocr_carea ocr_par ocr_line ocrx_word'/>
</head>
<body>
  <div class='ocr_page' id='page_1' title='image "./joanniskepleria22frisgoog_0096.png"; bbox 0 0 3542 5528; ppageno 0'>
   <div class='ocr_carea' id='block_1_1' title="bbox 738 229 1456 352">
    <p class='ocr_par' dir='ltr' id='par_1_1' title="bbox 738 229 1456 352">
     <span class='ocr_line' id='line_1_1' title="bbox 738 229 1456 352; baseline 0 -26"><span class='ocrx_word' id='word_1_1' title='bbox 738 274 900 328; x_wconf 67' lang='lat' dir='ltr'>masuam.</span> <span class='ocrx_word' id='word_1_2' title='bbox 1045 229 1051 242; x_wconf 69' lang='lat'>.</span> <span class='ocrx_word' id='word_1_3' title='bbox 1413 281 1456 352; x_wconf 74' lang='lat'>59</span> 
     </span>
    </p>
   </div>
   <div class='ocr_carea' id='block_1_2' title="bbox 99 431 1534 3006">
    <p class='ocr_par' dir='ltr' id='par_1_2' title="bbox 105 431 1461 868">
     <span class='ocr_line' id='line_1_2' title="bbox 107 431 1461 518; baseline 0.01 -26"><span class='ocrx_word' id='word_1_4' title='bbox 107 437 178 503; x_wconf 86' lang='lat' dir='ltr'>test,</span> <span class='ocrx_word' id='word_1_5' title='bbox 208 449 298 510; x_wconf 87' lang='lat' dir='ltr'>quam</span> <span class='ocrx_word' id='word_1_6' title='bbox 329 431 470 496; x_wconf 83' lang='lat' dir='ltr'>foramen</span> <span class='ocrx_word' id='word_1_7' title='bbox 504 453 539 496; x_wconf 84' lang='lat' dir='ltr'>ex</span> <span class='ocrx_word' id='word_1_8' title='bbox 566 435 630 498; x_wconf 87' lang='lat' dir='ltr'>alta</span> <span class='ocrx_word' id='word_1_9' title='bbox 658 435 750 510; x_wconf 87' lang='lat' dir='ltr'>tuni,</span> <span class='ocrx_word' id='word_1_10' title='bbox 775 436 916 518; x_wconf 91' lang='lat' dir='ltr'>locusque</span> <span class='ocrx_word' id='word_1_11' title='bbox 945 438 1001 499; x_wconf 92' lang='lat' dir='ltr'>sub</span> <span class='ocrx_word' id='word_1_12' title='bbox 1026 458 1062 502; x_wconf 93' lang='lat' dir='ltr'>ea</span> <span class='ocrx_word' id='word_1_13' title='bbox 1085 441 1251 505; x_wconf 87' lang='lat' dir='ltr'>umbrosus.</span> <span class='ocrx_word' id='word_1_14' title='bbox 1299 441 1461 508; x_wconf 84' lang='lat' dir='ltr'><strong>Rotundus</strong></span> 
     </span>
     <span class='ocr_line' id='line_1_3' title="bbox 106 518 1460 613; baseline 0.01 -31"><span class='ocrx_word' id='word_1_15' title='bbox 106 519 175 582; x_wconf 86' lang='lat' dir='ltr'>enim</span> <span class='ocrx_word' id='word_1_16' title='bbox 195 518 275 581; x_wconf 87' lang='lat' dir='ltr'>Solis</span> <span class='ocrx_word' id='word_1_17' title='bbox 304 522 412 584; x_wconf 89' lang='lat' dir='ltr'>radius</span> <span class='ocrx_word' id='word_1_18' title='bbox 436 523 537 602; x_wconf 90' lang='lat' dir='ltr'>optica</span> <span class='ocrx_word' id='word_1_19' title='bbox 560 525 752 603; x_wconf 87' lang='lat' dir='ltr'>rationeper</span> <span class='ocrx_word' id='word_1_20' title='bbox 776 528 907 588; x_wconf 85' lang='lat' dir='ltr'>foramen</span> <span class='ocrx_word' id='word_1_21' title='bbox 938 527 1129 606; x_wconf 87' lang='lat' dir='ltr'>ingrediens,</span> <span class='ocrx_word' id='word_1_22' title='bbox 1154 531 1179 591; x_wconf 90' lang='lat' dir='ltr'>si</span> <span class='ocrx_word' id='word_1_23' title='bbox 1210 550 1247 592; x_wconf 83' lang='lat' dir='ltr'>er</span> <span class='ocrx_word' id='word_1_24' title='bbox 1282 531 1402 613; x_wconf 91' lang='lat' dir='ltr'>obliquo</span> <span class='ocrx_word' id='word_1_25' title='bbox 1431 535 1460 596; x_wconf 93' lang='lat' dir='ltr'>in</span> 
     </span>
     <span class='ocr_line' id='line_1_4' title="bbox 106 609 1461 701; baseline 0.01 -31"><span class='ocrx_word' id='word_1_26' title='bbox 106 609 215 688; x_wconf 88' lang='lat' dir='ltr'>planum</span> <span class='ocrx_word' id='word_1_27' title='bbox 237 609 365 683; x_wconf 90' lang='lat' dir='ltr'>incidat,</span> <span class='ocrx_word' id='word_1_28' title='bbox 393 612 512 691; x_wconf 81' lang='lat' dir='ltr'>ellipsin</span> <span class='ocrx_word' id='word_1_29' title='bbox 535 613 640 694; x_wconf 82' lang='lat' dir='ltr'><strong>pingit,</strong></span> <span class='ocrx_word' id='word_1_30' title='bbox 666 614 751 692; x_wconf 88' lang='lat' dir='ltr'>cujus</span> <span class='ocrx_word' id='word_1_31' title='bbox 775 634 813 676; x_wconf 84' lang='lat' dir='ltr'>ex</span> <span class='ocrx_word' id='word_1_32' title='bbox 837 615 926 694; x_wconf 89' lang='lat' dir='ltr'>longa</span> <span class='ocrx_word' id='word_1_33' title='bbox 950 624 981 677; x_wconf 93' lang='lat' dir='ltr'>et</span> <span class='ocrx_word' id='word_1_34' title='bbox 1004 617 1086 679; x_wconf 89' lang='lat' dir='ltr'>brevi</span> <span class='ocrx_word' id='word_1_35' title='bbox 1112 617 1269 694; x_wconf 87' lang='lat' dir='ltr'>diametro,</span> <span class='ocrx_word' id='word_1_36' title='bbox 1296 621 1320 682; x_wconf 93' lang='lat' dir='ltr'>si</span> <span class='ocrx_word' id='word_1_37' title='bbox 1346 622 1461 701; x_wconf 84' lang='lat' dir='ltr'>ellipsis</span> 
     </span>
     <span class='ocr_line' id='line_1_5' title="bbox 105 697 1461 787; baseline 0.01 -28"><span class='ocrx_word' id='word_1_38' title='bbox 105 697 174 760; x_wconf 89' lang='lat' dir='ltr'>satis</span> <span class='ocrx_word' id='word_1_39' title='bbox 195 717 307 778; x_wconf 88' lang='lat' dir='ltr'>magna</span> <span class='ocrx_word' id='word_1_40' title='bbox 330 700 389 774; x_wconf 92' lang='lat' dir='ltr'>sit,</span> <span class='ocrx_word' id='word_1_41' title='bbox 416 708 490 780; x_wconf 88' lang='lat' dir='ltr'>puta</span> <span class='ocrx_word' id='word_1_42' title='bbox 514 722 550 764; x_wconf 82' lang='lat' dir='ltr'>ex</span> <span class='ocrx_word' id='word_1_43' title='bbox 575 704 640 763; x_wconf 89' lang='lat' dir='ltr'>loco</span> <span class='ocrx_word' id='word_1_44' title='bbox 665 702 740 776; x_wconf 89' lang='lat' dir='ltr'>alto,</span> <span class='ocrx_word' id='word_1_45' title='bbox 770 704 857 784; x_wconf 91' lang='lat' dir='ltr'>plura</span> <span class='ocrx_word' id='word_1_46' title='bbox 880 723 936 784; x_wconf 89' lang='lat' dir='ltr'>ego</span> <span class='ocrx_word' id='word_1_47' title='bbox 960 705 1120 786; x_wconf 81' lang='lat' dir='ltr'>colligam,</span> <span class='ocrx_word' id='word_1_48' title='bbox 1151 727 1239 787; x_wconf 90' lang='lat' dir='ltr'>quarn</span> <span class='ocrx_word' id='word_1_49' title='bbox 1263 729 1301 772; x_wconf 79' lang='lat' dir='ltr'>er</span> <span class='ocrx_word' id='word_1_50' title='bbox 1325 712 1461 773; x_wconf 91' lang='lat' dir='ltr'>omnibus</span> 
     </span>
     <span class='ocr_line' id='line_1_6' title="bbox 105 786 1085 868; baseline 0.009 -21"><span class='ocrx_word' id='word_1_51' title='bbox 105 786 324 868; x_wconf 69' lang='lat' dir='ltr'>quadrantibus,</span> <span class='ocrx_word' id='word_1_52' title='bbox 349 790 536 866; x_wconf 86' lang='lat' dir='ltr'>astrolabiis,</span> <span class='ocrx_word' id='word_1_53' title='bbox 563 791 699 862; x_wconf 78' lang='lat' dir='ltr'>armillis,</span> <span class='ocrx_word' id='word_1_54' title='bbox 724 792 849 867; x_wconf 91' lang='lat' dir='ltr'>baculis,</span> <span class='ocrx_word' id='word_1_55' title='bbox 876 801 907 854; x_wconf 89' lang='lat' dir='ltr'>et</span> <span class='ocrx_word' id='word_1_56' title='bbox 930 794 1085 856; x_wconf 86' lang='lat' dir='ltr'>similibus.</span> 
     </span>
    </p>

    <p class='ocr_par' dir='ltr' id='par_1_3' title="bbox 99 876 1534 1920">
     <span class='ocr_line' id='line_1_7' title="bbox 182 876 1460 966; baseline 0.009 -30"><span class='ocrx_word' id='word_1_57' title='bbox 182 876 227 937; x_wconf 86' lang='lat' dir='ltr'>Ile</span> <span class='ocrx_word' id='word_1_58' title='bbox 251 877 517 940; x_wconf 87' lang='lat' dir='ltr'>observationibus</span> <span class='ocrx_word' id='word_1_59' title='bbox 541 882 619 961; x_wconf 93' lang='lat' dir='ltr'>qnod</span> <span class='ocrx_word' id='word_1_60' title='bbox 644 899 690 942; x_wconf 86' lang='lat' dir='ltr'>ma</span> <span class='ocrx_word' id='word_1_61' title='bbox 714 881 870 956; x_wconf 88' lang='lat' dir='ltr'>sollicitas,</span> <span class='ocrx_word' id='word_1_62' title='bbox 890 883 1084 962; x_wconf 89' lang='lat' dir='ltr'>jampridem</span> <span class='ocrx_word' id='word_1_63' title='bbox 1105 885 1198 945; x_wconf 89' lang='lat' dir='ltr'>hahes</span> <span class='ocrx_word' id='word_1_64' title='bbox 1218 884 1293 946; x_wconf 86' lang='lat' dir='ltr'>duas</span> <span class='ocrx_word' id='word_1_65' title='bbox 1312 885 1460 966; x_wconf 90' lang='lat' dir='ltr'>insignio-</span> 
     </span>
     <span class='ocr_line' id='line_1_8' title="bbox 102 966 1460 1055; baseline 0.007 -29"><span class='ocrx_word' id='word_1_66' title='bbox 102 985 145 1026; x_wconf 90' lang='lat' dir='ltr'>res</span> <span class='ocrx_word' id='word_1_67' title='bbox 167 966 202 1027; x_wconf 87' lang='lat' dir='ltr'>da</span> <span class='ocrx_word' id='word_1_68' title='bbox 226 967 379 1028; x_wconf 85' lang='lat' dir='ltr'>Mercurio</span> <span class='ocrx_word' id='word_1_69' title='bbox 404 978 436 1030; x_wconf 88' lang='lat' dir='ltr'>et</span> <span class='ocrx_word' id='word_1_70' title='bbox 458 967 579 1032; x_wconf 88' lang='lat' dir='ltr'>Polari:</span> <span class='ocrx_word' id='word_1_71' title='bbox 605 969 747 1032; x_wconf 90' lang='lat' dir='ltr'>Nonnihil</span> <span class='ocrx_word' id='word_1_72' title='bbox 772 971 862 1032; x_wconf 88' lang='lat' dir='ltr'>etiam</span> <span class='ocrx_word' id='word_1_73' title='bbox 891 971 1007 1034; x_wconf 87' lang='lat' dir='ltr'>videbis</span> <span class='ocrx_word' id='word_1_74' title='bbox 1037 973 1066 1034; x_wconf 92' lang='lat' dir='ltr'>in</span> <span class='ocrx_word' id='word_1_75' title='bbox 1100 976 1166 1034; x_wconf 83' lang='lat' dir='ltr'>nreb</span> <span class='ocrx_word' id='word_1_76' title='bbox 1199 975 1392 1055; x_wconf 88' lang='lat' dir='ltr'>prognostico</span> <span class='ocrx_word' id='word_1_77' title='bbox 1421 975 1460 1036; x_wconf 92' lang='lat' dir='ltr'>ad</span> 
     </span>
     <span class='ocr_line' id='line_1_9' title="bbox 103 1051 1460 1137; baseline 0.007 -23"><span class='ocrx_word' id='word_1_78' title='bbox 103 1073 202 1116; x_wconf 91' lang='lat' dir='ltr'>anuum</span> <span class='ocrx_word' id='word_1_79' title='bbox 243 1051 345 1131; x_wconf 83' lang='lat'>1599,</span> <span class='ocrx_word' id='word_1_80' title='bbox 385 1057 465 1136; x_wconf 89' lang='lat' dir='ltr'>quod</span> <span class='ocrx_word' id='word_1_81' title='bbox 505 1058 533 1118; x_wconf 92' lang='lat' dir='ltr'>iu</span> <span class='ocrx_word' id='word_1_82' title='bbox 578 1059 653 1120; x_wconf 87' lang='lat' dir='ltr'>hunc</span> <span class='ocrx_word' id='word_1_83' title='bbox 681 1059 768 1120; x_wconf 87' lang='lat' dir='ltr'>finem</span> <span class='ocrx_word' id='word_1_84' title='bbox 806 1060 903 1137; x_wconf 91' lang='lat' dir='ltr'>adjeci</span> <span class='ocrx_word' id='word_1_85' title='bbox 938 1059 1034 1121; x_wconf 90' lang='lat' dir='ltr'>literis</span> <span class='ocrx_word' id='word_1_86' title='bbox 1067 1061 1160 1122; x_wconf 89' lang='lat' dir='ltr'>hisce.</span> <span class='ocrx_word' id='word_1_87' title='bbox 1210 1061 1372 1124; x_wconf 88' lang='lat' dir='ltr'>Praeterea</span> <span class='ocrx_word' id='word_1_88' title='bbox 1399 1063 1460 1124; x_wconf 83' lang='lat' dir='ltr'>fers</span> 
     </span>
     <span class='ocr_line' id='line_1_10' title="bbox 102 1141 1460 1230; baseline 0.007 -26"><span class='ocrx_word' id='word_1_89' title='bbox 102 1143 168 1206; x_wconf 89' lang='lat' dir='ltr'>nihil</span> <span class='ocrx_word' id='word_1_90' title='bbox 190 1144 305 1218; x_wconf 88' lang='lat' dir='ltr'>habeo,</span> <span class='ocrx_word' id='word_1_91' title='bbox 337 1144 396 1208; x_wconf 92' lang='lat' dir='ltr'>nisi</span> <span class='ocrx_word' id='word_1_92' title='bbox 428 1145 501 1208; x_wconf 92' lang='lat' dir='ltr'>illud</span> <span class='ocrx_word' id='word_1_93' title='bbox 529 1155 559 1208; x_wconf 91' lang='lat' dir='ltr'>te</span> <span class='ocrx_word' id='word_1_94' title='bbox 585 1149 715 1210; x_wconf 87' lang='lat' dir='ltr'>fortasse</span> <span class='ocrx_word' id='word_1_95' title='bbox 740 1141 889 1221; x_wconf 82' lang='lat' dir='ltr'>delectet,</span> <span class='ocrx_word' id='word_1_96' title='bbox 916 1148 963 1210; x_wconf 88' lang='lat' dir='ltr'>die</span> <span class='ocrx_word' id='word_1_97' title='bbox 989 1145 1041 1213; x_wconf 82' lang='lat'>25.</span> <span class='ocrx_word' id='word_1_98' title='bbox 1067 1149 1153 1230; x_wconf 86' lang='lat' dir='ltr'>Sept.</span> <span class='ocrx_word' id='word_1_99' title='bbox 1180 1169 1266 1212; x_wconf 88' lang='lat' dir='ltr'>mane</span> <span class='ocrx_word' id='word_1_100' title='bbox 1290 1169 1342 1212; x_wconf 91' lang='lat' dir='ltr'>cor</span> <span class='ocrx_word' id='word_1_101' title='bbox 1366 1152 1460 1213; x_wconf 88' lang='lat' dir='ltr'>leonis</span> 
     </span>
     <span class='ocr_line' id='line_1_11' title="bbox 102 1233 1459 1318; baseline 0.007 -25"><span class='ocrx_word' id='word_1_102' title='bbox 102 1254 118 1293; x_wconf 91' lang='lat' dir='ltr'>a</span> <span class='ocrx_word' id='word_1_103' title='bbox 139 1233 257 1294; x_wconf 86' lang='lat' dir='ltr'>Venere</span> <span class='ocrx_word' id='word_1_104' title='bbox 286 1234 413 1314; x_wconf 83' lang='lat' dir='ltr'>eclipsin</span> <span class='ocrx_word' id='word_1_105' title='bbox 438 1253 506 1298; x_wconf 89' lang='lat' dir='ltr'>esse</span> <span class='ocrx_word' id='word_1_106' title='bbox 525 1255 657 1314; x_wconf 86' lang='lat' dir='ltr'>passum,</span> <span class='ocrx_word' id='word_1_107' title='bbox 682 1239 771 1316; x_wconf 88' lang='lat' dir='ltr'>plane</span> <span class='ocrx_word' id='word_1_108' title='bbox 795 1245 829 1299; x_wconf 91' lang='lat' dir='ltr'>nt</span> <span class='ocrx_word' id='word_1_109' title='bbox 852 1246 923 1298; x_wconf 89' lang='lat' dir='ltr'>ante</span> <span class='ocrx_word' id='word_1_110' title='bbox 948 1257 1043 1299; x_wconf 90' lang='lat' dir='ltr'>annos</span> <span class='ocrx_word' id='word_1_111' title='bbox 1067 1247 1146 1302; x_wconf 84' lang='lat' dir='ltr'>octo.</span> <span class='ocrx_word' id='word_1_112' title='bbox 1199 1237 1335 1318; x_wconf 83' lang='lat' dir='ltr'>Eclipsin</span> <span class='ocrx_word' id='word_1_113' title='bbox 1359 1248 1459 1302; x_wconf 89' lang='lat' dir='ltr'>tamen</span> 
     </span>
     <span class='ocr_line' id='line_1_12' title="bbox 100 1322 1460 1407; baseline 0.005 -24"><span class='ocrx_word' id='word_1_114' title='bbox 100 1323 158 1402; x_wconf 87' lang='lat' dir='ltr'>ipse</span> <span class='ocrx_word' id='word_1_115' title='bbox 186 1341 246 1384; x_wconf 88' lang='lat' dir='ltr'>non</span> <span class='ocrx_word' id='word_1_116' title='bbox 278 1322 362 1397; x_wconf 91' lang='lat' dir='ltr'>vidi,</span> <span class='ocrx_word' id='word_1_117' title='bbox 400 1343 455 1386; x_wconf 90' lang='lat' dir='ltr'>nec</span> <span class='ocrx_word' id='word_1_118' title='bbox 492 1324 649 1406; x_wconf 91' lang='lat' dir='ltr'>quisquam</span> <span class='ocrx_word' id='word_1_119' title='bbox 684 1327 714 1387; x_wconf 94' lang='lat' dir='ltr'>in</span> <span class='ocrx_word' id='word_1_120' title='bbox 750 1326 807 1388; x_wconf 90' lang='lat' dir='ltr'>hoc</span> <span class='ocrx_word' id='word_1_121' title='bbox 844 1333 909 1386; x_wconf 89' lang='lat' dir='ltr'>tuto</span> <span class='ocrx_word' id='word_1_122' title='bbox 942 1326 1107 1390; x_wconf 87' lang='lat' dir='ltr'>occidente.</span> <span class='ocrx_word' id='word_1_123' title='bbox 1169 1324 1320 1407; x_wconf 80' lang='lat' dir='ltr'>Colligere</span> <span class='ocrx_word' id='word_1_124' title='bbox 1359 1335 1460 1390; x_wconf 92' lang='lat' dir='ltr'>antem</span> 
     </span>
     <span class='ocr_line' id='line_1_13' title="bbox 99 1411 1534 1492; baseline 0.004 -20"><span class='ocrx_word' id='word_1_125' title='bbox 99 1412 176 1490; x_wconf 93' lang='lat' dir='ltr'>potui</span> <span class='ocrx_word' id='word_1_126' title='bbox 212 1411 318 1492; x_wconf 81' lang='lat' dir='ltr'>paucis</span> <span class='ocrx_word' id='word_1_127' title='bbox 352 1419 424 1474; x_wconf 89' lang='lat' dir='ltr'>ante</span> <span class='ocrx_word' id='word_1_128' title='bbox 454 1413 582 1474; x_wconf 86' lang='lat' dir='ltr'>Veneris</span> <span class='ocrx_word' id='word_1_129' title='bbox 611 1421 707 1476; x_wconf 90' lang='lat' dir='ltr'>ortum</span> <span class='ocrx_word' id='word_1_130' title='bbox 739 1413 820 1476; x_wconf 91' lang='lat' dir='ltr'>horis</span> <span class='ocrx_word' id='word_1_131' title='bbox 858 1415 1014 1476; x_wconf 84' lang='lat' dir='ltr'>accidisse.</span> <span class='ocrx_word' id='word_1_132' title='bbox 1071 1415 1151 1479; x_wconf 90' lang='lat' dir='ltr'>Nam</span> <span class='ocrx_word' id='word_1_133' title='bbox 1188 1416 1302 1489; x_wconf 84' lang='lat' dir='ltr'>oriente</span> <span class='ocrx_word' id='word_1_134' title='bbox 1338 1417 1458 1480; x_wconf 89' lang='lat' dir='ltr'>Venere</span> <span class='ocrx_word' id='word_1_135' title='bbox 1531 1473 1534 1478; x_wconf 90' lang='lat'>.</span> 
     </span>
     <span class='ocr_line' id='line_1_14' title="bbox 101 1500 1458 1586; baseline 0.004 -24"><span class='ocrx_word' id='word_1_136' title='bbox 101 1500 174 1562; x_wconf 92' lang='lat' dir='ltr'>nullo</span> <span class='ocrx_word' id='word_1_137' title='bbox 201 1501 293 1562; x_wconf 89' lang='lat' dir='ltr'>modo</span> <span class='ocrx_word' id='word_1_138' title='bbox 328 1501 430 1578; x_wconf 82' lang='lat' dir='ltr'>videre</span> <span class='ocrx_word' id='word_1_139' title='bbox 468 1521 519 1565; x_wconf 89' lang='lat' dir='ltr'>cor</span> <span class='ocrx_word' id='word_1_140' title='bbox 550 1504 652 1581; x_wconf 86' lang='lat' dir='ltr'>potui,</span> <span class='ocrx_word' id='word_1_141' title='bbox 694 1503 748 1564; x_wconf 89' lang='lat' dir='ltr'>sed</span> <span class='ocrx_word' id='word_1_142' title='bbox 785 1511 855 1582; x_wconf 92' lang='lat' dir='ltr'>post</span> <span class='ocrx_word' id='word_1_143' title='bbox 888 1511 986 1566; x_wconf 89' lang='lat' dir='ltr'>ortum</span> <span class='ocrx_word' id='word_1_144' title='bbox 1018 1504 1083 1582; x_wconf 87' lang='lat' dir='ltr'>ejus</span> <span class='ocrx_word' id='word_1_145' title='bbox 1112 1525 1170 1566; x_wconf 92' lang='lat' dir='ltr'>una</span> <span class='ocrx_word' id='word_1_146' title='bbox 1202 1504 1277 1566; x_wconf 88' lang='lat' dir='ltr'>hora</span> <span class='ocrx_word' id='word_1_147' title='bbox 1305 1505 1458 1586; x_wconf 80' lang='lat' dir='ltr'>separatio</span> 
     </span>
     <span class='ocr_line' id='line_1_15' title="bbox 100 1590 1459 1673; baseline 0.004 -23"><span class='ocrx_word' id='word_1_148' title='bbox 100 1597 181 1651; x_wconf 90' lang='lat' dir='ltr'>tanta</span> <span class='ocrx_word' id='word_1_149' title='bbox 213 1590 286 1662; x_wconf 86' lang='lat' dir='ltr'>luit,</span> <span class='ocrx_word' id='word_1_150' title='bbox 326 1609 365 1650; x_wconf 87' lang='lat' dir='ltr'>ax</span> <span class='ocrx_word' id='word_1_151' title='bbox 394 1609 453 1670; x_wconf 91' lang='lat' dir='ltr'>qua</span> <span class='ocrx_word' id='word_1_152' title='bbox 485 1593 657 1671; x_wconf 77' lang='lat' dir='ltr'>conjectata</span> <span class='ocrx_word' id='word_1_153' title='bbox 684 1592 851 1673; x_wconf 88' lang='lat' dir='ltr'>conjunctio</span> <span class='ocrx_word' id='word_1_154' title='bbox 885 1599 955 1652; x_wconf 90' lang='lat' dir='ltr'>aute</span> <span class='ocrx_word' id='word_1_155' title='bbox 988 1600 1086 1654; x_wconf 91' lang='lat' dir='ltr'>ortum</span> <span class='ocrx_word' id='word_1_156' title='bbox 1117 1593 1256 1655; x_wconf 88' lang='lat' dir='ltr'>cudebat.</span> <span class='ocrx_word' id='word_1_157' title='bbox 1318 1595 1459 1656; x_wconf 86' lang='lat' dir='ltr'>Vidisses</span> 
     </span>
     <span class='ocr_line' id='line_1_16' title="bbox 101 1673 1459 1764; baseline 0.004 -25"><span class='ocrx_word' id='word_1_158' title='bbox 101 1677 294 1740; x_wconf 83' lang='lat' dir='ltr'>differentiam</span> <span class='ocrx_word' id='word_1_159' title='bbox 323 1679 398 1741; x_wconf 88' lang='lat' dir='ltr'>lucis</span> <span class='ocrx_word' id='word_1_160' title='bbox 426 1681 456 1740; x_wconf 90' lang='lat' dir='ltr'>in</span> <span class='ocrx_word' id='word_1_161' title='bbox 485 1689 611 1760; x_wconf 90' lang='lat' dir='ltr'>utraque</span> <span class='ocrx_word' id='word_1_162' title='bbox 640 1683 740 1742; x_wconf 89' lang='lat' dir='ltr'>stella.</span> <span class='ocrx_word' id='word_1_163' title='bbox 786 1680 929 1742; x_wconf 82' lang='lat' dir='ltr'>Rubebat</span> <span class='ocrx_word' id='word_1_164' title='bbox 953 1682 1030 1742; x_wconf 92' lang='lat' dir='ltr'>enim</span> <span class='ocrx_word' id='word_1_165' title='bbox 1054 1701 1105 1743; x_wconf 93' lang='lat' dir='ltr'>cor</span> <span class='ocrx_word' id='word_1_166' title='bbox 1129 1681 1276 1756; x_wconf 90' lang='lat' dir='ltr'>nonnihil,</span> <span class='ocrx_word' id='word_1_167' title='bbox 1314 1691 1346 1744; x_wconf 93' lang='lat' dir='ltr'>et</span> <span class='ocrx_word' id='word_1_168' title='bbox 1373 1673 1459 1764; x_wconf 88' lang='lat' dir='ltr'>&#39;qnasi</span> 
     </span>
     <span class='ocr_line' id='line_1_17' title="bbox 99 1765 1458 1852; baseline 0.004 -23"><span class='ocrx_word' id='word_1_169' title='bbox 99 1768 281 1846; x_wconf 89' lang='lat' dir='ltr'>pellucebat,</span> <span class='ocrx_word' id='word_1_170' title='bbox 307 1766 433 1847; x_wconf 84' lang='lat' dir='ltr'>perinde</span> <span class='ocrx_word' id='word_1_171' title='bbox 457 1769 543 1850; x_wconf 89' lang='lat' dir='ltr'>quasi</span> <span class='ocrx_word' id='word_1_172' title='bbox 568 1770 672 1832; x_wconf 90' lang='lat' dir='ltr'>Venus</span> <span class='ocrx_word' id='word_1_173' title='bbox 696 1769 785 1832; x_wconf 90' lang='lat' dir='ltr'>lactis</span> <span class='ocrx_word' id='word_1_174' title='bbox 809 1765 988 1847; x_wconf 85' lang='lat' dir='ltr'>crassitiem,</span> <span class='ocrx_word' id='word_1_175' title='bbox 1013 1790 1065 1832; x_wconf 90' lang='lat' dir='ltr'>cor</span> <span class='ocrx_word' id='word_1_176' title='bbox 1088 1790 1183 1852; x_wconf 88' lang='lat' dir='ltr'>aquae</span> <span class='ocrx_word' id='word_1_177' title='bbox 1200 1771 1341 1850; x_wconf 86' lang='lat' dir='ltr'>limpidae</span> <span class='ocrx_word' id='word_1_178' title='bbox 1357 1773 1458 1834; x_wconf 88' lang='lat' dir='ltr'>tenui-</span> 
     </span>
     <span class='ocr_line' id='line_1_18' title="bbox 100 1858 396 1920; baseline 0.014 -4"><span class='ocrx_word' id='word_1_179' title='bbox 100 1865 190 1920; x_wconf 84' lang='lat' dir='ltr'>tatem</span> <span class='ocrx_word' id='word_1_180' title='bbox 213 1858 396 1920; x_wconf 88' lang='lat' dir='ltr'>imitaretur.</span> 
     </span>
    </p>

    <p class='ocr_par' dir='ltr' id='par_1_4' title="bbox 100 1945 1467 3006">
     <span class='ocr_line' id='line_1_19' title="bbox 182 1945 1459 2028; baseline 0.001 -20"><span class='ocrx_word' id='word_1_181' title='bbox 182 1945 314 2017; x_wconf 85' lang='lat' dir='ltr'>Quaeris</span> <span class='ocrx_word' id='word_1_182' title='bbox 344 1953 377 2008; x_wconf 89' lang='lat' dir='ltr'>et</span> <span class='ocrx_word' id='word_1_183' title='bbox 409 1947 445 2007; x_wconf 90' lang='lat' dir='ltr'>de</span> <span class='ocrx_word' id='word_1_184' title='bbox 473 1947 595 2028; x_wconf 90' lang='lat' dir='ltr'>reliquis</span> <span class='ocrx_word' id='word_1_185' title='bbox 619 1947 727 2009; x_wconf 88' lang='lat' dir='ltr'>studiis</span> <span class='ocrx_word' id='word_1_186' title='bbox 760 1948 850 2021; x_wconf 90' lang='lat' dir='ltr'>meis,</span> <span class='ocrx_word' id='word_1_187' title='bbox 893 1955 924 2009; x_wconf 91' lang='lat' dir='ltr'>et</span> <span class='ocrx_word' id='word_1_188' title='bbox 952 1967 1073 2027; x_wconf 85' lang='lat' dir='ltr'>operatu</span> <span class='ocrx_word' id='word_1_189' title='bbox 1100 1946 1252 2026; x_wconf 88' lang='lat' dir='ltr'>polliceris</span> <span class='ocrx_word' id='word_1_190' title='bbox 1283 1947 1459 2026; x_wconf 83' lang='lat' dir='ltr'>adjutaudis</span> 
     </span>
     <span class='ocr_line' id='line_1_20' title="bbox 101 2033 1460 2116; baseline 0.002 -21"><span class='ocrx_word' id='word_1_191' title='bbox 101 2037 169 2097; x_wconf 89' lang='lat' dir='ltr'>ureis</span> <span class='ocrx_word' id='word_1_192' title='bbox 188 2033 462 2097; x_wconf 85' lang='lat' dir='ltr'>observationibus.</span> <span class='ocrx_word' id='word_1_193' title='bbox 497 2037 538 2098; x_wconf 82' lang='lat' dir='ltr'>Et</span> <span class='ocrx_word' id='word_1_194' title='bbox 562 2037 777 2098; x_wconf 89' lang='lat' dir='ltr'>humanitatem</span> <span class='ocrx_word' id='word_1_195' title='bbox 800 2037 877 2098; x_wconf 90' lang='lat' dir='ltr'>hanc</span> <span class='ocrx_word' id='word_1_196' title='bbox 901 2036 1014 2116; x_wconf 89' lang='lat' dir='ltr'>pridem</span> <span class='ocrx_word' id='word_1_197' title='bbox 1030 2037 1148 2116; x_wconf 90' lang='lat' dir='ltr'>quidem</span> <span class='ocrx_word' id='word_1_198' title='bbox 1165 2037 1333 2114; x_wconf 76' lang='lat' dir='ltr'>degustavi,</span> <span class='ocrx_word' id='word_1_199' title='bbox 1354 2043 1460 2116; x_wconf 86' lang='lat' dir='ltr'>gratus</span> 
     </span>
     <span class='ocr_line' id='line_1_21' title="bbox 101 2123 1458 2206; baseline 0.002 -22"><span class='ocrx_word' id='word_1_200' title='bbox 101 2143 238 2203; x_wconf 88' lang='lat' dir='ltr'>agnosco,</span> <span class='ocrx_word' id='word_1_201' title='bbox 263 2143 319 2186; x_wconf 91' lang='lat' dir='ltr'>nec</span> <span class='ocrx_word' id='word_1_202' title='bbox 343 2123 511 2186; x_wconf 89' lang='lat' dir='ltr'>mehercule</span> <span class='ocrx_word' id='word_1_203' title='bbox 536 2135 694 2187; x_wconf 87' lang='lat' dir='ltr'>contemno</span> <span class='ocrx_word' id='word_1_204' title='bbox 720 2133 772 2187; x_wconf 89' lang='lat' dir='ltr'>ant</span> <span class='ocrx_word' id='word_1_205' title='bbox 796 2125 915 2205; x_wconf 84' lang='lat' dir='ltr'>rejicio:</span> <span class='ocrx_word' id='word_1_206' title='bbox 940 2133 1074 2187; x_wconf 85' lang='lat' dir='ltr'>aeterum</span> <span class='ocrx_word' id='word_1_207' title='bbox 1097 2124 1126 2185; x_wconf 94' lang='lat' dir='ltr'>in</span> <span class='ocrx_word' id='word_1_208' title='bbox 1152 2125 1226 2186; x_wconf 89' lang='lat' dir='ltr'>haec</span> <span class='ocrx_word' id='word_1_209' title='bbox 1251 2134 1387 2206; x_wconf 90' lang='lat' dir='ltr'>tempora</span> <span class='ocrx_word' id='word_1_210' title='bbox 1410 2125 1458 2188; x_wconf 90' lang='lat' dir='ltr'>in-</span> 
     </span>
     <span class='ocr_line' id='line_1_22' title="bbox 101 2213 1457 2294; baseline -0.001 -18"><span class='ocrx_word' id='word_1_211' title='bbox 101 2215 233 2288; x_wconf 86' lang='lat' dir='ltr'>cidimus,</span> <span class='ocrx_word' id='word_1_212' title='bbox 258 2214 288 2274; x_wconf 93' lang='lat' dir='ltr'>in</span> <span class='ocrx_word' id='word_1_213' title='bbox 312 2213 419 2292; x_wconf 88' lang='lat' dir='ltr'>quibus</span> <span class='ocrx_word' id='word_1_214' title='bbox 444 2214 604 2276; x_wconf 88' lang='lat' dir='ltr'>hebescere</span> <span class='ocrx_word' id='word_1_215' title='bbox 628 2215 819 2276; x_wconf 89' lang='lat' dir='ltr'>solertissimi</span> <span class='ocrx_word' id='word_1_216' title='bbox 844 2215 987 2294; x_wconf 89' lang='lat' dir='ltr'>cujusque</span> <span class='ocrx_word' id='word_1_217' title='bbox 1008 2213 1113 2285; x_wconf 87' lang='lat' dir='ltr'>aciem,</span> <span class='ocrx_word' id='word_1_218' title='bbox 1134 2214 1289 2275; x_wconf 86' lang='lat' dir='ltr'>deferbere</span> <span class='ocrx_word' id='word_1_219' title='bbox 1311 2215 1457 2290; x_wconf 89' lang='lat' dir='ltr'>ardorem,</span> 
     </span>
     <span class='ocr_line' id='line_1_23' title="bbox 102 2300 1458 2385; baseline 0 -22"><span class='ocrx_word' id='word_1_220' title='bbox 102 2311 222 2364; x_wconf 86' lang='lat' dir='ltr'>conatus</span> <span class='ocrx_word' id='word_1_221' title='bbox 247 2300 376 2382; x_wconf 91' lang='lat' dir='ltr'>opprimi</span> <span class='ocrx_word' id='word_1_222' title='bbox 400 2322 523 2364; x_wconf 87' lang='lat' dir='ltr'>necesse</span> <span class='ocrx_word' id='word_1_223' title='bbox 547 2303 596 2364; x_wconf 92' lang='lat' dir='ltr'>sit.</span> <span class='ocrx_word' id='word_1_224' title='bbox 632 2301 711 2373; x_wconf 81' lang='lat' dir='ltr'>Quid</span> <span class='ocrx_word' id='word_1_225' title='bbox 736 2303 835 2364; x_wconf 87' lang='lat' dir='ltr'>eninr?</span> <span class='ocrx_word' id='word_1_226' title='bbox 859 2305 887 2364; x_wconf 93' lang='lat' dir='ltr'>iu</span> <span class='ocrx_word' id='word_1_227' title='bbox 913 2301 1017 2385; x_wconf 86' lang='lat' dir='ltr'>Styria</span> <span class='ocrx_word' id='word_1_228' title='bbox 1041 2304 1204 2364; x_wconf 88' lang='lat' dir='ltr'>rnaueam?</span> <span class='ocrx_word' id='word_1_229' title='bbox 1229 2323 1266 2363; x_wconf 91' lang='lat' dir='ltr'>an</span> <span class='ocrx_word' id='word_1_230' title='bbox 1283 2301 1458 2365; x_wconf 85' lang='lat' dir='ltr'>discedam?</span> 
     </span>
     <span class='ocr_line' id='line_1_24' title="bbox 100 2391 1459 2472; baseline 0.001 -20"><span class='ocrx_word' id='word_1_231' title='bbox 100 2391 200 2472; x_wconf 78' lang='lat' dir='ltr'>Neque</span> <span class='ocrx_word' id='word_1_232' title='bbox 224 2411 271 2452; x_wconf 92' lang='lat' dir='ltr'>me</span> <span class='ocrx_word' id='word_1_233' title='bbox 295 2391 438 2471; x_wconf 86' lang='lat' dir='ltr'>reprimo,</span> <span class='ocrx_word' id='word_1_234' title='bbox 464 2393 512 2472; x_wconf 91' lang='lat' dir='ltr'>qni</span> <span class='ocrx_word' id='word_1_235' title='bbox 536 2393 702 2454; x_wconf 86' lang='lat' dir='ltr'>studiorum</span> <span class='ocrx_word' id='word_1_236' title='bbox 726 2393 780 2453; x_wconf 92' lang='lat' dir='ltr'>tibi</span> <span class='ocrx_word' id='word_1_237' title='bbox 804 2411 936 2453; x_wconf 89' lang='lat' dir='ltr'>meorum</span> <span class='ocrx_word' id='word_1_238' title='bbox 960 2411 1049 2471; x_wconf 91' lang='lat' dir='ltr'>quarn</span> <span class='ocrx_word' id='word_1_239' title='bbox 1075 2391 1295 2471; x_wconf 90' lang='lat' dir='ltr'>penitissimam</span> <span class='ocrx_word' id='word_1_240' title='bbox 1320 2391 1459 2453; x_wconf 85' lang='lat' dir='ltr'>notitiam</span> 
     </span>
     <span class='ocr_line' id='line_1_25' title="bbox 101 2479 1467 2564; baseline 0.004 -27"><span class='ocrx_word' id='word_1_241' title='bbox 101 2481 200 2558; x_wconf 87' lang='lat' dir='ltr'>apemi</span> <span class='ocrx_word' id='word_1_242' title='bbox 224 2482 327 2561; x_wconf 87' lang='lat' dir='ltr'>(quam</span> <span class='ocrx_word' id='word_1_243' title='bbox 354 2480 530 2542; x_wconf 83' lang='lat' dir='ltr'>facilitatem</span> <span class='ocrx_word' id='word_1_244' title='bbox 556 2481 722 2560; x_wconf 88' lang='lat' dir='ltr'>agnovisti,</span> <span class='ocrx_word' id='word_1_245' title='bbox 748 2487 782 2543; x_wconf 88' lang='lat' dir='ltr'>ut</span> <span class='ocrx_word' id='word_1_246' title='bbox 805 2481 922 2554; x_wconf 88' lang='lat' dir='ltr'>video),</span> <span class='ocrx_word' id='word_1_247' title='bbox 952 2480 1021 2560; x_wconf 91' lang='lat' dir='ltr'>quin</span> <span class='ocrx_word' id='word_1_248' title='bbox 1047 2488 1078 2541; x_wconf 88' lang='lat' dir='ltr'>et</span> <span class='ocrx_word' id='word_1_249' title='bbox 1102 2481 1227 2541; x_wconf 86' lang='lat' dir='ltr'>affectus</span> <span class='ocrx_word' id='word_1_250' title='bbox 1252 2479 1345 2540; x_wconf 93' lang='lat' dir='ltr'>animi</span> <span class='ocrx_word' id='word_1_251' title='bbox 1368 2489 1467 2564; x_wconf 20' lang='lat' dir='ltr'>pate-¹</span> 
     </span>
     <span class='ocr_line' id='line_1_26' title="bbox 102 2568 1459 2649; baseline 0.001 -21"><span class='ocrx_word' id='word_1_252' title='bbox 102 2569 220 2632; x_wconf 80' lang='lat' dir='ltr'>faciam:</span> <span class='ocrx_word' id='word_1_253' title='bbox 249 2568 340 2640; x_wconf 81' lang='lat' dir='ltr'>Quod</span> <span class='ocrx_word' id='word_1_254' title='bbox 363 2577 397 2631; x_wconf 91' lang='lat' dir='ltr'>tu</span> <span class='ocrx_word' id='word_1_255' title='bbox 421 2571 551 2632; x_wconf 86' lang='lat' dir='ltr'>fortasse</span> <span class='ocrx_word' id='word_1_256' title='bbox 575 2570 691 2649; x_wconf 86' lang='lat' dir='ltr'>gaudes</span> <span class='ocrx_word' id='word_1_257' title='bbox 721 2571 770 2642; x_wconf 91' lang='lat' dir='ltr'>(nt</span> <span class='ocrx_word' id='word_1_258' title='bbox 793 2578 863 2632; x_wconf 92' lang='lat' dir='ltr'>sunt</span> <span class='ocrx_word' id='word_1_259' title='bbox 886 2570 1046 2644; x_wconf 87' lang='lat' dir='ltr'>humana),</span> <span class='ocrx_word' id='word_1_260' title='bbox 1071 2569 1101 2630; x_wconf 94' lang='lat' dir='ltr'>id</span> <span class='ocrx_word' id='word_1_261' title='bbox 1126 2587 1172 2629; x_wconf 88' lang='lat' dir='ltr'>me</span> <span class='ocrx_word' id='word_1_262' title='bbox 1197 2568 1298 2629; x_wconf 87' lang='lat' dir='ltr'>dolere</span> <span class='ocrx_word' id='word_1_263' title='bbox 1323 2569 1459 2630; x_wconf 89' lang='lat' dir='ltr'>acerbis-</span> 
     </span>
     <span class='ocr_line' id='line_1_27' title="bbox 102 2657 1459 2738; baseline 0.001 -21"><span class='ocrx_word' id='word_1_264' title='bbox 102 2658 171 2718; x_wconf 88' lang='lat' dir='ltr'>sime</span> <span class='ocrx_word' id='word_1_265' title='bbox 195 2678 320 2721; x_wconf 88' lang='lat' dir='ltr'>necesse</span> <span class='ocrx_word' id='word_1_266' title='bbox 345 2667 402 2720; x_wconf 89' lang='lat' dir='ltr'>est.</span> <span class='ocrx_word' id='word_1_267' title='bbox 451 2657 641 2722; x_wconf 84' lang='lat' dir='ltr'>Christianus</span> <span class='ocrx_word' id='word_1_268' title='bbox 664 2678 744 2730; x_wconf 92' lang='lat' dir='ltr'>sum,</span> <span class='ocrx_word' id='word_1_269' title='bbox 778 2658 988 2738; x_wconf 84' lang='lat' dir='ltr'>Augustannm</span> <span class='ocrx_word' id='word_1_270' title='bbox 1016 2657 1234 2720; x_wconf 87' lang='lat' dir='ltr'>confessionem</span> <span class='ocrx_word' id='word_1_271' title='bbox 1263 2676 1301 2718; x_wconf 92' lang='lat' dir='ltr'>ex</span> <span class='ocrx_word' id='word_1_272' title='bbox 1332 2657 1459 2720; x_wconf 90' lang='lat' dir='ltr'>institu-</span> 
     </span>
     <span class='ocr_line' id='line_1_28' title="bbox 103 2745 1459 2828; baseline 0.001 -22"><span class='ocrx_word' id='word_1_273' title='bbox 103 2745 177 2808; x_wconf 87' lang='lat' dir='ltr'>tione</span> <span class='ocrx_word' id='word_1_274' title='bbox 201 2756 369 2828; x_wconf 81' lang='lat' dir='ltr'>parentum,</span> <span class='ocrx_word' id='word_1_275' title='bbox 396 2767 433 2807; x_wconf 86' lang='lat' dir='ltr'>ex</span> <span class='ocrx_word' id='word_1_276' title='bbox 457 2747 623 2810; x_wconf 89' lang='lat' dir='ltr'>rationibus</span> <span class='ocrx_word' id='word_1_277' title='bbox 648 2747 770 2826; x_wconf 88' lang='lat' dir='ltr'>saepius</span> <span class='ocrx_word' id='word_1_278' title='bbox 795 2749 833 2807; x_wconf 93' lang='lat' dir='ltr'>ad</span> <span class='ocrx_word' id='word_1_279' title='bbox 857 2746 1002 2808; x_wconf 90' lang='lat' dir='ltr'>tmtinam</span> <span class='ocrx_word' id='word_1_280' title='bbox 1018 2747 1178 2821; x_wconf 86' lang='lat' dir='ltr'>revocatis,</span> <span class='ocrx_word' id='word_1_281' title='bbox 1199 2763 1236 2806; x_wconf 85' lang='lat' dir='ltr'>ex</span> <span class='ocrx_word' id='word_1_282' title='bbox 1257 2746 1459 2808; x_wconf 87' lang='lat' dir='ltr'>tentationum</span> 
     </span>
     <span class='ocr_line' id='line_1_29' title="bbox 103 2832 1457 2915; baseline -0.001 -19"><span class='ocrx_word' id='word_1_283' title='bbox 103 2835 279 2914; x_wconf 86' lang='lat' dir='ltr'>quotidianis</span> <span class='ocrx_word' id='word_1_284' title='bbox 304 2835 457 2898; x_wconf 86' lang='lat' dir='ltr'>exercitiis</span> <span class='ocrx_word' id='word_1_285' title='bbox 480 2837 580 2911; x_wconf 88' lang='lat' dir='ltr'>hausi,</span> <span class='ocrx_word' id='word_1_286' title='bbox 615 2836 693 2898; x_wconf 90' lang='lat' dir='ltr'>hanc</span> <span class='ocrx_word' id='word_1_287' title='bbox 722 2836 901 2915; x_wconf 85' lang='lat' dir='ltr'>amplector,</span> <span class='ocrx_word' id='word_1_288' title='bbox 931 2836 1071 2896; x_wconf 87' lang='lat' dir='ltr'>simulare</span> <span class='ocrx_word' id='word_1_289' title='bbox 1100 2854 1158 2895; x_wconf 92' lang='lat' dir='ltr'>non</span> <span class='ocrx_word' id='word_1_290' title='bbox 1188 2832 1292 2908; x_wconf 88' lang='lat' dir='ltr'>didici,</span> <span class='ocrx_word' id='word_1_291' title='bbox 1324 2833 1405 2895; x_wconf 90' lang='lat' dir='ltr'>seria</span> <span class='ocrx_word' id='word_1_292' title='bbox 1428 2835 1457 2894; x_wconf 93' lang='lat' dir='ltr'>in</span> 
     </span>
     <span class='ocr_line' id='line_1_30' title="bbox 101 2921 1457 3006; baseline -0.001 -22"><span class='ocrx_word' id='word_1_293' title='bbox 101 2925 289 3005; x_wconf 80' lang='lat' dir='ltr'>religionibus</span> <span class='ocrx_word' id='word_1_294' title='bbox 314 2933 425 2998; x_wconf 72' lang='lat' dir='ltr'>nacto,</span> <span class='ocrx_word' id='word_1_295' title='bbox 449 2945 506 2987; x_wconf 93' lang='lat' dir='ltr'>non</span> <span class='ocrx_word' id='word_1_296' title='bbox 532 2926 655 3000; x_wconf 88' lang='lat' dir='ltr'>ludicra,</span> <span class='ocrx_word' id='word_1_297' title='bbox 681 2944 772 3006; x_wconf 86' lang='lat' dir='ltr'>quare</span> <span class='ocrx_word' id='word_1_298' title='bbox 792 2933 823 2986; x_wconf 88' lang='lat' dir='ltr'>et</span> <span class='ocrx_word' id='word_1_299' title='bbox 846 2925 924 2986; x_wconf 85' lang='lat' dir='ltr'>serio</span> <span class='ocrx_word' id='word_1_300' title='bbox 949 2925 985 2986; x_wconf 78' lang='lat' dir='ltr'>de</span> <span class='ocrx_word' id='word_1_301' title='bbox 1009 2922 1162 3002; x_wconf 85' lang='lat' dir='ltr'>religionis</span> <span class='ocrx_word' id='word_1_302' title='bbox 1178 2921 1330 2994; x_wconf 81' lang='lat' dir='ltr'>exercitio,</span> <span class='ocrx_word' id='word_1_303' title='bbox 1350 2940 1457 2983; x_wconf 88' lang='lat' dir='ltr'>saera-</span> 
     </span>
    </p>
   </div>
   <div class='ocr_carea' id='block_1_3' title="bbox 103 3005 1574 3094">
    <p class='ocr_par' dir='ltr' id='par_1_5' title="bbox 103 3005 1574 3094">
     <span class='ocr_line' id='line_1_31' title="bbox 103 3005 1574 3094; baseline -0.002 -20"><span class='ocrx_word' id='word_1_304' title='bbox 103 3024 262 3076; x_wconf 88' lang='lat' dir='ltr'>mentornm</span> <span class='ocrx_word' id='word_1_305' title='bbox 282 3035 339 3076; x_wconf 90' lang='lat' dir='ltr'>usu</span> <span class='ocrx_word' id='word_1_306' title='bbox 362 3022 481 3094; x_wconf 89' lang='lat' dir='ltr'>satago.</span> <span class='ocrx_word' id='word_1_307' title='bbox 530 3013 609 3085; x_wconf 82' lang='lat' dir='ltr'>Quid</span> <span class='ocrx_word' id='word_1_308' title='bbox 638 3005 758 3075; x_wconf 75' lang='lat' dir='ltr'>autem?</span> <span class='ocrx_word' id='word_1_309' title='bbox 803 3013 903 3093; x_wconf 87' lang='lat' dir='ltr'>Ejecti</span> <span class='ocrx_word' id='word_1_310' title='bbox 937 3020 1006 3074; x_wconf 88' lang='lat' dir='ltr'>sunt</span> <span class='ocrx_word' id='word_1_311' title='bbox 1035 3012 1117 3072; x_wconf 91' lang='lat' dir='ltr'>hisce</span> <span class='ocrx_word' id='word_1_312' title='bbox 1145 3010 1321 3090; x_wconf 88' lang='lat' dir='ltr'>provinciis,</span> <span class='ocrx_word' id='word_1_313' title='bbox 1351 3011 1458 3090; x_wconf 89' lang='lat' dir='ltr'>quibus</span> <span class='ocrx_word' id='word_1_314' title='bbox 1571 3055 1574 3062; x_wconf 80' lang='lat'>-</span> 
     </span>
    </p>
   </div>
   <div class='ocr_carea' id='block_1_4' title="bbox 103 3099 1458 4857">
    <p class='ocr_par' dir='ltr' id='par_1_6' title="bbox 103 3099 1458 4857">
     <span class='ocr_line' id='line_1_32' title="bbox 104 3099 1455 3183; baseline -0.001 -23"><span class='ocrx_word' id='word_1_315' title='bbox 104 3101 286 3166; x_wconf 89' lang='lat' dir='ltr'>intemuutiis</span> <span class='ocrx_word' id='word_1_316' title='bbox 310 3102 456 3166; x_wconf 87' lang='lat' dir='ltr'>hacteuus</span> <span class='ocrx_word' id='word_1_317' title='bbox 480 3122 546 3166; x_wconf 86' lang='lat' dir='ltr'>curn</span> <span class='ocrx_word' id='word_1_318' title='bbox 569 3105 634 3165; x_wconf 88' lang='lat' dir='ltr'>Deo</span> <span class='ocrx_word' id='word_1_319' title='bbox 655 3102 717 3183; x_wconf 89' lang='lat' dir='ltr'>egi:</span> <span class='ocrx_word' id='word_1_320' title='bbox 756 3101 862 3182; x_wconf 90' lang='lat' dir='ltr'>quibus</span> <span class='ocrx_word' id='word_1_321' title='bbox 900 3101 967 3164; x_wconf 88' lang='lat' dir='ltr'>aliis</span> <span class='ocrx_word' id='word_1_322' title='bbox 1006 3119 1096 3180; x_wconf 91' lang='lat' dir='ltr'>agere</span> <span class='ocrx_word' id='word_1_323' title='bbox 1126 3118 1247 3180; x_wconf 88' lang='lat' dir='ltr'>possem</span> <span class='ocrx_word' id='word_1_324' title='bbox 1279 3118 1346 3160; x_wconf 89' lang='lat' dir='ltr'>curn</span> <span class='ocrx_word' id='word_1_325' title='bbox 1380 3099 1455 3174; x_wconf 89' lang='lat' dir='ltr'>Deo,</span> 
     </span>
     <span class='ocr_line' id='line_1_33' title="bbox 103 3188 1457 3271; baseline 0 -21"><span class='ocrx_word' id='word_1_326' title='bbox 103 3189 121 3250; x_wconf 93' lang='lat' dir='ltr'>ii</span> <span class='ocrx_word' id='word_1_327' title='bbox 143 3211 197 3254; x_wconf 93' lang='lat' dir='ltr'>nou</span> <span class='ocrx_word' id='word_1_328' title='bbox 221 3193 432 3255; x_wconf 87' lang='lat' dir='ltr'>admittuntur.</span> <span class='ocrx_word' id='word_1_329' title='bbox 482 3193 533 3254; x_wconf 88' lang='lat' dir='ltr'>Ad</span> <span class='ocrx_word' id='word_1_330' title='bbox 566 3194 640 3254; x_wconf 92' lang='lat' dir='ltr'>haec</span> <span class='ocrx_word' id='word_1_331' title='bbox 668 3192 779 3253; x_wconf 86' lang='lat' dir='ltr'>salario</span> <span class='ocrx_word' id='word_1_332' title='bbox 808 3192 893 3266; x_wconf 92' lang='lat' dir='ltr'>vivo,</span> <span class='ocrx_word' id='word_1_333' title='bbox 926 3210 979 3271; x_wconf 87' lang='lat' dir='ltr'>pro</span> <span class='ocrx_word' id='word_1_334' title='bbox 1008 3189 1178 3252; x_wconf 88' lang='lat' dir='ltr'>conditione</span> <span class='ocrx_word' id='word_1_335' title='bbox 1208 3188 1279 3262; x_wconf 92' lang='lat' dir='ltr'>loci,</span> <span class='ocrx_word' id='word_1_336' title='bbox 1313 3205 1457 3268; x_wconf 88' lang='lat' dir='ltr'>perquam</span> 
     </span>
     <span class='ocr_line' id='line_1_34' title="bbox 103 3274 1456 3362; baseline -0.001 -23"><span class='ocrx_word' id='word_1_337' title='bbox 103 3281 192 3354; x_wconf 90' lang='lat' dir='ltr'>tanni;</span> <span class='ocrx_word' id='word_1_338' title='bbox 222 3300 292 3362; x_wconf 88' lang='lat' dir='ltr'>spes</span> <span class='ocrx_word' id='word_1_339' title='bbox 322 3291 390 3342; x_wconf 88' lang='lat' dir='ltr'>erat</span> <span class='ocrx_word' id='word_1_340' title='bbox 425 3281 572 3344; x_wconf 88' lang='lat' dir='ltr'>auctionis</span> <span class='ocrx_word' id='word_1_341' title='bbox 597 3281 626 3343; x_wconf 93' lang='lat' dir='ltr'>in</span> <span class='ocrx_word' id='word_1_342' title='bbox 649 3289 816 3360; x_wconf 90' lang='lat' dir='ltr'>posterum;</span> <span class='ocrx_word' id='word_1_343' title='bbox 848 3280 913 3360; x_wconf 91' lang='lat' dir='ltr'>quis</span> <span class='ocrx_word' id='word_1_344' title='bbox 943 3274 1086 3359; x_wconf 70' lang='lat' dir='ltr'>augebit?</span> <span class='ocrx_word' id='word_1_345' title='bbox 1132 3277 1309 3339; x_wconf 90' lang='lat' dir='ltr'>Proceribus</span> <span class='ocrx_word' id='word_1_346' title='bbox 1344 3276 1456 3337; x_wconf 88' lang='lat' dir='ltr'>ademti</span> 
     </span>
     <span class='ocr_line' id='line_1_35' title="bbox 104 3364 1456 3450; baseline -0.002 -21"><span class='ocrx_word' id='word_1_347' title='bbox 104 3379 167 3430; x_wconf 88' lang='lat' dir='ltr'>sunt</span> <span class='ocrx_word' id='word_1_348' title='bbox 190 3389 302 3444; x_wconf 89' lang='lat' dir='ltr'>omnes,</span> <span class='ocrx_word' id='word_1_349' title='bbox 329 3371 379 3450; x_wconf 92' lang='lat' dir='ltr'>qni</span> <span class='ocrx_word' id='word_1_350' title='bbox 404 3371 591 3450; x_wconf 89' lang='lat' dir='ltr'>religionem,</span> <span class='ocrx_word' id='word_1_351' title='bbox 618 3369 665 3450; x_wconf 93' lang='lat' dir='ltr'>qui</span> <span class='ocrx_word' id='word_1_352' title='bbox 695 3379 777 3432; x_wconf 90' lang='lat' dir='ltr'>artes</span> <span class='ocrx_word' id='word_1_353' title='bbox 807 3370 904 3448; x_wconf 88' lang='lat' dir='ltr'>magis</span> <span class='ocrx_word' id='word_1_354' title='bbox 936 3367 1124 3430; x_wconf 88' lang='lat' dir='ltr'>necessarias</span> <span class='ocrx_word' id='word_1_355' title='bbox 1155 3366 1343 3440; x_wconf 88' lang='lat' dir='ltr'>tractabant;</span> <span class='ocrx_word' id='word_1_356' title='bbox 1373 3364 1456 3426; x_wconf 91' lang='lat' dir='ltr'>solus</span> 
     </span>
     <span class='ocr_line' id='line_1_36' title="bbox 103 3454 1454 3539; baseline -0.001 -22"><span class='ocrx_word' id='word_1_357' title='bbox 103 3469 234 3539; x_wconf 85' lang='lat' dir='ltr'>superest</span> <span class='ocrx_word' id='word_1_358' title='bbox 255 3460 498 3534; x_wconf 88' lang='lat' dir='ltr'>mathematicus,</span> <span class='ocrx_word' id='word_1_359' title='bbox 524 3479 580 3539; x_wconf 90' lang='lat' dir='ltr'>quo</span> <span class='ocrx_word' id='word_1_360' title='bbox 605 3478 707 3520; x_wconf 87' lang='lat' dir='ltr'>carere</span> <span class='ocrx_word' id='word_1_361' title='bbox 722 3459 852 3520; x_wconf 87' lang='lat' dir='ltr'>omniurn</span> <span class='ocrx_word' id='word_1_362' title='bbox 869 3458 1010 3519; x_wconf 82' lang='lat' dir='ltr'>facillime</span> <span class='ocrx_word' id='word_1_363' title='bbox 1025 3475 1114 3536; x_wconf 89' lang='lat' dir='ltr'>posse</span> <span class='ocrx_word' id='word_1_364' title='bbox 1133 3474 1310 3535; x_wconf 88' lang='lat' dir='ltr'>persuasum</span> <span class='ocrx_word' id='word_1_365' title='bbox 1331 3454 1454 3516; x_wconf 88' lang='lat' dir='ltr'>habent.</span> 
     </span>
     <span class='ocr_line' id='line_1_37' title="bbox 103 3543 1456 3626; baseline -0.001 -20"><span class='ocrx_word' id='word_1_366' title='bbox 103 3547 242 3610; x_wconf 87' lang='lat' dir='ltr'>intanta</span> <span class='ocrx_word' id='word_1_367' title='bbox 265 3548 508 3620; x_wconf 86' lang='lat' dir='ltr'>exacerbatione,</span> <span class='ocrx_word' id='word_1_368' title='bbox 536 3557 582 3610; x_wconf 89' lang='lat' dir='ltr'>tot</span> <span class='ocrx_word' id='word_1_369' title='bbox 606 3548 748 3610; x_wconf 90' lang='lat' dir='ltr'>bonorum</span> <span class='ocrx_word' id='word_1_370' title='bbox 773 3548 901 3610; x_wconf 89' lang='lat' dir='ltr'>virorum</span> <span class='ocrx_word' id='word_1_371' title='bbox 926 3545 1034 3620; x_wconf 85' lang='lat' dir='ltr'>exiliis,</span> <span class='ocrx_word' id='word_1_372' title='bbox 1061 3564 1120 3626; x_wconf 92' lang='lat' dir='ltr'>qna</span> <span class='ocrx_word' id='word_1_373' title='bbox 1144 3544 1240 3607; x_wconf 80' lang='lat' dir='ltr'>fronte</span> <span class='ocrx_word' id='word_1_374' title='bbox 1256 3543 1361 3604; x_wconf 87' lang='lat' dir='ltr'>otiosis</span> <span class='ocrx_word' id='word_1_375' title='bbox 1381 3543 1456 3604; x_wconf 88' lang='lat' dir='ltr'>meis</span> 
     </span>
     <span class='ocr_line' id='line_1_38' title="bbox 105 3631 1454 3717; baseline -0.004 -21"><span class='ocrx_word' id='word_1_376' title='bbox 105 3637 354 3713; x_wconf 88' lang='lat' dir='ltr'>speculationibus</span> <span class='ocrx_word' id='word_1_377' title='bbox 378 3637 507 3717; x_wconf 86' lang='lat' dir='ltr'>amplius</span> <span class='ocrx_word' id='word_1_378' title='bbox 532 3637 682 3716; x_wconf 89' lang='lat' dir='ltr'>quidpiam</span> <span class='ocrx_word' id='word_1_379' title='bbox 706 3636 842 3714; x_wconf 90' lang='lat' dir='ltr'>petiero?</span> <span class='ocrx_word' id='word_1_380' title='bbox 888 3637 994 3714; x_wconf 90' lang='lat' dir='ltr'>ltaque</span> <span class='ocrx_word' id='word_1_381' title='bbox 1022 3635 1048 3696; x_wconf 89' lang='lat' dir='ltr'>si</span> <span class='ocrx_word' id='word_1_382' title='bbox 1076 3634 1220 3712; x_wconf 90' lang='lat' dir='ltr'>languent</span> <span class='ocrx_word' id='word_1_383' title='bbox 1252 3650 1320 3692; x_wconf 87' lang='lat' dir='ltr'>mea</span> <span class='ocrx_word' id='word_1_384' title='bbox 1343 3631 1454 3707; x_wconf 81' lang='lat' dir='ltr'>studia,</span> 
     </span>
     <span class='ocr_line' id='line_1_39' title="bbox 105 3720 1456 3804; baseline 0 -22"><span class='ocrx_word' id='word_1_385' title='bbox 105 3723 128 3782; x_wconf 88' lang='lat' dir='ltr'>si</span> <span class='ocrx_word' id='word_1_386' title='bbox 153 3734 279 3788; x_wconf 87' lang='lat' dir='ltr'>conatus</span> <span class='ocrx_word' id='word_1_387' title='bbox 308 3726 510 3800; x_wconf 89' lang='lat' dir='ltr'>intercidunt,</span> <span class='ocrx_word' id='word_1_388' title='bbox 541 3727 568 3788; x_wconf 92' lang='lat' dir='ltr'>si</span> <span class='ocrx_word' id='word_1_389' title='bbox 598 3725 830 3804; x_wconf 75' lang='lat' dir='ltr'>exoptatissima</span> <span class='ocrx_word' id='word_1_390' title='bbox 862 3723 1106 3802; x_wconf 86' lang='lat' dir='ltr'>Magnificentiae</span> <span class='ocrx_word' id='word_1_391' title='bbox 1139 3729 1210 3782; x_wconf 87' lang='lat' dir='ltr'>tuae</span> <span class='ocrx_word' id='word_1_392' title='bbox 1242 3720 1456 3800; x_wconf 91' lang='lat' dir='ltr'>promtitudine</span> 
     </span>
     <span class='ocr_line' id='line_1_40' title="bbox 105 3809 1458 3892; baseline -0.001 -20"><span class='ocrx_word' id='word_1_393' title='bbox 105 3813 138 3872; x_wconf 93' lang='lat' dir='ltr'>ad</span> <span class='ocrx_word' id='word_1_394' title='bbox 159 3816 378 3892; x_wconf 87' lang='lat' dir='ltr'>promovendas</span> <span class='ocrx_word' id='word_1_395' title='bbox 402 3834 485 3876; x_wconf 90' lang='lat' dir='ltr'>meas</span> <span class='ocrx_word' id='word_1_396' title='bbox 509 3814 736 3876; x_wconf 90' lang='lat' dir='ltr'>observationes</span> <span class='ocrx_word' id='word_1_397' title='bbox 761 3823 791 3874; x_wconf 92' lang='lat' dir='ltr'>et</span> <span class='ocrx_word' id='word_1_398' title='bbox 815 3813 998 3877; x_wconf 83' lang='lat' dir='ltr'>conficienda</span> <span class='ocrx_word' id='word_1_399' title='bbox 1019 3811 1216 3873; x_wconf 89' lang='lat' dir='ltr'>instrumenta</span> <span class='ocrx_word' id='word_1_400' title='bbox 1236 3810 1263 3869; x_wconf 95' lang='lat' dir='ltr'>in</span> <span class='ocrx_word' id='word_1_401' title='bbox 1283 3809 1458 3886; x_wconf 88' lang='lat' dir='ltr'>praesentia</span> 
     </span>
     <span class='ocr_line' id='line_1_41' title="bbox 105 3897 1456 3984; baseline -0.003 -22"><span class='ocrx_word' id='word_1_402' title='bbox 105 3903 143 3963; x_wconf 93' lang='lat' dir='ltr'>nti</span> <span class='ocrx_word' id='word_1_403' title='bbox 163 3921 287 3984; x_wconf 87' lang='lat' dir='ltr'>nequeo,</span> <span class='ocrx_word' id='word_1_404' title='bbox 313 3903 512 3966; x_wconf 89' lang='lat' dir='ltr'>habitationis</span> <span class='ocrx_word' id='word_1_405' title='bbox 537 3923 578 3966; x_wconf 89' lang='lat' dir='ltr'>so.</span> <span class='ocrx_word' id='word_1_406' title='bbox 604 3903 752 3964; x_wconf 87' lang='lat' dir='ltr'>incertus:</span> <span class='ocrx_word' id='word_1_407' title='bbox 778 3902 896 3979; x_wconf 84' lang='lat' dir='ltr'>&#39;culpam</span> <span class='ocrx_word' id='word_1_408' title='bbox 915 3919 1030 3962; x_wconf 88' lang='lat' dir='ltr'>omnem</span> <span class='ocrx_word' id='word_1_409' title='bbox 1046 3899 1075 3962; x_wconf 92' lang='lat' dir='ltr'>in</span> <span class='ocrx_word' id='word_1_410' title='bbox 1095 3897 1259 3978; x_wconf 85' lang='lat' dir='ltr'>religionis,</span> <span class='ocrx_word' id='word_1_411' title='bbox 1274 3897 1303 3958; x_wconf 92' lang='lat' dir='ltr'>in</span> <span class='ocrx_word' id='word_1_412' title='bbox 1324 3897 1456 3960; x_wconf 80' lang='lat' dir='ltr'>familiae</span> 
     </span>
     <span class='ocr_line' id='line_1_42' title="bbox 105 3987 1455 4066; baseline -0.001 -17"><span class='ocrx_word' id='word_1_413' title='bbox 105 4008 197 4054; x_wconf 88' lang='lat' dir='ltr'>curam</span> <span class='ocrx_word' id='word_1_414' title='bbox 219 3993 369 4054; x_wconf 80' lang='lat' dir='ltr'>conferes.</span> <span class='ocrx_word' id='word_1_415' title='bbox 416 3993 523 4055; x_wconf 89' lang='lat' dir='ltr'>Petam</span> <span class='ocrx_word' id='word_1_416' title='bbox 547 3993 647 4054; x_wconf 75' lang='lat' dir='ltr'>tamen</span> <span class='ocrx_word' id='word_1_417' title='bbox 673 3994 724 4066; x_wconf 88' lang='lat' dir='ltr'>(ne</span> <span class='ocrx_word' id='word_1_418' title='bbox 749 3999 938 4052; x_wconf 87' lang='lat' dir='ltr'>contemnere</span> <span class='ocrx_word' id='word_1_419' title='bbox 962 3988 1201 4050; x_wconf 86' lang='lat' dir='ltr'>benevolentiam</span> <span class='ocrx_word' id='word_1_420' title='bbox 1226 3993 1307 4047; x_wconf 89' lang='lat' dir='ltr'>tuam</span> <span class='ocrx_word' id='word_1_421' title='bbox 1325 3987 1455 4060; x_wconf 87' lang='lat' dir='ltr'>videar),</span> 
     </span>
     <span class='ocr_line' id='line_1_43' title="bbox 105 4073 1455 4162; baseline -0.004 -22"><span class='ocrx_word' id='word_1_422' title='bbox 105 4081 175 4160; x_wconf 94' lang='lat' dir='ltr'>quod</span> <span class='ocrx_word' id='word_1_423' title='bbox 197 4081 270 4144; x_wconf 84' lang='lat' dir='ltr'>milui</span> <span class='ocrx_word' id='word_1_424' title='bbox 293 4081 362 4142; x_wconf 90' lang='lat' dir='ltr'>vivo</span> <span class='ocrx_word' id='word_1_425' title='bbox 387 4099 505 4162; x_wconf 89' lang='lat' dir='ltr'>semper</span> <span class='ocrx_word' id='word_1_426' title='bbox 527 4082 601 4144; x_wconf 89' lang='lat' dir='ltr'>utile</span> <span class='ocrx_word' id='word_1_427' title='bbox 627 4081 693 4143; x_wconf 88' lang='lat' dir='ltr'>erit.</span> <span class='ocrx_word' id='word_1_428' title='bbox 740 4078 1011 4143; x_wconf 89' lang='lat' dir='ltr'>Observationibns</span> <span class='ocrx_word' id='word_1_429' title='bbox 1034 4075 1174 4138; x_wconf 89' lang='lat' dir='ltr'>Werneri</span> <span class='ocrx_word' id='word_1_430' title='bbox 1198 4093 1296 4137; x_wconf 92' lang='lat' dir='ltr'>carco.</span> <span class='ocrx_word' id='word_1_431' title='bbox 1341 4073 1455 4136; x_wconf 84' lang='lat' dir='ltr'>Exem-</span> 
     </span>
     <span class='ocr_line' id='line_1_44' title="bbox 104 4163 1456 4251; baseline -0.004 -23"><span class='ocrx_word' id='word_1_432' title='bbox 104 4168 193 4248; x_wconf 88' lang='lat' dir='ltr'>plaria</span> <span class='ocrx_word' id='word_1_433' title='bbox 228 4180 302 4251; x_wconf 88' lang='lat' dir='ltr'>post</span> <span class='ocrx_word' id='word_1_434' title='bbox 343 4177 390 4230; x_wconf 88' lang='lat' dir='ltr'>tot</span> <span class='ocrx_word' id='word_1_435' title='bbox 426 4190 521 4232; x_wconf 90' lang='lat' dir='ltr'>annos</span> <span class='ocrx_word' id='word_1_436' title='bbox 556 4170 703 4231; x_wconf 88' lang='lat' dir='ltr'>distracta</span> <span class='ocrx_word' id='word_1_437' title='bbox 735 4169 835 4230; x_wconf 88' lang='lat' dir='ltr'>omnia</span> <span class='ocrx_word' id='word_1_438' title='bbox 876 4167 1026 4230; x_wconf 82' lang='lat' dir='ltr'>existimo.</span> <span class='ocrx_word' id='word_1_439' title='bbox 1078 4163 1112 4226; x_wconf 88' lang='lat' dir='ltr'>Si</span> <span class='ocrx_word' id='word_1_440' title='bbox 1145 4164 1223 4243; x_wconf 91' lang='lat' dir='ltr'>quod</span> <span class='ocrx_word' id='word_1_441' title='bbox 1254 4181 1347 4242; x_wconf 90' lang='lat' dir='ltr'>penas</span> <span class='ocrx_word' id='word_1_442' title='bbox 1390 4165 1456 4223; x_wconf 91' lang='lat' dir='ltr'>Vos</span> 
     </span>
     <span class='ocr_line' id='line_1_45' title="bbox 106 4251 1455 4340; baseline -0.006 -22"><span class='ocrx_word' id='word_1_443' title='bbox 106 4261 250 4340; x_wconf 73' lang='lat' dir='ltr'>exemplar</span> <span class='ocrx_word' id='word_1_444' title='bbox 274 4267 333 4334; x_wconf 89' lang='lat' dir='ltr'>est,</span> <span class='ocrx_word' id='word_1_445' title='bbox 350 4259 381 4320; x_wconf 93' lang='lat' dir='ltr'>id</span> <span class='ocrx_word' id='word_1_446' title='bbox 404 4275 543 4338; x_wconf 88' lang='lat' dir='ltr'>proceres</span> <span class='ocrx_word' id='word_1_447' title='bbox 568 4258 663 4320; x_wconf 85' lang='lat' dir='ltr'>nostri</span> <span class='ocrx_word' id='word_1_448' title='bbox 688 4257 791 4320; x_wconf 87' lang='lat' dir='ltr'>libenti</span> <span class='ocrx_word' id='word_1_449' title='bbox 820 4257 918 4318; x_wconf 92' lang='lat' dir='ltr'>animo</span> <span class='ocrx_word' id='word_1_450' title='bbox 943 4261 1171 4335; x_wconf 86' lang='lat' dir='ltr'>quantacunque</span> <span class='ocrx_word' id='word_1_451' title='bbox 1194 4252 1321 4330; x_wconf 86' lang='lat' dir='ltr'>pecunia</span> <span class='ocrx_word' id='word_1_452' title='bbox 1343 4251 1455 4311; x_wconf 85' lang='lat' dir='ltr'>biblio-</span> 
     </span>
     <span class='ocr_line' id='line_1_46' title="bbox 106 4339 1454 4425; baseline -0.007 -19"><span class='ocrx_word' id='word_1_453' title='bbox 106 4347 201 4409; x_wconf 86' lang='lat' dir='ltr'>thecae</span> <span class='ocrx_word' id='word_1_454' title='bbox 224 4367 299 4410; x_wconf 88' lang='lat' dir='ltr'>suae</span> <span class='ocrx_word' id='word_1_455' title='bbox 325 4357 472 4410; x_wconf 88' lang='lat' dir='ltr'>asserent.</span> <span class='ocrx_word' id='word_1_456' title='bbox 525 4347 586 4410; x_wconf 89' lang='lat' dir='ltr'>Sed</span> <span class='ocrx_word' id='word_1_457' title='bbox 615 4354 646 4408; x_wconf 92' lang='lat' dir='ltr'>et</span> <span class='ocrx_word' id='word_1_458' title='bbox 673 4346 700 4406; x_wconf 93' lang='lat' dir='ltr'>si</span> <span class='ocrx_word' id='word_1_459' title='bbox 733 4347 798 4425; x_wconf 91' lang='lat' dir='ltr'>quis</span> <span class='ocrx_word' id='word_1_460' title='bbox 831 4345 908 4406; x_wconf 91' lang='lat' dir='ltr'>alius</span> <span class='ocrx_word' id='word_1_461' title='bbox 936 4343 1164 4404; x_wconf 88' lang='lat' dir='ltr'>observationes</span> <span class='ocrx_word' id='word_1_462' title='bbox 1197 4359 1268 4401; x_wconf 90' lang='lat' dir='ltr'>snas</span> <span class='ocrx_word' id='word_1_463' title='bbox 1299 4339 1326 4398; x_wconf 95' lang='lat' dir='ltr'>iu</span> <span class='ocrx_word' id='word_1_464' title='bbox 1361 4339 1454 4399; x_wconf 90' lang='lat' dir='ltr'>lucem</span> 
     </span>
     <span class='ocr_line' id='line_1_47' title="bbox 105 4423 1454 4517; baseline -0.008 -23"><span class='ocrx_word' id='word_1_465' title='bbox 105 4435 255 4510; x_wconf 82' lang='lat' dir='ltr'>edidisset,</span> <span class='ocrx_word' id='word_1_466' title='bbox 283 4435 351 4516; x_wconf 88' lang='lat' dir='ltr'>ejus</span> <span class='ocrx_word' id='word_1_467' title='bbox 385 4455 441 4517; x_wconf 91' lang='lat' dir='ltr'>ego</span> <span class='ocrx_word' id='word_1_468' title='bbox 466 4455 571 4498; x_wconf 90' lang='lat' dir='ltr'>noman</span> <span class='ocrx_word' id='word_1_469' title='bbox 595 4437 622 4498; x_wconf 89' lang='lat' dir='ltr'>si</span> <span class='ocrx_word' id='word_1_470' title='bbox 646 4435 757 4508; x_wconf 89' lang='lat' dir='ltr'>sciero,</span> <span class='ocrx_word' id='word_1_471' title='bbox 790 4433 1000 4496; x_wconf 88' lang='lat' dir='ltr'>adminiculum</span> <span class='ocrx_word' id='word_1_472' title='bbox 1029 4431 1057 4491; x_wconf 91' lang='lat' dir='ltr'>id</span> <span class='ocrx_word' id='word_1_473' title='bbox 1083 4431 1153 4492; x_wconf 89' lang='lat' dir='ltr'>milri</span> <span class='ocrx_word' id='word_1_474' title='bbox 1177 4429 1236 4489; x_wconf 91' lang='lat' dir='ltr'>erit</span> <span class='ocrx_word' id='word_1_475' title='bbox 1258 4423 1454 4504; x_wconf 88' lang='lat' dir='ltr'>comparandi</span> 
     </span>
     <span class='ocr_line' id='line_1_48' title="bbox 105 4511 1454 4612; baseline -0.012 -28"><span class='ocrx_word' id='word_1_476' title='bbox 105 4525 204 4602; x_wconf 89' lang='lat' dir='ltr'>operis.</span> <span class='ocrx_word' id='word_1_477' title='bbox 253 4523 335 4598; x_wconf 86' lang='lat' dir='ltr'>Quin</span> <span class='ocrx_word' id='word_1_478' title='bbox 362 4525 419 4586; x_wconf 91' lang='lat' dir='ltr'>imo</span> <span class='ocrx_word' id='word_1_479' title='bbox 444 4525 492 4586; x_wconf 82' lang='lat' dir='ltr'>vel</span> <span class='ocrx_word' id='word_1_480' title='bbox 515 4525 646 4604; x_wconf 88' lang='lat' dir='ltr'>scriptas</span> <span class='ocrx_word' id='word_1_481' title='bbox 670 4543 754 4598; x_wconf 89' lang='lat' dir='ltr'>amn,</span> <span class='ocrx_word' id='word_1_482' title='bbox 789 4524 877 4586; x_wconf 91' lang='lat' dir='ltr'>modo</span> <span class='ocrx_word' id='word_1_483' title='bbox 908 4521 945 4583; x_wconf 90' lang='lat' dir='ltr'>de</span> <span class='ocrx_word' id='word_1_484' title='bbox 974 4518 1096 4582; x_wconf 87' lang='lat' dir='ltr'>artificis</span> <span class='ocrx_word' id='word_1_485' title='bbox 1128 4526 1159 4580; x_wconf 89' lang='lat' dir='ltr'>et</span> <span class='ocrx_word' id='word_1_486' title='bbox 1183 4511 1373 4612; x_wconf 80' lang='lat' dir='ltr'>amanuensis</span> <span class='ocrx_word' id='word_1_487' title='bbox 1397 4511 1454 4610; x_wconf 78' lang='lat' dir='ltr'>l&#39;qde</span> 
     </span>
     <span class='ocr_line' id='line_1_49' title="bbox 104 4599 1455 4698; baseline -0.013 -25"><span class='ocrx_word' id='word_1_488' title='bbox 104 4622 244 4676; x_wconf 69' lang='lat' dir='ltr'>euusmnt.</span> <span class='ocrx_word' id='word_1_489' title='bbox 293 4615 397 4693; x_wconf 83' lang='lat' dir='ltr'>Atque</span> <span class='ocrx_word' id='word_1_490' title='bbox 431 4615 486 4676; x_wconf 86' lang='lat' dir='ltr'>hac</span> <span class='ocrx_word' id='word_1_491' title='bbox 518 4615 548 4676; x_wconf 92' lang='lat' dir='ltr'>in</span> <span class='ocrx_word' id='word_1_492' title='bbox 579 4632 611 4675; x_wconf 89' lang='lat' dir='ltr'>re</span> <span class='ocrx_word' id='word_1_493' title='bbox 640 4622 712 4693; x_wconf 92' lang='lat' dir='ltr'>post</span> <span class='ocrx_word' id='word_1_494' title='bbox 739 4620 854 4674; x_wconf 87' lang='lat' dir='ltr'>sumtus</span> <span class='ocrx_word' id='word_1_495' title='bbox 879 4611 918 4671; x_wconf 88' lang='lat' dir='ltr'>ad</span> <span class='ocrx_word' id='word_1_496' title='bbox 941 4611 1142 4671; x_wconf 87' lang='lat' dir='ltr'>instrumenta</span> <span class='ocrx_word' id='word_1_497' title='bbox 1164 4604 1238 4666; x_wconf 92' lang='lat' dir='ltr'>nihil</span> <span class='ocrx_word' id='word_1_498' title='bbox 1261 4599 1332 4660; x_wconf 83' lang='lat' dir='ltr'>mrhr</span> <span class='ocrx_word' id='word_1_499' title='bbox 1356 4615 1455 4698; x_wconf 71' lang='lat' dir='ltr'>majus</span> 
     </span>
     <span class='ocr_line' id='line_1_50' title="bbox 105 4691 1454 4784; baseline -0.009 -26"><span class='ocrx_word' id='word_1_500' title='bbox 105 4703 144 4763; x_wconf 85' lang='lat' dir='ltr'>rel</span> <span class='ocrx_word' id='word_1_501' title='bbox 167 4723 219 4766; x_wconf 87' lang='lat' dir='ltr'>rex</span> <span class='ocrx_word' id='word_1_502' title='bbox 241 4701 395 4784; x_wconf 89' lang='lat' dir='ltr'>quispiam</span> <span class='ocrx_word' id='word_1_503' title='bbox 422 4711 578 4784; x_wconf 86' lang='lat' dir='ltr'>praestare</span> <span class='ocrx_word' id='word_1_504' title='bbox 602 4701 710 4783; x_wconf 87' lang='lat' dir='ltr'>possit,</span> <span class='ocrx_word' id='word_1_505' title='bbox 731 4719 819 4780; x_wconf 92' lang='lat' dir='ltr'>quam</span> <span class='ocrx_word' id='word_1_506' title='bbox 843 4697 1049 4779; x_wconf 86' lang='lat' dir='ltr'>hujuscemodi</span> <span class='ocrx_word' id='word_1_507' title='bbox 1068 4691 1309 4757; x_wconf 86' lang='lat' dir='ltr'>observationum</span> <span class='ocrx_word' id='word_1_508' title='bbox 1335 4701 1454 4763; x_wconf 80' lang='lat' dir='ltr'>copiam</span> 
     </span>
     <span class='ocr_line' id='line_1_51' title="bbox 105 4791 243 4857; baseline 0.029 -5"><span class='ocrx_word' id='word_1_509' title='bbox 105 4791 243 4857; x_wconf 88' lang='lat' dir='ltr'>iaciendo.</span> 
     </span>
    </p>
   </div>
   <div class='ocr_carea' id='block_1_5' title="bbox 0 0 1776 5528">
    <p class='ocr_par' dir='ltr' id='par_1_7' title="bbox 0 0 1776 5528">
     <span class='ocr_line' id='line_1_52' title="bbox 0 0 1776 5528; baseline 0 0"><span class='ocrx_word' id='word_1_510' title='bbox 0 0 1776 5528; x_wconf 95' lang='lat' dir='ltr'> </span> 
     </span>
    </p>
   </div>
  </div>
 </body>
</html>
