3698 5516
337 296 402 364 242
892 297 1014 362 Apologia
1031 295 1154 360 Tychonis

339 477 389 522 soa
412 455 646 532 astronomicas,
678 456 736 531 ait,
774 474 843 518 esse
872 454 1002 517 effictam
1027 454 1261 519 delineationem
1294 452 1490 532 imaginariae
1519 469 1577 514 non
1608 469 1701 514 verae

338 554 371 610 ot
392 545 537 626 genuinae
566 545 679 607 formae
703 543 880 626 systematis
904 543 1055 606 mundani.
1103 540 1220 612 Quibus
1255 542 1355 604 uerbis
1387 549 1491 621 aperte
1519 547 1615 618 negat
1642 540 1700 622 hy-

337 633 477 715 pothesin
501 653 584 702 esse.
619 652 695 714 quae
719 651 777 694 nnn
802 633 844 694 sit
867 633 954 694 falsa.
1001 629 1168 693 Confirmat
1192 631 1268 693 hanc
1291 649 1380 694 suem
1400 628 1584 691 sententiam
1608 628 1701 708 paulo

337 731 421 804 post,
451 720 501 783 ubi
525 721 582 796 ait,
612 720 686 784 nihil
710 721 792 782 aliud
816 739 884 781 esse
908 720 1108 822 hypotheses,
1144 738 1233 798 quam
1257 726 1427 780 commenta
1450 717 1610 798 quaedam.
1659 714 1702 776 Et

337 810 460 874 inierim
484 809 536 884 ait,
561 828 620 871 non
645 809 707 870 iore
731 808 915 888 hypotheses
940 809 965 870 si
989 827 1079 870 verae
1105 807 1177 868 sint.
1230 808 1320 870 ltem:
1346 806 1497 886 proprium
1517 824 1585 866 esse
1600 805 1702 885 hypo-

338 898 485 969 thesium,
516 917 553 958 ex
576 899 656 961 ialso
680 914 784 958 verum
808 897 968 959 sciscitari.
1016 894 1117 968 Quare
1148 898 1311 958 secundum
1335 895 1413 958 hanc
1436 894 1622 978 sententiam
1646 911 1703 954 nee

339 987 505 1049 movebitur
529 986 623 1048 Terra
656 1005 711 1048 neo
735 986 880 1065 quiescet.
926 984 1093 1064 Utramque
1118 985 1196 1047 enim
1221 983 1401 1064 hypothesin
1423 970 1519 1045 Ursus
1544 981 1702 1045 fatebitur.

338 1075 380 1137 lit
402 1076 483 1138 mille
507 1074 592 1136 talia.
640 1073 702 1136 Sed
726 1074 783 1136 hoc
806 1082 973 1136 monstrum
998 1073 1111 1135 delinit
1088 1072 1178 1134 tronis
1205 1073 1268 1151 jam
1292 1081 1384 1134 antea
1407 1070 1484 1133 satis
1508 1080 1558 1132 est
1581 1071 1704 1132 reluta-

338 1171 401 1226 tum
433 1182 488 1226 nec
511 1162 613 1224 verbis
638 1163 758 1242 dignum
783 1169 841 1224 est.
889 1162 967 1223 Tota
990 1163 1086 1224 series
1106 1180 1239 1223 errorum
1263 1169 1372 1222 estex
1396 1160 1519 1222 sinistro
1545 1159 1704 1220 intellecto

339 1251 449 1334 etymi:
474 1245 692 1324 ὖποτιθισθαι,
726 1251 805 1330 quod
828 1251 907 1314 Urso
927 1251 1046 1312 videtur
1074 1249 1152 1312 idem
1177 1270 1244 1311 esse
1269 1250 1348 1330 qnod
1371 1249 1493 1328 lingere.
1540 1247 1587 1310 A:
1611 1266 1706 1328 supra

339 1340 478 1415 diximus,
502 1340 569 1419 quis
594 1341 658 1420 eJns
682 1339 724 1402 sit
746 1339 933 1441 significatus
958 1339 1036 1418 apud
1060 1345 1240 1419 geometras.

427 1427 544 1490 Deinde
569 1428 761 1509 hypotheses,
782 1427 835 1499 ait,
859 1427 986 1508 confingi
1011 1427 1049 1490 ad
1070 1427 1276 1494 observandos
1296 1433 1392 1486 motus
1407 1425 1568 1486 coelestes.
1616 1423 1704 1488 Haec

233 1561 235 1574 .
339 1517 492 1579 sententia
515 1517 694 1578 ediametrc
709 1525 824 1597 pugnat
846 1535 912 1578 cnm
945 1516 1084 1578 veritate.
1132 1517 1235 1577 Motus
1268 1514 1416 1576 coelestes
1442 1513 1604 1576 observare
1628 1531 1704 1592 pos-

339 1625 459 1678 sumus,
492 1604 576 1666 nulla
607 1605 696 1683 plane
729 1604 835 1667 imbuti
859 1603 997 1684 opinione
1028 1605 1117 1668 ullius
1141 1603 1349 1684 dispositionis
1372 1602 1532 1665 coelorum.
1579 1599 1705 1662 Etenim

340 1667 518 1767 observa-tio¹
537 1701 669 1756 motuum
693 1693 870 1754 coelestium
898 1701 1087 1754 astronomos
1110 1694 1275 1754 manducat
1297 1692 1335 1752 ad
1360 1690 1545 1772 hypotheses
1569 1689 1707 1769 legitime

340 1774 579 1857 constituendas,
604 1801 661 1843 non
678 1781 870 1844 econtrario.
918 1779 1007 1852 Quod
1031 1781 1108 1842 enim
1132 1781 1162 1842 in
1187 1781 1265 1844 omni
1281 1779 1451 1858 cognitione
1477 1779 1519 1854 lit,
1545 1786 1579 1840 ut
1604 1778 1645 1840 ab
1669 1777 1707 1846 iis

340 1889 417 1954 quae
440 1871 471 1932 in
494 1887 602 1932 sensus
631 1871 785 1937 incurrunt
815 1869 930 1943 exorsi,
965 1871 1074 1931 mentis
1098 1869 1264 1950 agitatione
1293 1867 1494 1948 provehamur
1517 1869 1556 1930 ad
1581 1867 1705 1940 alnon,

341 1979 418 2040 quae
445 1959 527 2021 nullo
556 1977 663 2020 sensns
696 1956 831 2020 acumine
864 1958 1075 2037 comprehendi
1108 1966 1233 2037 queunt,
1266 1957 1346 2020 idem
1379 1963 1411 2018 et
1441 1955 1470 2018 in
1500 1955 1707 2018 astronomica

340 2047 461 2127 negotio
485 2047 582 2108 locum
605 2047 710 2120 habet,
746 2047 793 2108 uhi
818 2046 944 2125 primum
972 2046 1073 2108 varios
1103 2047 1295 2125 planetarum
1324 2045 1401 2106 situs
1429 2044 1559 2107 diversis
1582 2053 1706 2124 tompo-

340 2135 422 2198 ribus
446 2137 540 2197 oculis
564 2142 716 2208 notamus,
748 2133 853 2213 quibos
877 2133 1138 2196 observationibus
1162 2134 1354 2196 ratiocinatio
1378 2133 1593 2213 superveniens
1619 2151 1708 2194 men·

340 2233 402 2286 tem
424 2224 454 2284 in
478 2223 678 2302 coguitionem
703 2222 817 2284 formae
841 2222 1009 2284 mundanae
1033 2223 1170 2296 deducit,
1199 2223 1284 2302 cujus
1299 2221 1419 2303 quidem
1444 2222 1557 2285 formae
1572 2221 1706 2284 munda-

340 2331 397 2374 nae
421 2311 465 2372 sio
488 2329 527 2372 ex
549 2310 810 2372 observationibus
833 2310 992 2374 conclusae
1018 2311 1181 2376 delineatio
1198 2310 1409 2392 hypothesium
1434 2311 1707 2374 astronomicarum

341 2399 531 2480 postmodum
554 2417 660 2460 nomen
685 2398 873 2479 adipiscitur.

427 2487 530 2549 Tertio
562 2495 750 2550 astronomos
783 2487 812 2548 iu
842 2487 874 2549 id
902 2488 1011 2550 saltem
1043 2487 1199 2550 elaborare
1230 2487 1311 2560 vult,
1343 2494 1376 2548 ut
1406 2506 1444 2548 ex
1469 2489 1615 2550 assumtis
1640 2488 1707 2550 suis

341 2576 559 2679 hypothesibus
583 2575 729 2638 rationem
753 2576 882 2638 reddant
904 2583 1039 2638 motuum
1058 2575 1233 2638 coelestium
1257 2576 1459 2678 doceantque,
1491 2576 1596 2656 quales
1618 2576 1706 2640 intu-

341 2666 384 2728 ris
417 2664 601 2744 temporibus
634 2665 800 2744 apparituri
832 2665 904 2726 sint.
960 2665 1067 2744 Neque
1095 2663 1143 2726 hic
1180 2663 1244 2725 sine
1277 2663 1454 2742 exceptione
1483 2681 1585 2726 vernm
1619 2666 1706 2727 dicit
1777 2706 1779 2712 .

342 2754 422 2820 Nam
446 2753 504 2814 etsi
528 2753 595 2825 hoe,
619 2753 698 2833 quod
722 2753 805 2828 dicit,
831 2752 995 2814 astronomi
1019 2751 1192 2831 primarium
1217 2743 1422 2826 eatofficium,
1447 2770 1506 2814 non
1530 2760 1708 2816 esttamen

343 2850 535 2904 astronomus
560 2861 576 2902 e
601 2849 690 2904 coetu
712 2841 974 2922 philosophorum,
1004 2841 1054 2920 qui
1078 2840 1115 2901 de
1139 2859 1236 2904 rerum
1268 2849 1376 2902 natura
1400 2848 1563 2919 quaerunt,
1597 2843 1705 2905 exolut-

343 2929 469 2992 dendus.
516 2931 600 2993 Bene
625 2931 759 3010 fungitur
781 2929 880 2991 officio
905 2929 1078 3004 astronomi,
1104 2926 1154 3008 qui
1178 2930 1422 3030 quamproxime
1446 2936 1547 2994 motus
1570 2938 1603 2993 et
1626 2931 1709 2994 situs

342 3019 499 3082 stellarum
522 3018 688 3099 praedicit:
714 3018 821 3080 melius
846 3027 946 3080 tamen
971 3017 1045 3080 iacit
1071 3025 1101 3079 et
1124 3017 1232 3096 majori
1254 3017 1344 3079 laude
1363 3018 1470 3098 dignus
1492 3017 1629 3094 habetur,
1656 3019 1710 3100 qni

342 3116 465 3189 praeter
494 3107 551 3169 hoc
582 3107 674 3168 etiam
699 3126 787 3168 veras
818 3107 855 3168 de
885 3106 987 3190 mundi
1015 3106 1111 3167 forma
1141 3107 1310 3168 sententias
1338 3106 1471 3169 adhibet
1518 3107 1574 3168 Ille
1597 3126 1709 3188 nempe

343 3214 447 3258 verum
476 3195 574 3276 quoad
602 3195 697 3256 visum
732 3195 899 3257 concludit:
931 3193 1060 3255 hicnon
1091 3202 1209 3256 tantum
1233 3193 1309 3256 visui
1333 3193 1515 3258 concludens
1538 3196 1708 3270 satisfacit,

344 3284 399 3346 sed
423 3284 517 3345 etiam
541 3290 668 3344 naturae
690 3283 912 3362 penitissimam
936 3281 1061 3344 formam
1084 3282 1287 3345 concludendo
1315 3283 1526 3364 amplectitur,
1555 3294 1710 3364 utsupra

344 3371 402 3434 suit
435 3371 626 3451 explicatum.
680 3373 785 3451 Neque
815 3372 864 3432 hic
896 3370 1082 3433 solummodo
1115 3372 1239 3433 ideam
1270 3371 1402 3452 aliquam
1434 3372 1505 3435 boni
1538 3372 1710 3436 astronomi

345 3461 499 3524 describo:
534 3459 673 3540 exempla
700 3469 871 3540 suppetunt.
917 3460 987 3523 Non
1020 3459 1302 3530 fuitneoessarinm
1326 3461 1488 3524 admotus
1515 3463 1710 3540 planetarum

345 3548 573 3630 praedicendos,
599 3556 632 3609 ut
655 3548 849 3611 Ptolemaeus
875 3549 912 3609 de
936 3548 1040 3610 ordine
1067 3549 1263 3630 sphaerarum
1289 3549 1469 3628 disputaret,
1498 3557 1531 3612 et
1548 3550 1579 3612 id
1602 3559 1709 3614 umen

345 3639 370 3699 is
395 3638 556 3716 diligenter
579 3637 662 3699 iecit.
709 3636 778 3699 Non
803 3637 860 3700 luit
881 3637 1085 3700 necessarium
1109 3639 1147 3699 ad
1173 3645 1272 3700 motus
1294 3638 1485 3717 planetarum
1509 3640 1625 3702 calculo
1648 3659 1710 3702 ex-

343 3726 524 3804 promeudos
548 3733 580 3785 et
602 3725 836 3805 praedicendos,
868 3735 902 3788 ut
926 3724 1110 3805 Oopemicus
1139 3735 1170 3787 et
1204 3733 1276 3805 post
1299 3727 1381 3790 illum
1404 3727 1443 3788 D.
1469 3727 1571 3810 Tycho
1595 3747 1710 3794 causas

345 3813 537 3892 inquirerent,
564 3832 615 3874 cur
639 3815 780 3892 planetae
805 3813 972 3894 ἀκροιυχιοι
995 3814 1069 3875 fiant
1084 3815 1185 3876 Terris
1208 3815 1345 3893 proximi.
1391 3814 1540 3878 Poterant
1554 3817 1633 3879 enim
1657 3818 1711 3880 vel

345 3901 533 3960 Ptolemaica
569 3901 664 3962 forma
705 3902 854 3967 coelorum
883 3904 928 3964 usi
966 3901 1109 3964 correctis
1147 3901 1382 3966 dimensionibus
1420 3904 1501 3966 idem
1532 3915 1708 3984 praestare.

344 3987 406 4050 Sed
425 3988 500 4052 lecit
523 4006 605 4052 amor
629 3990 858 4068 cognoscendae
882 3998 1017 4066 naturae,
1043 3999 1077 4052 nt
1100 3993 1265 4054 astronomi
1288 3993 1499 4056 astronomicis
1519 3995 1710 4073 argumentis

268 4157 271 4164 Δ
344 4078 421 4142 hanc
443 4077 584 4158 physices
608 4086 725 4156 partem
744 4080 964 4158 explorandam
988 4090 1149 4154 sumerent,
1175 4099 1229 4142 nec
1252 4081 1363 4161 injuria
1377 4081 1545 4160 gloriantur
1568 4084 1606 4145 de
1629 4103 1710 4146 sna-

342 4184 406 4227 rum
429 4166 639 4268 hypothesium
671 4185 738 4228 curn
763 4187 861 4229 rerum
886 4178 997 4230 natura
1023 4169 1245 4231 conformitate.
1292 4166 1373 4241 Quid
1398 4168 1606 4250 Copernicns?
1639 4191 1712 4235 oum

343 4254 635 4316 animadverteret'
629 4275 659 4317 m
681 4256 858 4318 Ptolemaeo
889 4257 1039 4337 quandam
1067 4257 1317 4338 inaequalitatem
1340 4268 1440 4320 motus
1473 4259 1613 4342 epicycli,
1649 4279 1712 4322 nou

342 4341 412 4422 quia
439 4342 466 4404 is
494 4349 594 4404 motus
618 4343 695 4406 viani
727 4352 760 4406 et
788 4345 993 4422 experientiae
1024 4364 1078 4406 seu
1106 4346 1311 4447 observationi
1343 4347 1515 4424 stellarum,
1549 4349 1605 4411 sed
1637 4350 1713 4430 quia

341 4450 439 4494 rerum
468 4440 594 4493 naturae
626 4441 826 4512 repugnaret,
860 4433 927 4495 ideo
950 4435 1019 4495 hine
1042 4435 1232 4499 occasionem
1255 4455 1289 4498 se
1313 4435 1455 4537 adeptum
1484 4438 1656 4540 profitetur,
1690 4459 1711 4499 a

341 4521 517 4582 Ptolemaeo
548 4519 733 4582 discedendi.
780 4521 822 4584 Et
849 4541 867 4582 o
891 4523 1032 4586 miserum
1055 4523 1267 4599 Aristotelem,
1303 4525 1445 4590 miseram
1475 4526 1541 4606 ejus
1568 4527 1710 4607 philoso-

340 4609 455 4687 phiam,
481 4626 540 4687 qua
562 4617 650 4687 parte
675 4607 865 4672 divinissima
888 4619 1045 4686 censetur,
1069 4613 1096 4673 si
1119 4613 1283 4675 astronomi
1306 4620 1370 4676 tam
1393 4615 1491 4688 malae
1516 4615 1586 4678 lidei
1608 4626 1712 4680 testes

340 4696 371 4758 in
395 4694 610 4775 philosophicis
639 4699 853 4760 controversiis
876 4701 961 4762 flunt.
1009 4701 1038 4761 ls
1063 4701 1150 4776 euim,
1176 4719 1241 4763 cum
1266 4720 1302 4763 eo
1326 4701 1509 4777 devenisset,
1534 4713 1569 4766 ut
1592 4715 1712 4768 certum

340 4783 609 4872 iutelhgentiarum
646 4785 824 4850 coelestium
851 4807 1004 4850 numerum
1037 4797 1069 4851 et
1097 4790 1232 4854 ordinem
1261 4791 1428 4874 exprimere
1459 4811 1586 4859 necesse
1615 4805 1711 4876 esset,
