3674 5528
323 257 390 328 298
754 264 856 316 thsrae
873 263 977 328 Keplerl
995 263 1145 329 aliorumque
1163 269 1265 315 mutuae

322 421 472 486 Henricus
496 423 576 485 diem
602 421 682 486 iuter
709 419 761 488 23.
786 431 818 486 et
841 422 896 489 24.
920 424 990 489 Jau.
1016 423 1063 488 St.
1090 423 1142 498 V.,
1165 425 1256 504 paulo
1279 431 1350 504 poet
1372 421 1402 484 h.
1428 415 1469 484 tt
1492 428 1684 482 nocturnam.

325 509 386 574 Sed
402 512 438 573 de
454 521 515 573 tuo.
557 511 601 575 M.
619 511 655 575 O.
672 510 798 585 28⁰&
814 515 887 575 Asc.
904 511 965 575 27⁰
975 520 1019 588 ‚M
1043 521 1154 582 <laute
1175 513 1346 592 septimam,
1363 512 1438 572 torte
1455 511 1548 571 etiam
1563 509 1593 568 iu
1610 507 1684 580 Vll,

323 607 358 660 ut
378 599 467 678 paulo
491 602 635 664 maturius
660 601 811 663 acciderit.
860 599 1062 662 Constellatio
1086 601 1273 663 validissima
1297 609 1355 661 est.
1402 599 1498 660 Aiunt
1530 603 1682 658 cometam

324 687 418 749 videri
437 687 504 766 jam
527 707 580 768 per
595 686 614 752 3
630 691 826 769 septimanas.
864 689 899 751 Id
924 691 949 750 si
966 697 1022 762 est,
1047 708 1104 751 nou
1129 709 1236 768 nempe
1251 688 1321 758 vidi,
1346 707 1405 749 uon
1420 685 1532 760 dubito,
1555 684 1625 764 quin
1643 684 1683 744 ab

323 773 382 837 illis
407 771 587 855 3planetis,
613 777 764 840 stantibus
787 777 827 853 il,
852 786 877 850 <t
900 777 929 840 in
954 777 1128 859 propinquo,
1153 774 1265 852 ΔΜ
1286 778 1433 850 diuturno,
1459 767 1533 852 Ut,
1562 781 1588 842 d
1613 773 1683 852 pla·
1720 817 1724 826 .

322 865 382 925 tico
399 859 455 937 (t).
502 861 575 926 Suiu
590 867 669 927 euim
692 867 721 928 iu
746 887 783 927 ea
802 867 950 945 opinione,
975 867 1034 928 etsi
1057 875 1175 930 cometa
1198 866 1305 945 aliquis
1320 865 1369 926 vel
1385 863 1451 944 ipsa
1466 863 1560 924 Terra
1584 861 1686 940 major

322 952 372 1024 sit,
398 960 430 1014 et
453 951 619 1015 altissimus
639 955 742 1025 etiam,
767 955 925 1017 dummodo
942 964 1052 1028 currat,
1077 955 1189 1016 Terrae
1209 955 1344 1016 sobolem
1364 973 1441 1015 esse.
1482 949 1563 1014 Cur?
1602 947 1685 1018 Quia

322 1058 451 1119 semper,
476 1042 709 1123 quotiescunque
733 1051 804 1105 sunt
817 1054 962 1118 cometae,
986 1044 1155 1123 praecessit
1176 1043 1265 1123 paulo
1285 1048 1356 1103 aute
1380 1041 1482 1102 valida
1504 1036 1535 1117 ij,
1560 1038 1684 1113 licon-

322 1128 469 1207 figuratio,
495 1137 548 1190 aut
572 1132 787 1212 aequipollens,
812 1140 845 1195 ut
869 1151 935 1194 curn
960 1139 1047 1202 dest
1062 1131 1268 1200 stationarius,
1294 1139 1357 1192 tum
1381 1128 1460 1190 enim
1483 1128 1564 1188 vires
1588 1126 1686 1186 habet

322 1225 356 1278 ut
378 1217 529 1296 superior,
547 1238 578 1280 rs
601 1238 674 1281 vera
697 1221 811 1282 tardus.
860 1218 1064 1298 configuratio
1088 1229 1204 1296 autem,
1229 1229 1263 1281 ut
1286 1218 1384 1292 nosti,
1410 1225 1442 1278 et
1465 1222 1610 1294 aspectus
1634 1223 1685 1275 est

322 1305 352 1366 iu
376 1305 479 1377 Terra,
503 1325 560 1368 nou
585 1309 615 1369 iu
640 1309 724 1369 coelo
748 1307 830 1372 alibi.
877 1309 957 1370 Vide
987 1316 1088 1371 autem
1117 1309 1328 1388 cognationem
1351 1306 1527 1368 thematum.
1575 1303 1684 1364 Habes

323 1399 355 1455 tu
380 1391 502 1472 ἅΘζέ,
528 1395 620 1458 habet
643 1404 674 1458 et
697 1397 756 1470 ille,
781 1403 906 1476 uterque
930 1399 953 1474 d
975 1398 1186 1474 posteriorem,
1212 1396 1306 1457 habes
1328 1403 1362 1457 tu
1386 1390 1501 1472 Ab),
1530 1391 1626 1452 habet
1651 1401 1684 1476 et

321 1481 372 1543 ille
397 1481 458 1544 fere
484 1477 591 1560 leli),
616 1483 709 1546 habes
734 1493 767 1546 tu
790 1485 852 1547 lere
873 1481 1006 1562 ΔῆΘ,
1030 1485 1123 1547 habet
1147 1485 1252 1547 etillc.
1291 1483 1350 1547 Ubi
1365 1483 1420 1544 tibi
1443 1478 1477 1560 li,
1504 1481 1561 1560 ipsi
1584 1477 1683 1556 GM,

320 1570 369 1632 ubi
394 1570 449 1632 tibi
474 1573 512 1645 ),
538 1571 595 1650 ipsi
619 1571 668 1646 ll,
693 1573 744 1634 ubi
768 1573 823 1634 tibi
849 1571 893 1647 Q,
924 1573 982 1652 ipsi
1006 1579 1047 1643 U·
1096 1571 1176 1636 Sunt
1197 1573 1283 1635 vobis
1309 1573 1333 1644 Ω
1358 1571 1526 1650 oppositae.
1574 1568 1683 1629 Habes

321 1666 354 1720 tu
376 1659 416 1732 ll„
440 1659 612 1735 drinium,
638 1671 671 1722 et
692 1661 754 1722 ille.
801 1660 859 1723 Ubi
883 1661 940 1722 tibi
963 1661 1006 1736 ll,
1032 1663 1095 1724 fere
1119 1661 1163 1724 illi
1186 1671 1221 1732 d.
1270 1660 1388 1721 Deinde
1412 1658 1542 1730 memini,
1567 1657 1681 1737 pleris-

320 1767 376 1827 que
401 1753 516 1808 tuomm
541 1766 609 1809 esse
633 1747 745 1828 aliquid
769 1749 798 1809 in
823 1750 953 1828 septima
976 1751 1056 1812 mali.
1094 1742 1160 1811 Hoc
1185 1751 1277 1811 etiam
1301 1749 1349 1810 hic
1374 1756 1437 1808 est:
1462 1748 1547 1808 Mars
1571 1763 1683 1824 nempe

318 1855 411 1915 prope
435 1835 605 1914 septimam.
651 1835 699 1897 Ex
723 1856 758 1898 eo
782 1845 829 1898 est
853 1837 995 1912 nonnihil,
1021 1839 1098 1918 quod
1122 1839 1202 1901 illius
1222 1837 1303 1898 vitae
1318 1843 1460 1897 metuam.
1497 1835 1577 1898 Nam
1595 1833 1684 1894 Luna

319 1923 418 2002 plena,
444 1931 475 1984 et
499 1923 549 1984 via
571 1925 672 1986 lactea
696 1927 862 1986 ascendens
887 1933 918 1986 et
941 1927 1026 1988 Mars
1051 1927 1078 1987 in
1103 1927 1168 2006 ejus
1192 1926 1341 2006 opposito,
1367 1934 1398 1986 et
1422 1923 1476 1984 Sol
1499 1929 1563 1984 tarn
1587 1941 1682 2002 prae-

319 2013 381 2074 cise
405 2013 435 2072 in
461 2012 611 2092 triangulo
625 2011 773 2089 Saturni,
803 2014 943 2077 videntur
966 2015 1087 2077 cerebro
1110 2023 1143 2077 et
1166 2015 1259 2076 oculis
1283 2012 1409 2074 nocituri
1434 2020 1466 2073 et
1488 2011 1683 2091 epilepticum

319 2099 498 2180 significare.
544 2101 673 2163 Faciunt
697 2103 787 2164 etiam
811 2103 988 2182 praecipitio
1013 2103 1173 2165 obnoxium
1198 2111 1249 2164 aut
1273 2102 1404 2180 gibbum.
1452 2099 1513 2162 Sed
1538 2101 1681 2178 triangu-

319 2190 365 2249 lus
390 2187 471 2250 Solis
495 2189 593 2250 omnia
617 2189 747 2269 mitigat.
794 2191 862 2252 Erit
885 2211 1014 2270 parcus,
1039 2199 1150 2265 tenax,
1176 2209 1213 2252 ex
1236 2191 1259 2268 tl
1282 2199 1314 2250 et
1339 2187 1378 2266 Θ
1403 2190 1433 2250 iu
1457 2185 1538 2266 Ali,
1565 2188 1681 2267 egregii

319 2275 430 2355 ingenii
463 2284 494 2336 et
521 2277 660 2356 profundi
692 2287 781 2358 atque
821 2279 981 2355 laboriosi,
1014 2287 1137 2358 propter
1166 2280 1291 2341 eundem
1323 2287 1487 2357 aspectum.
1536 2275 1680 2355 Optimus

319 2363 443 2434 artilex,
481 2365 519 2426 ob
542 2373 568 2434 ὁ
592 2366 677 2440 ἰιιΠ
712 2375 743 2429 et
767 2367 893 2429 confinio
918 2367 1042 2430 solstitii
1065 2368 1095 2430 iu
1119 2367 1189 2430 Vll.
1237 2366 1452 2429 contentiosus
1477 2373 1509 2427 et
1531 2365 1680 2426 factiosus

319 2453 356 2515 ob
382 2450 420 2512 id.
470 2453 561 2514 Tales
592 2465 661 2516 sunt
688 2457 861 2536 plemmque
894 2455 1124 2517 bombardorum
1155 2455 1292 2517 studiosi.
1342 2453 1403 2516 Sed
1427 2455 1601 2516 victumsne
1625 2455 1678 2524 sit,

321 2541 436 2616 dubito,
461 2550 584 2620 propter
607 2543 637 2602 id
661 2543 766 2623 ipsum.
812 2543 846 2605 Si
870 2552 971 2606 tamen
995 2545 1089 2618 vivat,
1115 2563 1241 2624 maguus
1266 2544 1375 2604 evadet
1400 2563 1480 2604 vere.
1518 2542 1622 2602 Habet
1647 2561 1677 2601 n.

319 2630 501 2709 triangulum
517 2627 660 2708 ΒΉΘζὲ,
684 2631 824 2711 quisunt
848 2632 1005 2694 fortissimi
1030 2623 1183 2711 aspe'ctus.
1230 2635 1337 2712 ltaque
1361 2631 1439 2706 vide,
1465 2631 1534 2711 quid
1560 2631 1679 2690 futurus

317 2717 485 2780 December
508 2718 549 2780 sit
573 2719 729 2789 allaturus,
755 2740 822 2781 curn
845 2728 916 2798 post
939 2720 1193 2782 humectationem
1216 2721 1278 2795 affl,
1301 2727 1479 2782 transeunte
1502 2737 1558 2798 per
1579 2716 1610 2791 7,
1637 2715 1679 2795 Θ

316 2815 392 2877 etd
416 2807 566 2869 lerveutes
581 2809 754 2870 succedunt.
803 2807 836 2870 Si
852 2809 977 2870 nebulae
1002 2817 1098 2882 erunt,
1124 2817 1155 2870 ut
1180 2809 1279 2882 credo,
1304 2809 1355 2869 vix
1378 2808 1478 2869 infans
1504 2807 1541 2868 ab
1557 2807 1678 2885 epilep-

317 2895 363 2958 sia
395 2896 473 2957 liber
505 2895 580 2970 erit;
624 2903 693 2957 sunt
720 2915 750 2958 u.
780 2897 855 2958 haec
885 2900 1024 2976 analoga.
1072 2897 1151 2958 Sane
1185 2897 1271 2959 Jovis
1300 2896 1378 2958 situs
1410 2915 1467 2956 uon
1498 2895 1678 2968 bonusest,

317 3001 374 3046 nou
398 2985 710 3064 quidem'propterlI
732 2993 861 3063 tangens
889 3002 975 3046 suom
998 3005 1118 3048 casum:
1152 3005 1220 3046 narn
1250 2985 1383 3047 illustres
1409 3003 1473 3044 cum
1502 2984 1569 3061 ipso
1598 2983 1679 3044 fixae

316 3082 399 3147 suot,
431 3075 508 3135 uude
532 3082 655 3153 propter
678 3074 734 3135 hoc
758 3081 866 3152 potens
890 3081 955 3148 est3
988 3075 1042 3135 sed
1066 3082 1245 3153 propterea,
1272 3073 1342 3153 quia
1365 3073 1478 3134 decidit
1502 3072 1540 3132 ab
1564 3072 1678 3148 angulo

315 3168 347 3222 et
370 3161 546 3239 opprimitur
569 3181 586 3222 a
610 3158 629 3239 lj
655 3162 716 3223 alto
745 3162 895 3240 triangulo
925 3162 1024 3234 brevi,
1058 3163 1134 3241 quod
1164 3161 1347 3241 aequipollet
1383 3161 1542 3240 quadrato.
1590 3160 1678 3221 llaec

317 3257 348 3309 ot
370 3249 539 3326 hujusmodi
563 3249 643 3310 bona
666 3258 698 3310 et
712 3251 841 3311 naturali
866 3251 982 3311 ratione
998 3251 1144 3325 dicuntur,
1170 3250 1227 3311 etsi
1252 3269 1309 3310 non
1333 3249 1363 3312 in
1388 3249 1489 3328 specie
1514 3247 1678 3328 quidquam

318 3336 436 3398 dicitur.
484 3331 577 3399 Aliud
601 3337 768 3416 exemplum
792 3339 848 3399 mei
873 3339 965 3401 lilioli.
1013 3339 1072 3400 Est
1104 3339 1132 3400 in
1161 3357 1229 3399 mea
1258 3347 1290 3400 et
1313 3338 1406 3417 ipsius
1431 3337 1593 3398 nativitate
1617 3336 1677 3398 tri-

317 3424 444 3504 angulus
467 3424 554 3486 Jovis
578 3434 610 3486 et
632 3421 764 3502 Saturni,
788 3426 864 3488 Jove
888 3427 1105 3506 posterioribus
1129 3427 1157 3486 in
1174 3425 1327 3506 gradibus.
1373 3425 1433 3488 Ubi
1457 3425 1528 3486 mihi
1545 3445 1607 3487 asc.
1634 3425 1678 3486 illi

317 3513 411 3587 Mars,
438 3515 486 3575 ubi
511 3512 580 3573 mihi
605 3513 700 3582 Luna,
730 3515 774 3576 illi
797 3514 930 3594 Jupiter,
956 3515 1005 3576 ubi
1030 3515 1101 3576 mihi
1125 3515 1224 3588 Mars,
1257 3513 1300 3576 illi
1324 3511 1360 3590 ᾗς
1398 3514 1448 3575 ubi
1473 3514 1544 3574 mihi
1568 3513 1611 3574 Μ.
1640 3511 1676 3574 Ο.

316 3603 375 3682 ipsi
398 3603 428 3680 d.
476 3601 542 3680 ngo
567 3601 662 3663 habeo
686 3595 789 3682 [lde
813 3605 874 3664 fere
898 3604 1055 3685 partilem,
1093 3604 1144 3665 ille
1176 3603 1268 3665 habet
1298 3605 1402 3680 Adb
1430 3605 1492 3664 fere
1522 3603 1675 3681 partilem.

315 3689 409 3753 Plura
432 3689 540 3770 requiri
573 3697 700 3769 possunt
727 3691 906 3769 hujusmodi.
953 3693 1060 3771 ltaque
1083 3693 1170 3753 Luna
1200 3692 1227 3752 in
1263 3693 1409 3771 quadrato
1433 3691 1569 3764 Saturni,
1605 3699 1678 3770 post

316 3781 394 3850 80⁸,
418 3779 525 3840 Venus
548 3777 626 3841 inter
648 3771 719 3848 ΠΟ·
742 3787 773 3840 et
797 3776 870 3856 005,
894 3780 1062 3842 Mercurius
1086 3781 1114 3842 in
1141 3782 1221 3841 trino
1246 3789 1270 3850 d
1295 3780 1442 3840 hominem
1458 3779 1563 3840 durum
1577 3779 1677 3856 signi-

315 3866 426 3940 ficant,
451 3886 518 3927 cum
542 3867 590 3946 qui
615 3867 740 3929 affectus
765 3869 910 3930 denotant
933 3870 1073 3948 planetae
1099 3888 1202 3929 omnes
1228 3868 1341 3929 sintin
1367 3876 1491 3946 aspectu
1516 3869 1675 3928 malorum.

316 3953 421 4016 Metuo
445 3955 537 4016 etiam
560 3955 655 4034 ipsius
679 3955 772 4017 oculis
797 3956 834 4017 ob
860 3960 901 4032 ),
936 3964 1037 4018 metuo
1062 3979 1080 4017 a
1103 3956 1319 4036 praecipitibus
1344 3956 1465 4017 casibus
1490 3957 1527 4016 ob
1553 3965 1675 4017 stantes

315 4051 379 4104 tres
401 4044 551 4124 planetas.
598 4043 640 4105 Et
663 4043 733 4123 quia
756 4045 861 4106 Venus
886 4053 917 4105 et
941 4049 963 4117 )
986 4046 1139 4120 laborant,
1173 4046 1241 4105 ideo
1272 4055 1362 4106 natus
1394 4051 1440 4105 est
1472 4053 1674 4105 monstrosus.

249 4129 255 4136 ”
294 4131 482 4194 ltembmm
507 4152 534 4192 n.
560 4131 653 4206 virile,
680 4155 697 4193 a
723 4133 747 4206 Ω
773 4136 851 4205 et)
876 4133 1090 4212 significatum,
1115 4143 1163 4195 est
1187 4133 1283 4194 instar
1306 4132 1415 4193 Judaei
1439 4141 1598 4208 retectum,
1624 4153 1674 4193 re-

316 4228 447 4296 tortum,
472 4229 503 4281 et
525 4220 604 4281 infra
627 4229 770 4301 agnatum
795 4230 914 4295 scroto,
939 4231 1057 4284 meatus
1082 4222 1183 4284 urinae
1209 4221 1302 4296 alius,
1329 4239 1417 4300 quam
1441 4221 1551 4283 ceteris
1575 4221 1673 4282 homi-

315 4309 413 4370 nibus.
462 4310 570 4370 Totum
594 4309 793 4390 compositum
824 4310 918 4371 babet
950 4311 1078 4372 formam
1110 4310 1272 4371 testudinis
1296 4315 1400 4370 coctae
1427 4309 1457 4370 in
1483 4310 1672 4380 domuncula,

316 4415 392 4476 quae
416 4405 486 4458 suut
509 4397 611 4459 uxoris
635 4417 719 4460 meae
745 4398 882 4460 deliciae.
931 4397 993 4460 Sed
1016 4397 1103 4478 plura
1130 4397 1187 4478 ipsi
1210 4397 1399 4460 incommoda
1426 4397 1508 4459 circa
1531 4397 1585 4458 illa
1609 4400 1675 4460 loca

315 4485 463 4548 evenient.
512 4485 590 4557 ein
613 4479 685 4557 []d
709 4487 907 4566 impetuosum
932 4493 964 4548 et
986 4485 1161 4548 indomitum
1193 4485 1357 4564 siguificat,
1388 4485 1460 4560 §in
1477 4491 1548 4556 A&
1572 4487 1673 4566 agilli-

315 4593 405 4647 mum,
429 4574 617 4636 celerrimum
632 4582 663 4635 et
677 4575 873 4654 ingeniosum.
920 4573 979 4636 Est
1002 4595 1030 4636 n.
1056 4579 1079 4652 b
1101 4576 1129 4635 in
1156 4574 1265 4636 illustri
1280 4575 1573 4636 constellationem
1598 4585 1630 4638 et
1644 4574 1672 4636 in

315 4661 404 4722 domo
435 4671 553 4742 quarta.
600 4664 688 4724 Facit
719 4670 752 4724 et
782 4661 974 4725 temerarium
999 4671 1032 4724 et
1061 4662 1247 4744 populariter
1279 4663 1387 4723 bonum
1418 4672 1508 4744 atque
1543 4665 1678 4727 facilem.-
