3674 5528
685 259 807 314 oro·
825 261 986 332 wou-
1452 263 1521 336 err

157 409 200 474 rei
224 410 307 474 bunc
329 427 410 490 sete,
435 414 512 494 quod
536 415 652 478 coelum
673 415 744 478 unic
766 422 885 478 tentum
907 416 1035 479 cooiun
1056 415 1118 492 tit,
1141 416 1203 492 cui,
1235 419 1261 482 si
1284 437 1347 500 que
1367 437 1407 484 cx
1428 423 1520 488 sociis

159 499 259 562 oensis
284 499 377 576 desit,
402 503 528 566 effectus
551 503 692 568 intereat.
741 501 822 575 Quid
847 505 932 585 agis,
957 505 999 567 mi
1019 505 1160 568 fabrici?
1183 525 1221 568 sn
1245 525 1302 587 ego
1325 509 1443 574 meliori
1467 529 1542 576 rer-1

158 596 302 668 gumento
333 590 448 668 possim
477 591 621 670 probare,
655 589 872 671 experientiam
895 611 964 655 esse
987 595 1163 656 confusam?
1208 593 1295 658 Scito
1322 595 1440 678 itaque,
1471 619 1518 664 mc

158 675 249 755 plane
272 687 375 740 oecum
399 679 569 743 consentire
593 680 624 742 iu
647 680 703 742 hoc
727 689 913 759 argumento.
1024 743 1028 750 ,

228 779 418 832 l'sbriclus:
437 781 648 834 Transitlbes
666 784 746 834 mdta
764 783 850 833 tribuis
867 789 966 849 propter
984 785 1123 847 subiectum
1140 786 1216 845 reale.
1235 789 1426 853 streplenetunr
1438 792 1519 856 lpsum

157 857 320 914 pauentem
339 859 366 902 et
383 854 550 912 exdttnteme
567 855 823 918 protectionibus
840 869 898 904 rere
917 854 1022 905 eundern
1041 857 1072 906 ob
1091 869 1192 907 esuum
1210 858 1272 908 nibil
1289 859 1359 930 rius.v
1381 861 1435 929 Ege
1448 863 1516 915 dicer

157 923 283 972 me·
301 923 393 974 culllu
411 925 507 976 rimulis
526 933 573 983 est,
591 926 639 978 niel
658 926 742 992 ulique
759 927 855 992 species
873 927 1027 990 profectuum
1044 927 1117 978 simul
1135 928 1268 980 coincidet

247 993 454 1073 Keplerus:
479 996 546 1075 Ego
569 1015 691 1058 cansam
715 997 787 1073 dixi,
811 1006 845 1058 tu
859 998 942 1060 nulla
957 996 1147 1062 dictacauea
1170 1001 1351 1064 contrarium
1370 1003 1514 1068 alinum.

154 1079 222 1142 Hoc
247 1081 326 1144 babe
350 1101 405 1162 pro
429 1091 527 1157 certo,
560 1103 709 1165 nunquam
732 1084 805 1148 mibi
828 1085 957 1148 transire
981 1086 1162 1150 Mercurium
1185 1107 1240 1168 per
1263 1097 1362 1152 ortum
1383 1091 1439 1154 'aut
1461 1111 1515 1158 oc-

155 1189 275 1246 casum,
313 1171 384 1252 quin
407 1172 557 1236 catsrrbis
585 1181 639 1236 aut
662 1173 723 1236 alvi
746 1176 828 1238 fluxu
851 1173 993 1236 infestor:
1020 1193 1169 1254 nunquam
1192 1175 1339 1254 Mortem,
1364 1179 1433 1259 quin
1456 1200 1514 1264 pa·

153 1267 243 1320 ratae
270 1259 343 1321 mibi
367 1259 430 1322 sint
453 1261 523 1324 lites
547 1269 578 1321 et
601 1261 760 1342 dispositio
785 1263 814 1324 in
838 1261 975 1344 meipso
999 1262 1158 1328 cholerica.

228 1363 414 1416 Fabricius:
435 1365 576 1426 Quaeritur,
595 1381 628 1418 au
648 1366 698 1418 Sol
717 1369 882 1422 transiens
907 1367 982 1419 loce
1001 1367 1156 1432 eplrcties
1173 1369 1324 1436 utrologica
1340 1371 1379 1422 rel
1397 1371 1513 1425 diseede
1591 1343 1596 1350 ι

152 1449 215 1484 uum
233 1435 328 1503 pedm
346 1437 444 1486 morbos
461 1437 551 1488 inicrre
568 1436 665 1502 possit?
701 1439 755 1506 Ego
773 1438 825 1490 tale
844 1439 902 1504 quid
920 1439 1092 1504 animadverti.

244 1507 452 1586 Keplerns:
476 1507 585 1570 Nullus
607 1511 734 1590 planeta
757 1509 795 1572 sd
819 1510 876 1572 boc
901 1517 948 1571 esi
972 1510 1121 1574 conditus.
1168 1509 1212 1574 Ut
1226 1529 1299 1592 crgo
1323 1513 1434 1575 ceteris
1458 1512 1514 1579 hcc

151 1595 375 1676 peraccidens
399 1597 518 1671 evenit,
555 1598 598 1659 ite
621 1606 653 1659 et
676 1595 755 1674 Soli,
786 1607 820 1662 ut
852 1599 882 1660 iu
906 1617 961 1661 suc
985 1617 1112 1661 excessu
1135 1605 1244 1662 noceat
1265 1597 1511 1668 inflammatione.

151 1681 218 1744 Sed
249 1703 288 1746 ne
319 1685 522 1765 proportionis
545 1685 748 1762 obliviscaris,
782 1683 864 1749 Solis
888 1687 1002 1749 reditus
1025 1687 1106 1748 intre
1129 1706 1252 1761 annum,
1287 1686 1412 1753 Saturni
1433 1690 1514 1754 intra

151 1767 197 1836 30
220 1790 329 1835 annos.
375 1772 574 1853 Experiundo
597 1783 698 1838 temen
722 1775 751 1836 in
774 1783 894 1855 promtu
918 1793 975 1836 non
1000 1783 1057 1851 est,
1083 1794 1119 1838 ac
1142 1776 1243 1838 nescio
1267 1795 1306 1838 sn
1330 1777 1431 1841 fuerit.

224 1875 408 1929 i'sbrieius:
436 1877 502 1938 Quid
520 1879 552 1930 de
576 1879 816 1946 intelligentiis
843 1879 1012 1930 stellarum
1030 1879 1133 1938 smila,
1160 1879 1224 1931 seire
1242 1881 1324 1946 crrpie.
1360 1882 1413 1949 Ego
1431 1897 1513 1950 nugae

151 1959 208 1999 etse
227 1955 301 2012 puto.
337 1948 407 1998 idern
426 1951 507 2000 mutio
526 1949 557 2001 de
575 1951 681 2017 geniis
700 1951 751 2001 slve
769 1951 855 2012 bonis,
884 1951 935 2002 sire
952 1951 1034 2002 usulis.
1072 1950 1099 2003 st
1119 1951 1222 2018 tugelot
1240 1957 1267 2002 st
1284 1951 1395 2004 ditbelos
1413 1954 1512 2016 dhseis

151 2020 250 2084 temple
271 2026 297 2070 et
313 2020 436 2086 intelligo,
453 2020 519 2074 sliu
536 2022 645 2073 minime.

241 2089 449 2170 Keplerus:
474 2091 582 2156 Stellis
605 2101 730 2173 praeest
751 2092 847 2156 virtus
870 2092 985 2173 alique,
1010 2092 1195 2172 geometriae
1218 2111 1316 2174 capax
1339 2093 1430 2176 globi,
1454 2115 1510 2178 po-

150 2185 221 2240 tens
245 2179 287 2242 ed
305 2187 431 2250 motum,
455 2189 574 2260 tempus
597 2201 768 2244 numerans.
811 2181 892 2262 *Ege
917 2182 954 2252 si,
978 2181 1058 2261 quod
1077 2180 1178 2261 jubes,
1202 2182 1347 2262 seepbem
1367 2185 1511 2264 scapham

149 2267 307 2348 appellare
332 2268 441 2342 debeo,
466 2288 525 2331 non
548 2287 670 2349 possum
695 2271 785 2333 aliter
807 2270 899 2344 banc,
924 2288 1014 2350 quam
1036 2269 1284 2352 intelligentiam,
1309 2273 1357 2334 vel
1380 2282 1510 2338 mentem

149 2355 320 2436 appellare.
367 2355 402 2420 Si
431 2357 512 2420 eliud
544 2358 601 2420 tibi
623 2377 730 2422 nomen
758 2357 994 2439 praeplucuerit,
1028 2358 1131 2422 dicito.
1177 2359 1304 2422 Interim
1328 2360 1384 2424 boc
1407 2374 1511 2426 meust

148 2443 330 2520 discrimen,
365 2446 443 2525 qnod
466 2446 697 2510 ratiocinatione
731 2465 789 2510 uon
814 2456 951 2522 utuntur,
982 2446 1038 2508 hoc
1062 2447 1140 2516 bono
1165 2445 1248 2510 Guil.
1274 2446 1405 2512 Giibcrti
1428 2449 1510 2514 illius

148 2534 441 2614 argumento,quod
465 2535 727 2599 ratiocinationem
749 2545 892 2616 sequatur
915 2535 946 2596 in
969 2535 1088 2598 actione
1112 2535 1331 2611 inconstantis,
1360 2537 1508 2619 inaequa-

147 2621 223 2686 litas
246 2629 281 2684 et
304 2622 460 2696 titubatio,
484 2625 563 2702 apud
577 2623 713 2688 homines
737 2623 866 2707 quidem.
913 2621 1017 2695 Quare
1039 2633 1073 2686 ut
1093 2643 1206 2688 cornus
1225 2625 1321 2696 bovis,
1340 2627 1507 2690 antscien-

146 2711 191 2774 tis
214 2711 353 2786 natandi,
379 2720 433 2774 aut
454 2713 551 2793 primo
574 2713 679 2776 statim
703 2713 751 2776 die
775 2721 856 2775 recte
875 2713 1043 2787 incedendi,
1068 2730 1126 2774 nou
1150 2721 1221 2774 sunt
1239 2719 1416 2792 argumenta
1439 2733 1506 2778 me-

140 2799 222 2878 joris
244 2798 427 2874 nobilitatis,
456 2819 547 2882 quam
569 2801 598 2864 in
623 2801 752 2877 bomine,
777 2801 826 2883 qui
841 2801 888 2863 bis
903 2809 1004 2875 esret3
1029 2801 1083 2862 sed
1097 2801 1300 2876 statuendum,
1324 2804 1507 2868 succurrisse

144 2897 288 2949 naturam
311 2888 399 2950 bovis
423 2888 590 2952 infirmitati
613 2890 782 2970 congenitis
805 2889 852 2952 bis
876 2889 1069 2969 adjumentis,
1095 2888 1166 2970 qnia
1188 2889 1243 2950 bos
1266 2908 1352 2952 uma
1374 2889 1431 2952 sibi
1456 2894 1506 2952 ia-

144 2975 281 3052 bricare,
315 2977 449 3040 sobolem
473 2978 610 3052 educare,
643 2985 783 3041 natatum
802 2977 970 3040 exercendo
995 2977 1102 3039 docere
1125 2995 1183 3039 non
1206 2985 1320 3058 potest,
1343 2987 1378 3039 nt
1401 2978 1504 3042 bomo:

143 3063 189 3126 sie
212 3065 291 3126 baec
315 3061 418 3130 circuli
442 3066 489 3130 sui
511 3067 677 3130 intellectio
702 3067 844 3130 facultati
867 3066 912 3130 illi
945 3065 1049 3131 itidem
1073 3073 1122 3128 est
1145 3065 1321 3146 congenita,
1354 3085 1410 3130 nec
1432 3086 1504 3148 prc-

142 3153 234 3216 iicere
258 3163 374 3234 potest,
399 3173 454 3218 nec
478 3155 563 3218 uliud
585 3176 675 3238 quem
698 3157 754 3218 boc
778 3174 879 3236 egere,
903 3156 994 3218 ulium
1019 3173 1109 3236 quam
1123 3154 1202 3218 bunc
1216 3154 1358 3218 cuculum
1377 3155 1505 3220 discere.

233 3241 283 3304 De
308 3241 416 3306 Geniis
447 3261 506 3305 non
540 3245 651 3308 acriter
683 3253 782 3308 tecum
804 3261 915 3326 pugno.
961 3243 1026 3306 Res
1059 3254 1108 3305 est
1141 3242 1265 3306 lubrica
1310 3242 1392 3324 Ego,
1426 3247 1507 3326 quod

143 3330 325 3394 inanimatis
353 3332 443 3393 rebus
467 3331 506 3395 ob
529 3334 680 3396 deiectum
704 3333 863 3408 retionis,-
878 3332 995 3412 augelis
1028 3331 1067 3395 ob
1096 3330 1221 3394 liberam
1244 3351 1329 3394 suam
1357 3332 1504 3396 rationem

142 3438 203 3482 non
213 3437 339 3500 possunt
354 3419 497 3496 tribuere,
508 3422 756 3502 gubernationem
767 3421 904 3485 fortunae
914 3419 1042 3483 hominis
1058 3421 1097 3482 ed
1111 3419 1330 3502 praescriptum
1341 3422 1503 3500 coelorum,

143 3507 185 3582 id,
210 3509 343 3590 inquam,
361 3509 459 3589 geniis
473 3509 581 3572 tribuo.
629 3509 709 3582 Quid
725 3509 822 3572 enim?
847 3511 891 3572 Tu
907 3511 1081 3590 angelorum
1091 3509 1216 3572 tutelam
1231 3509 1324 3572 coelis
1335 3511 1503 3590 allegabis?

214 3614 406 3665 Fabricius:
434 3613 539 3666 Solem
557 3616 697 3668 riritieandl
723 3622 750 3667 et
767 3615 900 3681 vegetandi
924 3618 973 3665 rim
999 3613 1091 3665 bebere
1118 3613 1242 3674 existimo,
1270 3615 1421 3679 plauctus
1446 3631 1503 3670 rere

141 3699 193 3735 neu
214 3697 300 3736 omnes
318 3699 357 3736 res
376 3685 456 3743 simul,
474 3693 503 3736 ut
521 3686 571 3748 Sol,
593 3687 637 3756 sed
655 3687 710 3739 illas
729 3693 835 3746 tantum.
854 3701 918 3752 quae
937 3687 1038 3752 irnperio
1055 3687 1164 3752 ipsorum
1181 3685 1295 3745 tubum,
1313 3687 1445 3739 vivificare.

231 3757 437 3837 Keplcrus:
460 3758 544 3821 Nihil
568 3777 624 3840 ego
646 3771 720 3841 puto
739 3759 769 3820 in
793 3759 904 3832 Terris,
933 3759 980 3820 cui
1003 3757 1131 3820 seorsim
1155 3755 1264 3840 aliquis
1287 3759 1412 3839 planeta
1435 3759 1501 3822 col-

141 3847 261 3908 locatus
290 3845 386 3908 sitin
409 3847 510 3910 coelo:
540 3849 595 3910 sed
619 3848 758 3910 extitisse
783 3848 851 3910 illos
876 3857 923 3910 tot
945 3853 978 3908 et
1000 3848 1080 3908 tsles
1108 3859 1147 3908 ex
1169 3847 1232 3908 suis
1261 3848 1392 3928 propriis
1414 3849 1500 3928 prin-

139 3933 237 4014 cipiis,
263 3933 356 3998 etiam
381 3935 446 3998 sine
460 3944 599 4016 respectu
615 3936 803 4000 terrestrium
818 3952 933 4010 rerum3
956 3933 1127 3997 consentire
1147 3953 1218 3997 vero
1237 3953 1296 3997 non
1311 3955 1360 3998 res
1375 3935 1501 4000 seorsim

140 4023 326 4105 compositas
350 4043 419 4086 cum
441 4025 584 4105 planetis,
610 4025 663 4087 sed
684 4043 787 4086 omnes
811 4024 947 4086 omnibns
961 4031 1088 4086 naturae
1104 4023 1278 4098 clementis3
1303 4043 1371 4086 nam
1386 4044 1499 4106 prope-

140 4114 261 4176 medum
286 4113 389 4178 omnis
412 4113 442 4174 in
466 4113 601 4176 omnibns
624 4113 774 4188 invenies,
808 4113 876 4194 plus
900 4119 1002 4175 umen
1026 4112 1101 4175 certi
1125 4111 1254 4193 alicujus
1278 4114 1418 4176 elementi
1449 4115 1499 4176 vel

139 4203 320 4282 quantitatis
344 4201 376 4265 in
399 4217 459 4264 uuo
483 4221 572 4283 qnam
594 4203 626 4266 in
650 4204 756 4265 altero.

208 4309 399 4361 Fabricius:
420 4307 486 4368 Quid
503 4308 535 4359 de
555 4309 705 4361 sutisciis
722 4307 880 4373 pinatorum
895 4305 1005 4369 iudices,
1024 4307 1088 4358 seire
1105 4305 1187 4357 velim.

225 4397 440 4480 Keplerus:
465 4397 577 4460 Eorum
595 4397 654 4459 vim
678 4397 721 4459 ibi
744 4413 885 4478 agnosco,
910 4392 960 4457 ubi
975 4402 1046 4458 sunt
1060 4392 1199 4458 entiscie.
1246 4396 1277 4458 A
1295 4414 1387 4458 causa
1409 4395 1498 4475 primi

139 4493 234 4550 motus
257 4496 332 4550 sunt
364 4485 497 4548 antistis
527 4495 632 4566 partes
659 4484 788 4562 zodiaci,
823 4502 881 4545 non
905 4483 1022 4547 ratione
1055 4483 1186 4546 siderum
1204 4481 1367 4548 mobilium.
1413 4482 1496 4562 Ergo

136 4577 162 4637 in
186 4575 353 4642 directione
380 4575 575 4638 ascendentis
599 4585 630 4636 et
653 4575 695 4638 M.
721 4573 757 4638 C.
781 4580 854 4656 puto
878 4570 939 4633 vim
975 4590 1043 4634 esse
1067 4589 1225 4654 maguam,
1257 4577 1292 4633 et
1314 4590 1371 4632 nou
1395 4569 1425 4632 in
1446 4567 1495 4631 di-

135 4668 258 4732 rectione
283 4663 375 4728 Solis
400 4671 434 4725 et
457 4663 624 4726 Veneris.-

193 4773 390 4828 Fsbrlcius:
423 4767 571 4832 Quaeritur,
599 4783 632 4820 en
652 4769 795 4834 eclipses
814 4763 877 4818 Solis
896 4772 922 4816 et
940 4763 1028 4816 Lunae
1052 4780 1080 4815 re
1102 4779 1161 4816 rere
1181 4761 1311 4830 genereltt
1330 4762 1394 4812 sert
1412 4767 1494 4814 nute-
