3542 5528
321 317 342 386 6
911 325 1072 377 nmmum.

320 543 507 598 lutenmmo:
543 499 839 640 a=2V}=l.ll³³;
902 555 965 600 r¹=
1046 502 1224 643 ·}=⁰.94²;
1287 475 1532 643 r=ffl=lt
1582 581 1589 598 .

334 758 452 818 „cohor
546 711 839 852 ,=}V3=l,ltt;
906 798 918 821 ,

332 973 502 1032 ,octaedror
548 988 607 1034 ,=
632 965 841 1032 v2=1.ttt;
906 1011 919 1033 η

330 1186 509 1246 „iceeaddrct
547 1201 604 1246 „=
687 1138 842 1279 ΨῙ-ἕ-Υρ
906 1224 919 1248 „

712 1335 749 1363 =
758 1315 851 1378 toth

329 1417 822 1588 „ueoeoom:,=V}-V[³
911 1517 969 1546 „..

710 1618 904 1694 :caroffi
1069 1617 1256 1680 =o.oor;·
1377 1655 1380 1660 .
1451 1614 1616 1678 :eneae

406 1763 470 1826 Hos
493 1763 586 1843 igitur
607 1783 746 1828 numeros
776 1783 843 1828 cum
872 1763 1002 1828 numerio
1031 1761 1238 1843 acoperuico
1265 1762 1374 1844 positia
1404 1769 1436 1825 et
1461 1781 1529 1826 cum
1555 1761 1667 1825 tabulis

318 1869 485 1932 Prutenieie
516 1877 692 1951 compararis
715 1871 864 1951 Keplerus
894 1871 1010 1933 nonnisi
1037 1870 1068 1932 in
1090 1871 1189 1932 Marte
1218 1876 1249 1931 et
1271 1869 1391 1931 Venere
1414 1887 1499 1931 auam
1521 1869 1668 1960 rationem

317 1995 384 2039 eum
406 1975 485 2039 illiue
508 1976 622 2039 calculo
646 1995 824 2058 congruere,
853 1977 882 2038 in
907 1975 1015 2040 ceteris
1038 1975 1134 2056 magis
1157 1975 1292 2038 minusve
1315 1975 1583 2044 discederevidet
1631 1977 1668 2038 ln

317 2081 466 2143 Mercurio
489 2099 556 2143 cum
580 2080 667 2144 nimis
691 2081 825 2158 differat,
849 2100 906 2144 non
931 2080 1011 2161 globi
1034 2081 1064 2143 in
1088 2081 1229 2144 octaedro
1253 2081 1403 2162 inscripti,
1434 2083 1488 2144 sed
1511 2081 1613 2145 circuli
1636 2082 1668 2142 in

318 2186 465 2267 quadrato
488 2187 569 2250 illius
592 2187 729 2268 inscripti
749 2188 833 2268 ponit
850 2188 967 2252 radium
989 2185 1112 2264 (0,70'l,
1137 2195 1199 2264 aut,
1223 2206 1289 2251 cum
1307 2189 1423 2252 radium
1438 2222 1479 2236 -
1495 2189 1579 2252 R-
1593 2209 1666 2270 par-

318 2293 392 2356 tium
410 2301 504 2373 ponat
525 2289 619 2368 1000,
639 2325 680 2362 τ·-
697 2290 785 2366 707).
825 2293 885 2359 Cor
909 2299 1010 2358 autern
1033 2302 1159 2377 utraque
1182 2294 1260 2358 ratio
1282 2293 1429 2372 discedat,
1452 2315 1575 2359 caueam
1598 2316 1666 2360 eece

318 2398 392 2462 dicit
413 2399 444 2462 iu
467 2401 595 2463 numeris
620 2421 639 2462 a
662 2398 828 2480 Oopernieo
851 2400 947 2464 minus
976 2400 1136 2482 diligenter
1163 2400 1336 2476 subductis,
1369 2401 1499 2483 vitioque
1527 2403 1556 2465 in
1581 2423 1665 2466 enam

317 2524 380 2568 rem
399 2505 584 2570 emendando
601 2526 741 2590 maguam
755 2506 901 2588 impendit
913 2526 1044 2589 operam.
1076 2507 1181 2588 Neque
1201 2514 1301 2570 tamen
1326 2509 1403 2588 quod
1427 2509 1554 2591 optabat
1577 2528 1666 2590 pror-

1579 2611 1642 2678 577

243 2738 247 2754 ‘
316 2747 369 2792 eue
393 2736 550 2792 assecutus
574 2737 635 2805 eat,
667 2747 733 2792 cum
761 2729 873 2792 numeri
900 2729 1102 2792 redundantes
1126 2748 1163 2792 ex
1185 2725 1396 2808 proportione:
1433 2727 1540 2794 100οε
1580 2717 1643 2786 333

319 2957 358 2990 =
383 2934 546 2998 distantiae
571 2930 729 3028 Oopernici
749 2954 757 2996 τ
776 2953 810 3011 x,
835 2943 867 2997 et
888 2895 946 3015 ipsi
969 2954 1074 3016 parum
1097 2940 1271 3015 congruant.

404 3130 518 3192 Verum
540 3129 571 3191 in
594 3129 650 3190 hoe
674 3135 755 3190 certe
778 3129 950 3210 acquiescit,
977 3131 1076 3212 ,quod
1099 3129 1184 3192 unius
1203 3115 1347 3192 metoriae
1367 3105 1532 3202 distantiae
1556 3129 1595 3190 ad
1619 3128 1665 3190 al-

317 3243 413 3296 teram
430 3234 583 3315 proportio
598 3251 746 3314 nunquam
766 3241 864 3297 atoto
880 3235 950 3297 orbe
966 3234 1173 3318 Ceperuicanq
1187 3236 1316 3310 aberrat,
1342 3235 1396 3297 aed
1414 3253 1532 3315 semper
1556 3235 1667 3316 aliquid

317 3340 443 3421 digitum
465 3339 604 3414 intendit,
630 3340 706 3422 quod
729 3341 862 3421 pertinet
885 3335 1061 3405 ad'orbium
1084 3341 1339 3423 spissitudinem.“
1380 3340 1555 3404 Distantias
1581 3361 1664 3418 „mo-

317 3445 431 3510 torias“
457 3455 558 3508 autem
587 3445 659 3508 dicit
686 3445 755 3508 illas
785 3467 804 3508 a
827 3445 992 3527 Cepernico
1021 3457 1226 3529 computatae,
1256 3449 1433 3530 easdemque
1462 3469 1481 3509 a
1504 3447 1666 3510 Maeotlino

318 3559 479 3624 correctas,
505 3557 536 3614 et
558 3552 588 3613 in
604 3551 734 3616 Saturno
758 3555 877 3634 quidem
900 3554 1038 3629 mediam,
1063 3555 1092 3616 iu
1107 3551 1193 3632 Jove,
1217 3557 1325 3630 Marte,
1350 3555 1443 3616 Terra
1465 3554 1613 3630 minimae,
1638 3554 1666 3615 in

317 3661 436 3723 Venere
459 3658 629 3735 maximam,
653 3660 683 3723 iu
697 3661 845 3724 Mercurio
869 3661 997 3723 mediam
1020 3663 1097 3725 inter
1120 3660 1281 3724 maximam
1304 3668 1337 3723 et
1359 3661 1498 3722 mediam.
1535 3659 1665 3741 Scopum

318 3786 350 3829 se
373 3766 501 3829 noudum
528 3767 616 3847 plane
644 3767 782 3848 tetigisse
809 3769 874 3848 ipae
904 3769 1031 3850 ingenue
1064 3769 1194 3845 fatetur,
1229 3769 1282 3842 sed
1311 3767 1389 3831 viam
1417 3787 1450 3830 ee
1480 3777 1666 3832 monstrasse

318 3879 414 3954 putat,
439 3891 498 3954 qua
512 3872 551 3937 ad
564 3873 723 3936 veritatem
738 3875 959 3938 exactissimam
974 3875 1122 3956 perveniri
1140 3877 1247 3956 possit,
1272 3875 1414 3956 additque
1434 3875 1482 3937 hie
1506 3876 1536 3938 in
1560 3885 1666 3959 poete·

319 3978 390 4043 riori
403 3978 532 4042 editione
546 3979 715 4045 Prodroini:
743 3983 948 4057 „somniabam
966 3984 1002 4045 de
1021 3982 1158 4058 veritate,
1183 3983 1288 4064 opinor
1309 3983 1386 4045 bono
1400 3983 1466 4045 Deo
1488 3983 1665 4066 inspirante.

319 4085 430 4150 Elicita
452 4094 500 4150 est
521 4087 672 4152 mediante
696 4090 751 4152 hoc
773 4089 895 4151 invento
914 4110 952 4152 ex
969 4089 1131 4153 harmoniis
1150 4090 1227 4154 ratic
1248 4088 1535 4153 ecceutricitatum.“

390 4225 482 4290 Quibm
500 4230 640 4294 praemissio
659 4244 690 4281 ea
708 4231 835 4289 addimur,
860 4245 924 4296 quae
944 4245 998 4284 cum
1016 4231 1201 4283 Maestllno
1226 4232 1278 4297 egit
1295 4229 1417 4294 Keplerm
1436 4228 1466 4281 de
1485 4233 1605 4295 opusculo
1623 4247 1665 4282 suo

321 4318 495 4371 memento
513 4325 540 4370 et
558 4321 710 4384 conscripto,
736 4322 774 4371 cui
792 4336 842 4371 non
860 4311 958 4372 mutum
975 4324 1051 4386 primo
1074 4327 1199 4386 tempere.
1224 4334 1272 4385 quc
1291 4333 1422 4386 aggrestes
1440 4325 1479 4370 eet
1496 4315 1665 4383 Prodromum,

319 4408 472 4461 nudaverit
488 4410 637 4473 proponitum
648 4424 729 4468 rum.
747 4409 792 4460 aed
811 4411 885 4462 etlam
904 4413 988 4460 omnia
1003 4425 1067 4476 quae
1085 4411 1131 4475 ipai
1150 4415 1307 4460 occurrerant
1325 4407 1400 4459 dubia
1418 4415 1444 4460 ot
1461 4407 1623 4476 difficultates
1639 4413 1665 4462 in

319 4510 346 4548 re
362 4494 513 4558 perficienda
528 4497 695 4560 preposuerit,
722 4503 748 4546 et
772 4497 813 4562 qui
831 4497 991 4550 libentiuime
1009 4511 1108 4562 operam
1125 4512 1196 4548 anam
1213 4498 1311 4548 navant
1328 4499 1354 4547 in
1371 4497 1527 4562 pmiieieadia
1546 4505 1573 4549 et
1591 4513 1663 4564 expo·

321 4585 408 4638 leodio
425 4585 537 4650 primitiis
549 4584 661 4648 diaoipuli
673 4585 796 4650 qnondam
809 4585 967 4641 dilectissimi.
986 4593 1100 4650 euacepto
1117 4587 1143 4636 in
1162 4601 1189 4636 ee
1207 4600 1281 4637 onere
1299 4585 1400 4638 curandi
1418 4588 1470 4650 tppl
1488 4591 1514 4636 et
1531 4589 1663 4653 inopioien·

321 4675 405 4727 dorma
421 4673 634 4742 typographorum.
671 4673 759 4722 haunt
781 4675 805 4723 in
829 4675 972 4725 collectione
998 4675 1154 4740 epistolarum
1171 4675 1273 4740 Kepleri
1299 4659 1463 4739 aliorumque.
1488 4691 1564 4742 quam
1588 4678 1664 4728 edidit

323 4763 429 4820 Miehaol
447 4761 594 4832 'l'lueephilm
611 4761 806 4818 Heueclriue
825 4761 936 4830 (Lipsiae
956 4759 1036 4826 1⁷18)
1055 4765 1141 4816 literae
1158 4766 1249 4832 priores
1268 4762 1302 4814 22
1321 4761 1355 4838 (p.
1377 4759 1475 4825 1-51)
1495 4778 1511 4816 a
1529 4763 1662 4817 Maestllno
