3698 5516
309 181 377 278 243
861 205 983 272 sacam
1000 203 1124 268 cymam

311 364 497 427 confundens
520 381 575 426 nec
597 363 761 426 intervalla
784 363 987 445 distinguens,
1016 363 1102 426 uobis
1126 362 1289 426 deridiculo
1312 363 1371 425 fnit
1400 363 1590 426 exclamans:
1615 359 1675 424 mi·

310 453 453 528 raonlum,
478 451 586 514 bovem
600 453 810 533 multipedem!
856 452 926 516 Non
950 473 1023 516 sane
1047 453 1143 532 major
1167 461 1216 515 est
1237 452 1294 514 hoc
1314 452 1378 515 loco
1394 451 1520 514 Patricii
1544 449 1673 528 sapien-

223 567 234 579 ·
309 542 370 616 tia,
405 540 474 600 dnm
496 540 637 621 planetas
658 540 740 605 inter
762 542 852 617 fixas,
883 542 926 604 ita
948 549 981 604 ut
1005 541 1092 604 nobis
1116 549 1259 622 apparet,
1293 559 1398 602 cursus
1421 559 1493 603 suos
1525 557 1677 618 peragere

312 628 476 692 contendit.

397 717 463 778 Hoc
486 717 588 796 itaque
611 716 745 780 Patricio
768 718 880 781 dictum
905 724 980 793 esto,
1004 718 1072 780 vias
1095 718 1285 798 planetarum
1313 723 1496 797 apparentes
1512 724 1552 794 „et
1576 714 1677 776 histo-

308 806 385 870 riam
407 811 540 868 motuum
564 805 649 867 libris
671 825 817 886 promere,
843 807 1044 892 astronomiae
1068 805 1257 886 potissimum
1281 805 1474 868 mechanicae
1499 813 1531 866 et
1549 802 1675 882 practi-

310 915 364 956 cae
383 901 501 974 partem
515 913 599 956 esse:
625 894 691 956 viaa
710 913 781 957 vero
796 915 884 958 veras
907 905 939 958 et
954 895 1099 976 genuinas
1114 893 1257 968 invenire,
1283 913 1357 974 opus
1380 913 1449 956 osae
1469 891 1677 956 astronomiae

309 981 562 1061 contemplativae
586 983 715 1056 (tustra
738 981 888 1046 Osiandro
912 995 945 1048 et
965 984 1100 1047 Patricio
1125 983 1391 1056 reclamantibus):
1417 991 1450 1044 at
1468 983 1579 1054 dicere,
1608 980 1678 1059 qni·

309 1072 366 1134 bus
390 1071 509 1133 circulis
533 1078 565 1132 et
588 1071 675 1134 lineis
699 1072 899 1153 depingantur
923 1073 951 1136 iu
975 1091 1089 1155 papyro
1105 1071 1252 1151 imagines
1271 1071 1374 1151 justae
1396 1089 1535 1132 verorum
1556 1069 1677 1130 illorum

248 1185 250 1189 ·
310 1167 453 1234 motuum,
478 1160 517 1221 ad
541 1159 685 1224 inferiora
707 1168 930 1240 geometrarum
954 1161 1099 1224 subsellia
1113 1161 1273 1240 pertinere.
1320 1160 1406 1221 Haeo
1421 1161 1472 1240 qui
1486 1158 1677 1236 distinguere

311 1247 465 1322 didicerit,
490 1248 517 1310 is
541 1247 628 1310 facile
653 1269 720 1312 sese
744 1269 764 1312 a
786 1250 1003 1312 somniantibus
1027 1250 1247 1312 abstractarum
1272 1249 1432 1311 sennarum
1455 1246 1677 1326 captatoribus,

309 1336 359 1417 qui
389 1337 546 1398 materiam
577 1338 654 1408 (rem
684 1357 774 1400 unam
803 1345 835 1400 et
858 1339 954 1402 solam
984 1347 1056 1418 post
1078 1338 1192 1411 Deum)
1224 1337 1311 1400 nimis
1335 1356 1438 1400 secure
1467 1341 1677 1406 contemnunt,

313 1443 473 1505 eorumque
497 1425 675 1505 importunis
699 1426 895 1506 sophismatis
919 1428 1070 1508 expediet.
1118 1427 1220 1506 Atque
1244 1427 1319 1487 haec
1334 1424 1467 1488 Patricio
1490 1422 1677 1502 respondere

215 1579 219 1586 ,
313 1513 405 1587 volui,
429 1521 591 1593 propterea
614 1516 693 1593 quod
715 1516 793 1578 Urso
819 1523 849 1576 et
870 1515 1020 1578 Osiandro
1045 1509 1216 1578 errantibus
1240 1514 1269 1575 in
1285 1513 1461 1594 quibusdam
1476 1513 1674 1591 suffragatur.

198 1614 201 1622 ’
312 1602 363 1666 Ad
387 1603 498 1666 Ursum
521 1603 622 1664 redeo.

399 1691 563 1754 Undecimo
586 1691 693 1765 Ursus,
717 1697 752 1752 ut
773 1691 894 1770 penitus
917 1697 1092 1770 prosternat
1116 1689 1331 1752 astronomiam
1355 1688 1450 1750 nostri
1474 1689 1577 1760 seculi,
1606 1687 1676 1748 lau-

309 1780 364 1841 dat
387 1779 551 1859 antiquam,
577 1799 657 1842 more
682 1779 870 1860 querulorum
894 1799 998 1842 senum
1027 1789 1080 1843 aut
1108 1778 1135 1839 si
1159 1778 1237 1858 quod
1261 1778 1343 1840 aliud
1367 1785 1415 1840 est
1445 1785 1540 1857 genus
1574 1775 1676 1838 homi-

309 1886 379 1930 nnm
401 1867 662 1947 desperabundum
685 1875 717 1929 et
740 1868 997 1930 melancholicum.
1044 1867 1107 1932 Sed
1131 1875 1163 1928 et
1182 1873 1358 1947 argumento
1380 1867 1474 1928 utitur
1497 1885 1536 1927 ex
1559 1865 1676 1944 optima

308 1963 437 2036 utputo
462 1956 577 2018 forma:
608 1957 784 2036 pleraeque,
817 1957 927 2037 inquit,
958 1963 1040 2018 artes
1064 1956 1136 2019 olim
1158 1955 1356 2034 perfectiores
1380 1955 1478 2028 luere,
1508 1953 1671 2026 medicina,

307 2045 431 2118 musica,
452 2044 595 2113 oratoria,
620 2045 721 2124 quidni
745 2051 777 2106 et
800 2045 1005 2107 astronomia?
1049 2045 1096 2108 De
1115 2043 1264 2105 medicina
1278 2043 1457 2104 Thessalica
1477 2050 1566 2104 sunto
1586 2060 1673 2114 sane,

309 2132 358 2212 qui
382 2131 510 2194 divinius
534 2131 646 2212 aliquid
669 2132 849 2212 concipiant,
875 2152 965 2212 quam
989 2152 1027 2194 ex
1049 2133 1178 2196 residuis
1202 2131 1400 2194 monumentis
1424 2138 1570 2211 apparet:
1601 2137 1676 2190 aunt

308 2219 442 2282 vicissim
466 2239 526 2282 non
550 2221 672 2282 minoris
686 2219 814 2282 nominis
839 2229 988 2296 auctores,
1012 2221 1169 2284 Fernelius
1184 2227 1216 2282 et
1233 2219 1299 2294 alii,
1326 2220 1375 2300 qui
1398 2220 1465 2299 plns
1490 2227 1595 2281 nostro
1619 2237 1673 2278 se-

308 2307 374 2371 culo
404 2307 539 2371 tribuunt
574 2307 681 2388 majori
717 2308 985 2372 verisimilitudine.
1039 2310 1086 2372 De
1115 2309 1231 2372 musica
1256 2307 1401 2387 judicium
1431 2305 1491 2370 fert
1514 2309 1612 2370 Ursus
1635 2327 1675 2367 cx

308 2405 432 2470 eventu,
466 2395 516 2475 qui
540 2415 598 2458 non
623 2404 671 2459 est
697 2398 746 2460 vel
768 2398 798 2458 iu
822 2398 898 2461 artis
921 2399 970 2462 vel
993 2398 1023 2459 in
1048 2399 1173 2473 artificia
1196 2405 1361 2476 potestate.
1410 2394 1526 2470 Credo,
1560 2397 1675 2458 multos

306 2484 450 2546 admirari
472 2490 609 2548 veterum
636 2486 781 2548 musicam
810 2505 867 2549 non
896 2486 988 2548 aliam
1012 2487 1050 2548 ob
1074 2505 1211 2561 causam,
1247 2505 1336 2566 quam
1360 2485 1431 2565 quia
1454 2484 1553 2565 qualis
1582 2484 1676 2548 fuerit

306 2574 456 2653 ignorant.
505 2571 621 2644 Quibus
652 2593 724 2654 ego,
758 2575 784 2637 si
806 2574 889 2637 Dens
913 2577 1008 2639 vitam
1041 2574 1229 2638 concesserit
1262 2593 1317 2636 nec
1349 2573 1442 2635 otium
1472 2574 1616 2647 defuerit,
1643 2573 1673 2634 in

306 2661 540 2725 Harmoniois
574 2663 648 2724 meis
680 2664 908 2736 demonstrabo,
939 2671 1050 2745 quanto
1084 2662 1245 2726 intervallo
1274 2669 1362 2724 vetus
1390 2662 1506 2725 musica
1535 2670 1674 2722 nostram

306 2757 461 2830 sequatur.
508 2749 596 2821 Quod
621 2760 721 2813 antem
745 2752 884 2814 clamitat
897 2751 1005 2828 Ursus,
1030 2752 1118 2814 hodie
1142 2771 1200 2814 non
1225 2771 1292 2813 asae
1317 2759 1433 2812 tantum
1458 2750 1589 2812 musices
1612 2752 1673 2810 im-

306 2838 420 2918 perium
444 2839 473 2900 in
498 2839 625 2914 animos,
651 2839 680 2900 id
704 2839 833 2922 Scythes
857 2840 922 2914 ille,
949 2860 1043 2921 aeque
1067 2841 1226 2921 antiquus,
1259 2838 1375 2901 hinnitu
1399 2840 1468 2920 equi
1495 2837 1541 2900 sui
1566 2841 1673 2918 (quem

307 2926 439 3007 optimae
463 2927 633 2990 cantilenae
657 2929 809 3007 praeferre
825 2929 958 3000 solebat)
983 2929 1071 2991 facile
1086 2931 1209 2992 refutat.
1255 2927 1367 2990 Rarius
1386 2926 1587 2990 audiebantur
1602 2925 1675 2988 boni

310 3025 466 3089 cantores,
495 3035 570 3090 vox,
600 3024 634 3078 ut
660 3017 689 3078 in
714 3017 877 3080 comoediis
909 3026 940 3079 et
968 3018 1133 3098 tragoediis
1162 3019 1206 3080 sic
1234 3017 1263 3078 in
1292 3025 1384 3078 cantu
1414 3033 1675 3096 quorsumcunque

304 3103 526 3178 inflectebatur,
552 3104 654 3167 sensui
679 3105 836 3166 verborum
860 3107 1033 3184 aptabatur,
1057 3107 1185 3185 tempori
1201 3113 1233 3166 et
1259 3105 1397 3184 personis
1422 3112 1454 3166 et
1477 3105 1553 3178 loco,
1578 3103 1675 3164 verba

307 3192 406 3262 clara,
440 3192 604 3254 articulata
633 3200 664 3254 et
686 3194 866 3279 uernacula;
900 3213 1011 3274 magna
1033 3195 1135 3274 gentis
1159 3192 1297 3256 Graecae
1327 3194 1489 3266 mollities,
1524 3211 1675 3274 personae

307 3297 423 3360 quoque
439 3280 660 3360 cytharistriae,
684 3282 839 3362 psaltriae,
866 3283 987 3356 Lesbia,
1015 3281 1138 3362 Sappho
1163 3283 1210 3343 vel
1235 3281 1367 3362 lapidem
1386 3281 1546 3344 moverint.
1585 3279 1676 3352 Quae

308 3367 409 3428 omnia
432 3375 463 3428 et
486 3367 512 3428 si
535 3369 605 3448 quid
630 3369 710 3431 aliud
735 3370 792 3432 luit
816 3371 896 3450 apud
915 3378 1036 3433 veteres
1052 3372 1202 3444 decorum,
1226 3371 1315 3432 hodie
1331 3387 1447 3450 quoque
1466 3369 1579 3432 imitari
1597 3387 1676 3448 pos-

309 3474 431 3518 sumus:
465 3474 520 3516 neo
548 3475 697 3538 nunquam
725 3458 885 3523 imitamur.
933 3459 1079 3522 Nostmm
1106 3479 1177 3522 vero
1211 3459 1367 3520 artificium
1397 3458 1550 3521 veteribus
1582 3459 1677 3536 plane

308 3543 367 3604 luit
394 3543 586 3623 incognitum.
635 3543 696 3606 Sed
725 3547 812 3625 plura
840 3567 894 3608 suo
923 3549 997 3611 loco.
1044 3548 1091 3608 De
1115 3548 1248 3610 oratoria
1275 3566 1333 3608 non
1363 3547 1523 3610 contendo.
1572 3545 1678 3608 Causa

308 3638 410 3694 tamen
434 3651 545 3712 magna
569 3633 667 3694 estin
692 3642 802 3696 natura
824 3645 856 3698 et
879 3638 1011 3698 moribus
1035 3636 1145 3715 gentis,
1170 3655 1245 3716 quae
1260 3635 1440 3697 mollissima
1465 3635 1554 3699 facile
1578 3633 1678 3696 cuivis

235 3784 236 3787 ,
309 3719 438 3782 cedebat
462 3721 593 3796 affectui,
618 3721 731 3802 gloriae
756 3741 827 3786 vero
851 3724 1056 3804 cupidissima,
1081 3723 1110 3784 id
1134 3725 1199 3804 ejus
1219 3724 1431 3804 adipiscendae
1456 3744 1550 3788 causa
1573 3723 1677 3785 lacere

310 3826 368 3870 non
394 3809 554 3883 dubitavit,
579 3810 655 3888 quod
680 3818 781 3872 tamen
807 3812 868 3874 illis
883 3813 1044 3884 laudabile,
1069 3813 1157 3874 hodie
1178 3813 1255 3892 apud
1270 3830 1373 3874 omnes
1389 3823 1497 3891 gentes
1513 3813 1677 3874 detestan-

314 3896 384 3957 dnm
408 3903 465 3966 est,
490 3905 523 3959 ut
546 3897 612 3978 quis
636 3899 694 3961 sibi
718 3899 775 3979 ipsi
800 3901 949 3963 violentas
974 3921 1080 3962 manus
1105 3903 1221 3964 afferat.
1268 3899 1314 3962 De
1330 3901 1515 3964 astronomia
1538 3919 1610 3962 vero
1625 3920 1677 3962 res

310 3983 355 4046 ita
378 3985 462 4046 clara
485 3993 541 4060 est,
567 3995 600 4048 ut
622 3989 694 4050 nihil
719 4006 819 4067 snpra.
868 3989 1000 4050 Veniant
1025 3989 1172 4070 qbotqnot
1197 3991 1312 4052 suntin
1327 3989 1450 4070 Europa
1467 3989 1557 4070 periti
1576 4008 1677 4052 rerum

312 4073 610 4138 mathematicorum:
635 4096 692 4140 non
717 4077 877 4140 habiturus
900 4077 942 4139 sit
964 4079 1061 4141 Ursua
1084 4079 1133 4140 vel
1156 4098 1259 4154 uuum,
1293 4079 1344 4158 qui
1366 4080 1422 4142 hoc
1450 4081 1492 4142 illi
1517 4078 1677 4157 largiatur,

309 4160 521 4243 perfectiorem
549 4164 643 4226 luisse
667 4175 803 4228 veterum
827 4167 1052 4230 astronomiam.
1098 4167 1206 4248 Itaque
1236 4167 1339 4246 quanti
1364 4166 1405 4229 sit
1433 4168 1619 4242 laciendum,
1651 4169 1678 4228 si

311 4248 378 4329 quis
400 4258 538 4329 praestet
562 4254 640 4331 qnod
664 4252 817 4333 pollicitus
842 4261 891 4315 est
914 4256 1021 4330 Ursus,
1046 4273 1088 4316 sc.
1114 4257 1335 4318 restitutionem
1357 4257 1562 4320 astronomiae
1586 4263 1676 4318 vete·

311 4336 367 4412 ris,
402 4337 611 4402 consideratus
641 4341 737 4404 lector
771 4349 906 4403 censete.
954 4345 1038 4405 Haec
1066 4345 1230 4424 praecipua
1258 4345 1355 4418 luere,
1389 4364 1465 4424 quae
1494 4344 1551 4407 hoc
1579 4347 1677 4425 primo

311 4425 411 4506 capite
434 4427 472 4490 de
496 4435 604 4490 natura
627 4428 839 4510 hypothesium
863 4429 1043 4494 dicerentur.

895 4671 1086 4686 m
