3542 5528
323 283 365 348 12
778 307 786 316 ·
907 283 1068 336 humatum

321 452 369 508 ter
391 441 592 506 astronomiae
616 441 839 525 copemicanae
862 443 1006 507 scientiae
1028 443 1169 529 inopiam.
1216 443 1333 508 Licebit
1353 443 1408 506 tibi
1438 443 1559 515 limare,
1605 455 1683 498 mu-

321 545 396 609 tare,
421 533 536 608 tollere,
561 551 692 606 censere,
716 534 884 594 admonere.
930 533 1051 596 Nullam
1074 533 1193 597 literam
1216 533 1345 596 scribere
1368 529 1601 613 quoquomodo
1618 543 1684 626 p07

321 623 414 698 teris,
448 641 522 702 quae
552 620 623 684 mibi
646 639 704 684 non
728 621 828 684 futura
849 621 890 683 sit
912 623 1094 701 gratissima.
1141 621 1236 686 Orare
1259 630 1289 685 te
1311 621 1511 696 institissem,
1544 618 1574 682 si
1601 613 1685 678 mihi

319 731 379 774 non
404 719 486 776 esset
509 715 662 790 comperta
683 718 737 784 tna
762 709 811 772 hic
837 711 1029 790 promtitudo.
1075 711 1152 774 Illud
1183 712 1292 774 saltem
1320 711 1374 774 tibi
1400 711 1467 774 loco
1495 707 1685 772 luculentae

320 800 486 882 rogationis
510 817 576 861 esse
598 799 723 878 poterit,
756 799 833 879 quod
862 817 929 861 uror
955 801 1073 880 penitus
1104 801 1252 865 desiderio
1275 808 1392 864 tuarum
1415 800 1595 870 literarum,
1630 789 1686 874 qui

321 899 383 954 tam
407 890 457 952 din
476 888 540 968 jam
564 887 646 950 siles.
692 888 774 950 Male
797 887 838 950 sit
860 888 1027 964 tabellario,
1053 889 1166 971 siipse
1190 889 1219 952 in
1243 895 1415 952 causaest
1452 888 1557 968 Atque
1583 883 1683 956 adeo,

320 981 390 1061 qnia
412 976 574 1041 familiares
597 977 656 1040 mei
680 995 781 1039 omues
804 977 835 1038 in
857 976 958 1056 patrii
981 980 1115 1055 aberunt,
1140 979 1190 1042 ubi
1213 979 1388 1041 adolescens
1411 978 1469 1040 iste
1485 974 1525 1039 ad
1539 993 1601 1037 vos
1619 989 1684 1052 ap-

311 1069 447 1150 pulerit,
480 1065 618 1128 omittere
641 1085 700 1128 non
722 1084 854 1146 possum,
880 1066 948 1145 quin
971 1069 1019 1130 vel
1044 1088 1082 1131 ex
1104 1067 1142 1130 D.
1165 1075 1358 1150 praeceptore
1381 1063 1499 1148 rogem,
1532 1065 1683 1126 advene-

320 1159 397 1220 ritne
420 1156 459 1218 ad
473 1173 528 1215 vos
542 1154 592 1217 ille
608 1152 827 1236 Saeslingeneis
850 1156 985 1232 nuncius,
1006 1155 1202 1221 Wendelinns
1224 1159 1351 1232 nomine,
1375 1156 1424 1238 qni
1447 1151 1572 1220 8-18.
1599 1148 1685 1215 Julii

320 1246 389 1309 binc
411 1243 495 1316 abiit,
519 1261 586 1306 cnm
607 1244 750 1307 mediocri
773 1261 888 1306 summa
910 1247 983 1322 auri,
1008 1247 1085 1328 qnod
1108 1265 1173 1309 rueo
1195 1248 1312 1309 nornine
1327 1243 1537 1310 Stuccardiam
1556 1243 1684 1322 depor-

318 1343 384 1398 tare
407 1331 519 1396 debuit
565 1331 670 1413 Angor
694 1333 816 1414 de'ejns
839 1332 906 1396 dde.
954 1336 1055 1399 Velim
1086 1343 1186 1398 autem
1214 1355 1349 1409 rursum,
1381 1343 1416 1398 nt
1439 1335 1505 1415 jam
1528 1332 1579 1396 bis
1606 1327 1685 1400 feci,

318 1423 362 1486 tui
381 1422 487 1505 judicii
511 1421 548 1483 de
571 1420 617 1484 his
641 1422 729 1485 rebus
753 1423 883 1502 aliquam
906 1425 1015 1491 saltem
1039 1424 1269 1488 delineationem
1291 1442 1422 1496 cernere.
1469 1421 1566 1504 quue
1590 1419 1682 1490 ideo,

318 1513 388 1595 quia
409 1509 604 1594 pulcherrime
627 1511 774 1590 placuerit
795 1512 986 1590 magistratui
1008 1533 1089 1590 meo,
1122 1514 1176 1577 sub
1205 1513 1335 1595 ipsorum
1357 1512 1476 1576 nomine
1500 1511 1566 1574 tale
1590 1507 1682 1590 qnid,

317 1603 395 1665 tanti
417 1598 595 1683 praesertim
617 1600 775 1676 momenti,
800 1602 903 1680 quanti
926 1621 982 1686 ego
1005 1622 1122 1679 censeo,
1148 1603 1246 1666 edere.
1292 1601 1337 1665 At
1359 1602 1423 1664 sine
1446 1610 1499 1665 tuo
1524 1599 1682 1664 testimo-

318 1691 367 1754 nio
389 1709 445 1753 nec
467 1689 526 1770 ipsi
548 1687 736 1752 nobilitatem
758 1687 930 1772 intelligent
952 1694 1115 1764 metonae,
1139 1711 1193 1756 nec
1216 1691 1288 1758 mihi
1310 1692 1480 1756 consultum
1502 1691 1533 1754 in
1559 1689 1682 1753 docto-

318 1799 381 1844 rum
404 1786 558 1860 aspectum
582 1777 709 1859 prodire.
753 1778 800 1841 De
823 1777 985 1858 Mercurio,
1016 1783 1085 1864 quia
1107 1783 1176 1845 novi
1200 1783 1270 1864 qnid
1292 1782 1376 1844 vides
1398 1781 1431 1844 in
1455 1777 1682 1843 ecceotrioita-

542 1897 589 1950 ιι..
604 1897 625 1940 r.
850 1879 912 1934 tem
943 1873 1105 1948 intrusum,
1144 1871 1188 1935 sic
1219 1871 1322 1953 accipe
1355 1870 1492 1951 amplius.
1547 1867 1580 1932 A
1609 1864 1682 1934 Sor,

324 2003 347 2058 Β
476 1965 522 2014 -B
680 2025 759 2038 „-
767 2005 793 2054 A
852 1959 909 2023 AB
933 1960 1079 2023 distantia
1101 1980 1138 2024 ex
1159 1969 1213 2024 tua
1234 1961 1340 2024 tabula
1362 1978 1404 2024 sc.
1420 1956 1475 2024 29‘
1493 1955 1572 2022 24¹⁴.
1617 1951 1681 2018 Ac

373 2089 788 2167 αἛἻ-,ωλ
851 2049 999 2112 distantia
1021 2069 1058 2114 ex
1080 2049 1213 2113 octubdn'
1236 2049 1381 2132 quadrato
1405 2050 1561 2122 desumta,
1588 2043 1682 2108 ecili-

853 2145 902 2200 cet
916 2133 970 2202 28⁴
978 2135 1053 2204 46⁴⁴.
1077 2139 1133 2202 BD
1147 2146 1214 2203 tota
1223 2139 1377 2202 crassities
1391 2133 1682 2202 orbisMercnrialis

316 2249 361 2294 sc.
381 2224 521 2292 11‘221‘.
545 2227 627 2308 Ergo
642 2227 668 2290 ei
681 2227 739 2290 AB
755 2227 808 2290 dat
820 2226 891 2289 BD:
911 2225 1064 2291 AOdabit
1077 2227 1131 2292 OE
1149 2228 1199 2292 Μ’
1210 2227 1263 2292 7”.
1286 2226 1443 2292 Hactenus
1459 2227 1581 2301 eadem,
1598 2241 1682 2306 qnae

319 2319 348 2380 in
372 2317 441 2380 aliis
464 2317 606 2396 planatis.
634 2315 703 2378 dam
721 2315 776 2378 AF
790 2315 982 2379 distantiaex
995 2317 1059 2398 ipso
1072 2318 1416 2382 octaedrodesuurtasc.
1428 2313 1482 2381 23⁴
1493 2311 1574 2380 29”.
1606 2313 1680 2377 Non

224 2460 228 2470 .
319 2415 419 2470 autem
441 2413 490 2468 est
512 2404 691 2481 verisimile,
719 2405 800 2467 orbis
822 2405 1012 2469 Mercurialis
1041 2407 1154 2470 nnllam
1176 2427 1242 2471 esse
1266 2406 1450 2470 crassitiem:
1485 2411 1520 2468 nt
1547 2403 1596 2466 sic
1620 2401 1682 2465 AF

318 2503 402 2558 esset
425 2494 572 2558 distantia
594 2493 702 2556 media.
746 2493 825 2558 Nam
847 2492 899 2558 FC
923 2515 981 2557 non
1005 2503 1053 2558 est
1075 2495 1197 2560 dimidia
1218 2495 1373 2560 crassities
1397 2493 1479 2558 orbis
1498 2491 1679 2556 Mercuria-

318 2584 366 2658 lis,
389 2603 456 2645 cum
475 2585 537 2666 Jam
561 2582 673 2646 dictum
695 2581 746 2657 sit,
771 2583 909 2662 quiequid
930 2586 971 2647 sit
993 2602 1084 2664 supra
1097 2586 1123 2648 F
1137 2604 1240 2649 versus
1255 2583 1290 2660 0,
1313 2584 1344 2646 id
1367 2584 1406 2646 ab
1425 2583 1575 2646 octaedro
1592 2580 1678 2655 elidi,

319 2693 373 2736 nec
396 2671 479 2735 ullibi
503 2673 599 2736 locum
622 2671 773 2744 invenire,
805 2670 862 2734 nisi
890 2674 918 2735 in
947 2673 1012 2754 ipso
1041 2675 1186 2755 quadratu
1215 2693 1303 2754 snper
1328 2673 1458 2736 medium
1492 2670 1678 2734 comedrnm

277 2829 279 2832 ,
319 2769 503 2827 transeunte.
549 2759 650 2832 Quare
673 2768 708 2823 ut
729 2765 883 2823 constaret
906 2762 969 2825 orbi
993 2781 1047 2824 rua
1070 2762 1238 2837 crassities,
1261 2763 1356 2826 damsi
1380 2761 1418 2826 ab
1441 2759 1469 2823 Ε
1494 2755 1678 2824 versan

318 2859 443 2926 tantum,
469 2857 614 2932 qnantum
634 2857 681 2912 est
704 2870 723 2910 a
747 2845 772 2912 O
795 2866 914 2913 versum
934 2851 969 2914 F.
1015 2851 1180 2915 Residnnm
1202 2850 1259 2915 FG
1282 2860 1330 2914 est
1353 2848 1428 2927 33¹1,
1454 2847 1617 2912 dimidium
1635 2847 1677 2922 H,

318 2959 362 3004 sc.
386 2940 474 3002 ruodo
498 2945 632 3002 correcto
656 2937 756 3000 media
779 2936 933 3014 distantia,
956 2940 983 3002 F
1003 2939 1095 3021 igitur
1117 2959 1240 3015 summa,
1266 2947 1408 3022 qnantum
1430 2939 1550 3020 patitur
1574 2938 1679 3018 ipsum

317 3029 452 3092 octaedri
475 3047 601 3114 eorpus,
625 3025 651 3090 0
675 3044 806 3116 summa,
830 3036 972 3108 quantem
994 3029 1107 3108 patitur
1130 3030 1316 3111 quadratum.
1362 3029 1457 3091 Esset
1479 3026 1575 3108 igitur
1598 3027 1680 3088 haec

526 3139 573 3187 ru.
589 3138 612 3181 s.
825 3117 921 3178 torma
942 3117 1022 3179 orbis
1045 3117 1242 3181 Mercurialis.
1288 3117 1361 3191 ΑΒ,
1385 3115 1443 3181 ΑΟ
1467 3115 1679 3197 perpendicu-

553 3195 582 3242 Α
822 3205 902 3266 lares
934 3203 963 3265 in
995 3204 1118 3268 basibus
1145 3207 1296 3280 octaedri,
1328 3211 1404 3287 quae
1438 3205 1557 3268 iaciunt
1589 3205 1622 3266 in
1648 3202 1681 3266 A

824 3290 889 3365 (nbi
911 3311 1000 3354 noum
1021 3294 1101 3356 latus
1123 3295 1273 3368 bisecant)
1297 3295 1552 3376 angulnm'paolo
1570 3292 1679 3372 majo-

824 3398 886 3441 rem
908 3387 1001 3444 reoto.
1046 3381 1143 3461 Igitur
1167 3385 1265 3447 minus
1296 3384 1473 3466 epicyclium
1506 3381 1584 3459 ΟΕ,
1619 3381 1681 3444 DF

810 3467 901 3530 flacit
922 3469 1090 3532 crassitiem
1113 3473 1143 3550 tl,
1168 3491 1225 3553 quo
1249 3475 1271 3552 Q
1292 3473 1332 3535 ad
1345 3479 1464 3535 tanum
1479 3471 1682 3535 altitudinem

823 3556 968 3630 evehitur,
992 3566 1134 3639 quantem
1157 3561 1319 3624 admittant
1342 3560 1382 3636 G,
1404 3561 1446 3636 H,
1470 3567 1580 3624 centra
1603 3559 1680 3640 pla·

786 3649 925 3706 duorum
964 3645 1210 3712 oetstdricorum.
1269 3649 1316 3713 AI
1347 3649 1478 3714 altitudo
1516 3648 1678 3732 qufflmti.

820 3731 890 3806 OA,
913 3734 974 3797 ΒΚ
995 3735 1073 3799 radii
1095 3738 1217 3818 maJ'oris
1241 3738 1392 3820 epicyclii,
1416 3757 1472 3818 per
1496 3739 1579 3820 qnod
1602 3739 1678 3819 pla-

820 3829 892 3884 neta
914 3823 953 3885 ad
975 3821 1005 3884 A
1027 3843 1120 3906 usque
1143 3827 1288 3890 ascendit.
1319 3824 1391 3889 an
1406 3835 1456 3890 est
1473 3827 1505 3890 iu
1520 3831 1679 3910 apogaeo,

820 3911 870 3971 vel
892 3909 1020 3990 ἀφηιιφ,
1046 3914 1077 3975 in
1098 3913 1128 3976 D
1154 3915 1184 3978 in
1211 3918 1345 3994 περιηλιφ
1372 3923 1511 3980 centrum
1544 3917 1679 4000 epicyoli

821 4000 953 4081 majoris.
999 4001 1035 4073 L,
1057 4002 1092 4064 M
1113 4002 1183 4083 poli.
1226 4001 1404 4067 LGOHMF
1432 4005 1516 4068 orbis
1540 4006 1678 4088 integer.

820 4085 980 4170 Epicyclue
1004 4090 1098 4171 major
1119 4091 1210 4171 igitur
1232 4093 1351 4155 eminet.

405 4169 451 4231 De
474 4166 660 4247 digressione
685 4171 776 4235 etiam
798 4173 926 4238 Veneris
950 4185 982 4239 et
1003 4179 1143 4242 Mercurii
1165 4181 1310 4258 maxima,
1342 4182 1432 4244 velim
1460 4181 1560 4259 scire,
1597 4203 1678 4265 qnae

317 4276 410 4322 cansa
432 4256 474 4318 sit
495 4255 681 4320 diversitatis
702 4261 781 4323 inter
802 4269 884 4325 tuam
896 4264 1031 4329 tabulam
1044 4275 1076 4329 et
1088 4266 1167 4331 inter
1180 4269 1369 4332 Protunicas.
1394 4271 1444 4334 An
1456 4289 1530 4334 vero
1548 4272 1676 4336 distan-

318 4349 363 4412 tia
384 4347 415 4408 in
438 4345 520 4406 sinus
543 4361 686 4408 conversa
709 4349 799 4427 (qnae
822 4359 870 4414 est
893 4349 946 4416 ²9¹
970 4351 1049 4428 W)
1072 4374 1130 4418 non
1154 4357 1277 4420 exhibet
1298 4359 1371 4421 mihi
1395 4379 1499 4426 arcum
1523 4361 1677 4442 longissi-

319 4454 385 4500 mae
409 4429 603 4513 digressionis
627 4433 764 4498 emedio
788 4437 853 4500 loco
877 4437 979 4503 Solis?
1023 4443 1091 4506 Nisi
1118 4452 1151 4508 tu
1174 4445 1246 4508 mihi
1270 4447 1395 4520 dixeris,
1428 4467 1587 4530 nunqnam
1618 4470 1676 4532 ego

319 4525 459 4588 didicero.
504 4518 554 4581 An
578 4538 633 4616 ego
656 4523 734 4586 forte
756 4543 821 4589 erro
844 4527 874 4589 in
898 4531 1139 4608 computatione?
1166 4531 1289 4604 Quanta
1311 4535 1403 4616 igitur
1426 4545 1477 4600 est
1501 4538 1532 4601 in
1558 4539 1676 4602 Prote-

319 4611 417 4677 nieis?
448 4607 604 4680 Quomodo
626 4612 793 4690 capienda?
824 4613 948 4686 Quanta
965 4616 996 4678 in
1018 4620 1149 4684 maxima
1171 4621 1355 4701 digressione
1378 4625 1537 4690 anomalia
1562 4645 1675 4692 eccen-

319 4700 384 4764 trl?
420 4696 542 4771 Quanta
565 4700 821 4764 commutationis?
857 4704 902 4768 Tu
927 4705 1005 4769 baec
1027 4708 1099 4771 milri
1121 4709 1216 4772 tribus
1239 4710 1339 4774 verbis
1363 4714 1509 4793 expedire
1533 4716 1674 4797 poteris:

320 4807 376 4852 nec
398 4787 428 4850 in
451 4784 600 4868 ingratum
622 4786 793 4854 beneficium
817 4793 962 4860 conferes.
998 4793 1065 4878 Idgo
1079 4797 1123 4864 sic
1137 4815 1255 4880 censeo,
1274 4798 1305 4865 in
1320 4801 1530 4888 superioribus
1543 4805 1674 4892 prosth-
