3542 5528
332 244 372 312 tt
915 249 1076 303 aaran.
1128 331 1130 340 Ι

328 409 455 472 demere.
501 405 617 479 Quodsi
640 407 795 472 existimas
819 407 928 470 licere:
958 414 1114 490 sequetur,
1137 427 1192 469 nos
1214 427 1303 488 posse
1327 407 1437 470 habere
1459 403 1683 468 exactissimos

328 507 436 560 motus.
481 497 560 560 Nam
582 497 681 558 media
703 498 770 560 loca
792 505 862 558 sunt
883 516 921 557 ex
943 497 999 560 lroc
1022 495 1129 571 modo;
1161 496 1266 559 deinde
1298 496 1499 562 dimensiones
1523 489 1682 556 eccentri-

328 587 452 649 citatum
475 606 513 649 ex
535 585 714 666 corporibus.
762 583 957 658 Consideravi
979 592 1088 658 autem,
1111 593 1209 648 utrum
1227 604 1285 648 non
1301 584 1440 648 debilitas
1454 584 1509 646 illa
1523 603 1543 644 a
1557 576 1684 644 summai

327 675 474 744 inferioris
497 675 536 737 ad
558 675 646 737 imam
669 674 830 754 superioris
854 675 1051 754 computanda
1074 673 1133 736 sit:
1166 683 1199 736 nt
1220 675 1266 736 ita
1287 693 1341 754 per
1363 673 1534 736 crassitiem
1558 668 1682 734 orbium

327 764 409 826 nulla
431 765 582 826 accideret
604 762 782 832 debilitatio.
828 761 889 824 Sed
917 783 971 826 nec
998 763 1054 825 hoc
1085 763 1205 826 eulfieit.
1249 764 1330 827 Nam
1357 763 1480 837 Venus,
1515 761 1618 822 Terra
1651 763 1684 817 et

326 853 410 915 Mars
434 853 577 915 deberent
598 852 708 914 habere
731 851 891 914 maximam
915 853 1085 914 crassitiem
1107 851 1137 914 in
1159 853 1349 933 proportione
1373 871 1445 914 suae
1468 849 1615 930 propriae
1632 845 1682 906 di-

326 941 476 1003 stantiae:
509 959 576 1003 cum
599 949 697 1004 tamen
720 940 751 1015 ll
773 949 805 1002 et
829 943 853 1017 ὅ
878 940 1010 1003 habeant
1032 940 1174 1020 aequales
1197 949 1229 1003 et
1251 941 1407 1016 minimas,
1441 934 1558 1020 posti}
1583 944 1620 998 et
1645 932 1681 1007 9,

326 1031 394 1093 inde
418 1039 443 1100 d
465 1037 498 1091 et
520 1032 545 1106 ὅ
570 1047 635 1092 cum
658 1030 759 1102 Luna,
788 1049 831 1092 sc.
856 1030 881 1090 si
905 1031 1000 1109 ipsam
1023 1028 1104 1092 orbis
1128 1030 1277 1092 crassitiei
1300 1049 1487 1104 accenseam,
1511 1025 1682 1088 maximam
1764 1055 1765 1060 ¹

326 1138 396 1182 vero
420 1119 533 1181 habeat
556 1121 587 1196 b.
634 1119 735 1199 Atque
759 1118 833 1180 haec
856 1119 1012 1182 hactenus.
1058 1117 1108 1180 Ex
1130 1117 1234 1198 quibus
1248 1120 1343 1190 sides,
1367 1138 1413 1182 me
1438 1125 1585 1198 nugatum
1611 1130 1682 1174 esse

309 1205 356 1270 'in
383 1208 525 1289 proximis
553 1207 648 1270 literis
677 1209 714 1270 de
743 1207 906 1287 quadrante
929 1209 1052 1270 lixarum
1076 1207 1207 1270 ambitus
1229 1208 1337 1270 mundo
1360 1206 1544 1287 invergendo
1567 1219 1682 1266 versus

325 1297 438 1360 Solem.
483 1295 550 1376 Ego
579 1305 660 1360 certe
689 1295 847 1358 artificiose
875 1315 922 1358 me
949 1297 1045 1376 ipsum
1076 1296 1191 1377 decepi,
1222 1306 1253 1359 et
1275 1296 1382 1359 misere
1406 1296 1534 1375 quidem.
1584 1289 1683 1354 Nulla

326 1401 453 1468 unquam
476 1384 636 1448 calculatio
659 1384 726 1465 plus
750 1385 892 1464 temporis
915 1385 1082 1466 occupavit,
1105 1386 1173 1464 plus
1196 1386 1353 1465 spirituum
1376 1384 1488 1457 hausit,
1513 1401 1608 1464 quam
1627 1379 1684 1441 illa

327 1475 394 1554 ipsa
411 1483 475 1536 tam
497 1492 576 1536 vana
598 1483 719 1554 tamque
743 1474 921 1536 frustranea.
967 1473 1010 1536 Et
1032 1482 1131 1536 tamen
1156 1474 1285 1536 fortasse
1309 1475 1405 1536 simile
1425 1473 1572 1554 quiddam
1585 1472 1680 1540 inest,

327 1565 405 1645 qnod
428 1582 484 1642 ego
508 1571 629 1626 secutus
652 1581 726 1626 sum.
773 1560 835 1624 Sed
858 1569 925 1624 utut
949 1562 1029 1638 insit,
1054 1563 1166 1626 accidit
1187 1557 1297 1629 mundo'
1320 1572 1351 1624 et
1369 1561 1516 1625 creatoris
1535 1557 1680 1630 oonsilio,

327 1653 391 1716 sive
414 1652 473 1733 ipsi
495 1661 620 1714 naturae
645 1649 746 1724 Solis,
770 1670 845 1713 cum·
859 1651 969 1714 nullam
992 1652 1105 1714 habeat
1127 1670 1266 1714 causam:
1291 1654 1395 1714 sedne
1410 1648 1576 1715 verisimile
1591 1647 1681 1728 quic-

327 1761 414 1822 quam
446 1749 566 1820 praetor
596 1739 847 1821 pulchritudinem
878 1741 970 1802 stulte
1002 1741 1145 1802 creditam
1184 1735 1225 1803 et¹
1246 1739 1355 1822 qnietis
1383 1741 1508 1804 lixarum
1541 1754 1681 1800 causam.

218 1860 221 1869 ‹
327 1831 440 1892 Vemm
463 1847 688 1909 supervacanea
710 1835 759 1890 est
781 1847 873 1890 cansa
895 1829 964 1902 illa,
998 1848 1063 1890 eum
1093 1829 1156 1891 alia
1187 1830 1227 1891 sit
1253 1830 1345 1892 multo
1368 1829 1465 1910 magis
1489 1825 1681 1890 necessaria.

326 1920 404 1984 Nam
428 1918 486 1980 etsi
510 1919 618 1998 exigua
642 1917 742 1997 aliqua
765 1917 860 1979 virtus
883 1935 1004 1978 movens
1029 1917 1070 1978 sit
1091 1935 1182 1998 prope
1206 1920 1298 1993 lixas,
1323 1937 1381 1981 non
1404 1925 1507 1981 movet
1529 1916 1605 1978 illas
1629 1922 1681 1976 ta-

222 2075 224 2079 ,
326 2027 404 2083 men,
431 2007 580 2088 quianon
606 2013 675 2068 sunt
697 2006 726 2068 in
750 2004 825 2068 loco.
864 2003 951 2068 'Nam
974 2006 1055 2067 locus
1078 2025 1116 2068 ex
1139 2007 1185 2068 his
1207 2007 1358 2088 principiis
1380 2008 1420 2071 ad
1443 2015 1559 2068 motum
1574 2005 1682 2083 requi-

326 2098 418 2160 ritur:
455 2096 517 2157 tale
541 2113 645 2174 nempe
670 2093 748 2173 quid,
773 2093 803 2155 in
827 2113 883 2174 quo
907 2095 1001 2157 virtus
1025 2114 1045 2154 a
1067 2093 1138 2157 Sole
1162 2113 1315 2175 emergens
1337 2097 1452 2159 nitatur
1476 2104 1509 2156 et
1531 2094 1682 2155 reflecta-

327 2197 384 2248 tur.
410 2185 452 2258 (in
477 2183 632 2263 margine:
656 2182 787 2244 Axioma
809 2182 1023 2245 divinissimum
1047 2185 1206 2246 valiturum
1228 2204 1411 2264 peromnes
1443 2183 1591 2246 scientias
1626 2198 1684 2262 ego

325 2274 390 2354 jam
413 2271 510 2335 animo
534 2272 688 2351 suspicor:
712 2291 756 2332 sc.
780 2267 964 2351 Quidquid
987 2273 1176 2334 constanti
1200 2273 1314 2336 utitur
1336 2290 1483 2348 numero
1507 2272 1543 2334 in
1568 2271 1683 2332 coelo

326 2361 386 2424 vel
406 2361 536 2434 Terra,
560 2362 638 2442 eius
661 2360 801 2424 numeri
823 2359 922 2424 ratio
946 2361 999 2422 vel
1023 2361 1182 2424 mediate
1205 2363 1265 2425 vel
1288 2361 1504 2424 immediate
1524 2357 1578 2422 a5
1596 2377 1682 2420 cor-

324 2449 722 2534 poribusdeducenda.
768 2447 812 2511 Ut
832 2448 862 2508 in
886 2467 956 2510 rosa
979 2449 1105 2530 quinque
1129 2457 1199 2512 sunt
1222 2450 1330 2513 iratres
1345 2453 1430 2524 etc).
1476 2451 1562 2511 llaec
1577 2447 1685 2510 omnia

324 2539 438 2620 poterit
459 2538 497 2600 D.
521 2545 699 2622 praeceptor
722 2555 811 2599 manu
832 2536 1045 2618 Emdschochii
1068 2538 1221 2618 descripta
1247 2540 1339 2602 etiam
1371 2541 1410 2602 ad
1442 2538 1520 2600 alios
1553 2537 1683 2598 mittere

327 2639 358 2689 et
380 2628 538 2708 praecipue
558 2627 597 2689 ad
620 2625 796 2688 Rbslinum:
821 2627 870 2706 qni
892 2627 994 2706 procul
1018 2627 1106 2690 dubio
1124 2628 1188 2707 jam
1210 2646 1298 2708 porro
1321 2629 1454 2711 fatiscet,
1467 2627 1523 2689 snb
1541 2625 1684 2708 pondere

327 2717 378 2780 illo
401 2717 494 2779 totius
517 2717 592 2778 coeli
616 2715 783 2777 eccentrici.
830 2715 929 2777 Etiam
961 2715 990 2778 iu
1014 2715 1070 2777 boc
1093 2717 1163 2778 mihi
1184 2717 1420 2796 gratificaretur,
1453 2715 1481 2777 si
1503 2713 1682 2776 Hohensel·

327 2806 389 2868 deri
402 2799 430 2880 ⁸)
453 2813 488 2868 ut
505 2805 628 2879 nobiles,
654 2823 738 2865 suam
761 2803 942 2866 sententiam
966 2804 1096 2866 carmine
1118 2805 1166 2867 vel
1189 2824 1288 2884 prosa,
1312 2814 1345 2868 ut
1360 2806 1452 2878 lubet,
1479 2803 1683 2880 demonstra-

312 2903 400 2960 rent.
449 2895 528 2957 Nam
551 2893 595 2955 illi
618 2891 703 2955 liberi
733 2901 812 2954 sunt.
858 2891 904 2954 De
937 2893 1004 2960 aliis
1034 2893 1206 2956 academiae
1230 2894 1340 2974 juratis
1363 2901 1484 2967 metuo,
1518 2901 1553 2956 ut
1582 2892 1685 2953 velint

325 2984 437 3064 aliquid
461 2990 564 3044 contra
586 2990 739 3061 receptam
761 2981 941 3043 sententiam
965 2981 1075 3061 largiri.
1123 2983 1183 3044 Vel
1211 2983 1242 3044 in
1265 2982 1467 3063 disputatione
1493 2981 1530 3043 de
1545 2979 1685 3042 Lunae

324 3091 371 3136 me
394 3071 565 3154 conscripta
586 3071 642 3133 hoc
665 3069 708 3131 M.
734 3069 878 3132 Mt'rllems
902 3069 1134 3146 demonstravit,
1158 3089 1247 3151 quam
1270 3071 1380 3151 alioqui
1402 3071 1584 3132 defensurus
1612 3069 1683 3131 fne-

324 3170 374 3225 rat
396 3161 543 3222 Beseldus
557 3153 594 3231 ⁶).
639 3156 775 3236 Denique
799 3156 835 3217 de
859 3158 1045 3237 typographo
1068 3167 1151 3219 tuam
1165 3159 1345 3221 sententiam
1359 3159 1490 3228 audiam,
1515 3178 1554 3220 an
1571 3156 1683 3237 Grap-

323 3248 521 3330 psnbachium
545 3253 743 3326 opportunum
755 3252 786 3304 et
798 3252 936 3322 paratum
959 3264 1107 3319 censeres,
1133 3266 1170 3307 an
1188 3249 1417 3310 Franeolurtum
1427 3247 1614 3309 mittendum
1632 3247 1683 3320 sit,

324 3345 356 3402 ot
377 3357 453 3418 quae
476 3335 596 3397 soleant
618 3332 685 3395 iniri
700 3331 895 3394 conditiones.
932 3331 1008 3411 Ego,
1032 3333 1143 3413 optime
1157 3343 1343 3417 praeceptor,
1359 3354 1507 3417 propero:
1533 3354 1596 3397 non
1613 3354 1683 3396 meo

324 3425 488 3488 commodo.
535 3423 613 3486 Nam
637 3420 710 3481 baec
734 3419 783 3481 ubi
805 3419 946 3499 evulgata
967 3421 1084 3498 fuerint,
1109 3423 1160 3486 alii
1180 3425 1281 3487 forsan
1298 3427 1385 3506 plura
1407 3424 1574 3498 invenient,
1595 3415 1684 3505 'quae

324 3514 396 3576 milri
417 3512 583 3592 potuissem
605 3527 770 3571 reservare.
821 3506 882 3570 Sed
905 3528 1005 3570 sumus
1028 3530 1129 3575 omnes
1154 3514 1200 3585 (et
1223 3533 1277 3593 ego
1300 3513 1495 3594 praesertim)
1520 3511 1683 3594 ἐφημεροι.

324 3603 390 3682 Ego
414 3619 483 3662 vero
511 3599 635 3671 studeo,
669 3603 702 3658 ut
724 3596 798 3657 baec
821 3596 861 3656 ad
882 3597 940 3658 Dei
962 3598 1100 3678 gloriam,
1136 3601 1186 3680 qui
1215 3603 1280 3664 vult
1302 3621 1341 3663 ex
1363 3603 1438 3664 libro
1462 3610 1597 3664 naturae
1623 3621 1683 3683 ag-

324 3688 417 3764 nosci,
441 3707 528 3769 qnam
550 3684 721 3747 maturrime
745 3684 919 3764 vulgentur:
944 3704 1000 3764 quo
1025 3688 1092 3767 plus
1116 3689 1168 3750 alii
1190 3688 1258 3752 inde
1282 3690 1478 3765 extmxerint,
1503 3692 1562 3753 hoe
1577 3691 1682 3772 magis

324 3778 470 3858 gaudebo,
494 3775 566 3837 nulli
588 3773 735 3836 invidebo.
782 3771 833 3836 Sic
855 3775 924 3836 vovi
947 3773 1022 3850 Deo,
1046 3777 1090 3838 sio
1113 3785 1176 3839 stat
1198 3781 1358 3841 sententia.
1406 3781 1583 3858 Theologua
1609 3799 1681 3842 esse

324 3866 478 3928 volebam:
507 3864 557 3925 diu
580 3861 726 3941 angebar:
749 3861 832 3924 Deus
856 3880 925 3926 ecce
948 3862 1017 3924 meri
1038 3864 1245 3944 opertetiam
1269 3867 1297 3929 in
1321 3868 1508 3930 astronomia
1532 3869 1680 3932 celebra-

324 3963 383 4016 tur.
429 3949 509 4022 Quin
531 3950 653 4012 tandem
676 3969 742 4012 eum
756 3949 844 4012 Petro
868 3951 1013 4013 attonitus
1036 3971 1174 4034 emmpo:
1198 3955 1259 4018 Abi
1283 3977 1302 4017 a
1324 3976 1381 4033 me,
1406 3957 1478 4038 quia
1492 3958 1587 4020 homo
1601 3977 1682 4039 pec-
1726 3947 1729 3954 ’

324 4049 410 4104 cator
433 4057 507 4101 sum.
554 4035 589 4099 Si
611 4057 747 4118 unquam,
772 4038 821 4099 vel
843 4038 890 4100 hic
914 4040 1003 4102 etiam
1027 4042 1063 4103 de
1086 4043 1233 4105 industria
1254 4044 1418 4108 voluissem
1442 4065 1512 4108 esse
1529 4056 1681 4110 astrono-

324 4149 408 4204 mus,
441 4128 467 4188 si
494 4145 552 4188 non
584 4125 682 4188 omnia
705 4127 914 4190 delectationis
937 4148 1029 4191 causa
1052 4131 1270 4210 suscepissem,
1302 4134 1399 4196 minus
1423 4135 1563 4198 mirarer.
1614 4136 1681 4202 Sed

323 4217 444 4282 nimium
458 4233 505 4276 me
528 4213 652 4288 effundo,
677 4213 791 4294 gaudeo
814 4234 860 4276 me
883 4215 983 4280 videre
1006 4219 1091 4281 finem
1114 4219 1244 4284 chartae.
1292 4223 1369 4285 Vale
1391 4223 1583 4304 Praeceptor
1598 4223 1680 4288 Cla-

323 4305 441 4372 rissima
465 4311 563 4366 etms
588 4321 803 4382 amareperge.
849 4302 947 4366 Datae
971 4303 1000 4368 3.
1026 4305 1093 4370 Oet.
1119 4316 1158 4370 st.
1183 4329 1212 4371 n.
1237 4329 1313 4372 anno
1338 4305 1396 4376 95.Ι
1439 4311 1585 4376 Salutem
1609 4315 1680 4377 dico

325 4393 460 4458 omnibus
483 4390 739 4470 Praeceptoribus.

839 4479 1040 4544 Humanitatis
1063 4483 1144 4544 Tuae

934 4569 1167 4634 officiosissimus
1189 4577 1221 4632 et
1243 4573 1433 4651 gratissimas
1458 4577 1633 4660 discipulus

1145 4659 1196 4721 M.
1219 4659 1271 4723 Jo.
1293 4661 1425 4745 Kepos.
