3698 5516
316 253 382 330 272
863 269 986 336 Apologia
1002 267 1126 333 monta

247 478 250 488 .
316 443 444 506 superne
467 423 702 504 praedictarum,
727 434 761 488 et
782 425 851 490 ideo
874 445 932 490 nou
955 435 1083 508 possunt
1105 427 1214 490 abesse
1238 425 1375 508 amplius,
1404 425 1546 508 quoniam
1569 443 1683 490 curva-

318 524 388 578 tura
411 514 550 576 absidum
580 513 759 577 nonhabet
785 515 826 578 ibi
854 515 1071 596 longitudinem
1094 516 1275 596 majorem.“
1322 514 1491 579 Obscurum
1521 534 1591 578 esse
1616 514 1685 577 Pli-

317 603 399 666 nium
422 603 451 664 in
475 603 523 664 his
546 602 647 664 verbis
671 621 774 666 omnes
798 605 946 678 latentur,
975 603 1171 681 Collimitius,
1202 625 1240 668 ex
1262 604 1319 666 hoc
1343 605 1500 685 Zieglems
1528 605 1685 684 iuterp're-

318 693 464 754 tatiouem
488 709 577 753 uuam
600 692 731 755 afferunt
753 700 785 754 et
808 693 896 755 simul
910 693 1050 773 rejiciunt
1072 703 1105 756 ut
1119 693 1356 774 impossibilem:
1380 693 1537 773 Zieglema
1552 693 1683 756 alteram

315 779 492 860 superaddit
513 779 697 861 Mycilloque
721 781 907 862 suppeditat,
932 800 1020 863 quam
1043 791 1137 862 negat
1159 783 1224 862 ipse
1248 801 1315 844 esse
1339 781 1546 846 Plinianomm
1568 782 1683 846 verbo·

315 888 380 931 rum
403 868 576 948 genuinam.
625 865 688 932 Sed
713 867 899 950 Ceperuicus
928 871 1124 932 communiter
1146 871 1219 932 mihi
1243 878 1276 933 et
1297 871 1377 934 Urso
1400 877 1541 951 receptus
1569 871 1601 933 in
1624 871 1685 932 hoc

314 958 435 1037 negotio
458 957 559 1033 testis,
583 957 610 1019 is
635 976 717 1038 ergo,
741 958 918 1040 posthabito
941 976 1009 1039 cap.
1026 959 1128 1034 v111.‚
1154 960 1314 1023 emendato
1334 979 1406 1021 vero
1421 967 1576 1032 contextu,
1602 959 1685 1040 quod

314 1046 420 1110 crebro
444 1046 474 1108 in
498 1045 553 1108 hoc
577 1055 701 1109 auctore
724 1047 929 1110 necessarium
953 1050 1092 1117 occurrit,
1117 1049 1212 1110 efficit
1233 1056 1267 1111 ut
1285 1049 1350 1128 jam
1369 1049 1399 1110 in
1418 1048 1517 1111 Plinio
1533 1047 1683 1128 Capellae

316 1153 419 1198 vocem
442 1134 598 1198 exaudias.
645 1133 697 1198 Sic
721 1155 827 1216 nempe
851 1135 974 1216 scripsit
996 1157 1034 1200 ex
1057 1145 1157 1198 mente
1183 1135 1343 1218 Coparnioi
1367 1137 1500 1200 Plinius:
1529 1155 1683 1212 „couver-

314 1221 505 1286 sashabent
527 1232 671 1304 utraeque
695 1224 819 1288 absidas
846 1233 881 1288 ut
903 1225 1014 1288 circum
1039 1223 1141 1288 Solem
1164 1227 1257 1300 sitao;
1286 1233 1462 1306 tantumque
1493 1225 1530 1287 de
1559 1225 1684 1288 circulis

315 1332 418 1376 earum
441 1311 545 1374 subter
569 1320 617 1375 est
640 1320 785 1394 quantum
803 1315 964 1394 supeme.“
1009 1313 1052 1377 Ut
1075 1333 1134 1377 vox
1158 1315 1282 1391 „inira“
1303 1315 1344 1376 sit
1358 1315 1539 1388 adulterina,
1564 1333 1682 1396 „prae-

314 1401 487 1464 dictarum“
511 1419 583 1463 vero
607 1401 793 1482 surreptitia
841 1403 940 1465 Movit
954 1400 1161 1483 Cepernicum,
1186 1413 1222 1466 ut
1244 1404 1301 1466 hoc
1314 1403 1446 1467 Plinium
1469 1403 1585 1465 dixisse
1610 1423 1682 1465 cre-

315 1490 415 1564 deret,
448 1489 522 1552 illud
545 1489 744 1572 potissimum,
770 1491 849 1573 quod
872 1499 905 1554 et
928 1491 1086 1554 Vitruvius
1110 1500 1182 1554 ante
1205 1491 1344 1561 Plinium,
1371 1501 1403 1554 et
1426 1491 1564 1573 Capella,
1589 1491 1683 1556 Plinii

314 1579 555 1660 metaphrastes,
585 1579 690 1642 eadem
715 1579 752 1642 de
774 1579 908 1660 planetis
932 1581 1094 1660 dogmata,
1125 1580 1247 1644 easdem
1270 1581 1456 1656 sententias,
1481 1581 1604 1642 eosdem
1629 1599 1683 1641 er-

314 1687 412 1743 rores,
446 1667 553 1730 eadem
581 1686 673 1749 saepe
696 1668 790 1730 verba
812 1687 880 1731 cum
902 1669 1118 1750 praecedentia
1146 1677 1210 1732 tum
1234 1669 1392 1750 sequentia
1415 1667 1477 1731 ouri
1498 1689 1564 1732 cum
1579 1669 1681 1731 Plinio

314 1765 468 1837 usurpent,
492 1757 641 1838 posterior
660 1777 679 1818 a
701 1758 801 1837 priore
823 1764 988 1820 mutuatus.
1035 1759 1069 1820 ln
1093 1758 1244 1833 hocloco,
1271 1758 1321 1820 ubi
1340 1757 1524 1820 deveneris
1544 1759 1681 1821 etMer·

314 1845 388 1908 corii
411 1863 478 1908 oum
501 1843 572 1908 Sole
596 1846 818 1925 conspiratione
841 1846 955 1926 agitur,
986 1845 1029 1908 illi
1053 1847 1174 1928 quidem
1197 1847 1452 1925 huuc-sensum„
1469 1864 1558 1928 quem
1581 1846 1683 1910 Plinio

314 1934 499 2014 Coperuicns
522 1935 670 2011 restituit,
695 1935 874 2015 exprimunt.
923 1933 1000 1998 Cum
1028 1935 1106 2001 enim
1130 1935 1228 1998 Plinio
1257 1935 1349 1998 suerit
1371 1936 1450 1998 alter
1474 1935 1625 2015 magister
1650 1943 1682 1996 et

314 2030 581 2104 praemonstrator,
606 2024 685 2086 alter
708 2023 882 2104 discipulus,
906 2031 1031 2104 uterque
1055 2043 1109 2105 pro
1129 2025 1293 2106 interprete
1308 2023 1502 2087 obscuritatis
1516 2024 1680 2102 Plinianae

310 2114 378 2193 jure
405 2111 541 2174 adhiberi
570 2112 665 2174 videri
693 2121 806 2192 potest.
854 2113 900 2176 Ac
923 2113 995 2174 mibi
1020 2133 1109 2187 sane,
1142 2114 1226 2189 dum,
1262 2113 1332 2195 quid
1355 2112 1472 2176 Plinius
1495 2132 1564 2193 cap.
1590 2113 1680 2175 Vlll.

317 2201 437 2276 dixerit,
463 2200 532 2282 quid
551 2200 616 2282 jam
640 2218 707 2281 cap.
732 2199 837 2264 XVII.
862 2200 975 2264 dixisse
1000 2202 1179 2264 credendum
1204 2203 1261 2277 sit,
1292 2202 1465 2278 considero,
1491 2202 1612 2264 videtur
1636 2201 1683 2263 vir

317 2289 368 2352 ille
392 2289 525 2352 rationes
549 2297 788 2352 astronomomm
812 2297 844 2353 et
868 2289 999 2352 Vitruvii
1023 2290 1116 2353 verba
1139 2309 1198 2352 non
1221 2292 1298 2353 satis
1321 2289 1505 2371 percepisse,
1529 2291 1585 2353 sed
1609 2289 1681 2354 dnm

318 2377 431 2458 raptim
455 2378 597 2440 torrentis
621 2378 717 2442 instar
739 2397 843 2442 omnes
866 2385 1007 2442 auctores
1029 2378 1191 2459 percurrit,
1216 2379 1316 2442 omnia
1338 2379 1505 2456 convolvit,
1537 2379 1680 2442 ubertate

319 2467 464 2530 scientiae
486 2466 633 2544 tumidus,
665 2469 762 2532 multa
784 2468 953 2531 semicruda
981 2487 1037 2530 nec
1058 2468 1147 2548 plene
1170 2486 1272 2530 secum
1294 2469 1353 2550 ipsi
1382 2475 1528 2549 percepta
1550 2468 1678 2550 profert,

319 2555 506 2618 obscuritate
529 2556 687 2619 verbomm
710 2575 744 2620 se
767 2557 854 2619 simul
879 2565 911 2618 et
933 2557 1077 2619 lectorem
1100 2555 1264 2638 decipiens.
1311 2558 1377 2620 Hoc
1401 2556 1445 2620 illi
1474 2575 1547 2620 sane
1571 2557 1680 2620 crebro

319 2643 397 2708 alita
421 2643 596 2720 usuvenit,
621 2645 671 2708 ubi
696 2645 874 2708 secretiores
897 2647 936 2707 ab
960 2665 1015 2708 usu
1038 2645 1213 2726 quotidiano
1237 2645 1414 2726 disciplinas
1433 2646 1566 2727 attingit.
1610 2647 1679 2709 lta-

318 2753 374 2816 que
398 2753 455 2795 uoo
480 2741 527 2796 est
550 2735 581 2798 iu
604 2733 660 2796 boc
684 2743 806 2798 auctore
830 2735 1001 2806 absurdum,
1025 2735 1192 2796 credidisse
1216 2735 1293 2797 huuc
1308 2735 1443 2798 ordinem
1467 2736 1678 2816 sphaerarum,

317 2823 368 2905 qni
390 2829 440 2885 est
462 2841 530 2902 cap.
555 2819 657 2896 vm„
681 2831 714 2886 et
736 2823 927 2886 nihilomiuus
951 2841 1018 2918 eum
1032 2823 1174 2886 Vitruvio
1198 2825 1332 2886 sensisse
1356 2842 1423 2904 cap.
1448 2823 1570 2900 xva..
1595 2823 1676 2907 quod

317 2911 420 2976 Solem
443 2911 579 2974 ambiant
602 2911 708 2975 Venus
731 2920 763 2972 et
786 2911 965 2975 Mercurius.

406 2999 469 3063 Sed
492 3000 650 3064 audiamus
674 3007 706 3062 et
727 3000 910 3063 Vitruvium.
944 3001 975 3062 Is
999 3000 1060 3074 (De
1074 2999 1300 3072 Architectura,
1324 3000 1379 3063 IX.
1408 2999 1452 3074 l.)
1477 3019 1543 3062 cum
1562 3007 1678 3063 motum

316 3090 453 3173 primum,
477 3088 527 3171 qui
550 3089 677 3152 lixarum
700 3097 731 3152 et
754 3089 906 3172 signorum
929 3089 1045 3152 zodiaci
1068 3095 1132 3164 est,
1157 3089 1343 3168 explicasset
1362 3090 1486 3170 jamque
1510 3090 1539 3151 in
1565 3107 1676 3169 genere

317 3179 454 3253 dixisset,
481 3177 629 3262 quomodo
652 3179 768 3254 „Luna
793 3179 885 3240 stella
908 3177 1059 3250 Mercurii,
1084 3178 1225 3253 Veneris,
1249 3179 1315 3258 ipse
1340 3175 1408 3254 Sol,
1432 3178 1564 3260 itemque
1587 3177 1675 3240 Mar-

304 3268 375 3343 -tis,
403 3266 491 3329 Jovis
511 3275 542 3328 et
565 3265 688 3330 Saturni
712 3268 785 3338 (hoc
809 3267 887 3329 euim
910 3267 1024 3330 usitato
1048 3266 1151 3329 ordine
1173 3267 1315 3347 planetas
1337 3276 1492 3342 recenset,
1526 3285 1585 3348 qno
1608 3267 1677 3329 Pli-

316 3357 396 3420 nium
428 3355 506 3418 lorte
539 3355 673 3436 decepit)
703 3356 885 3448 cpntrariam
915 3356 983 3419 fixis
1015 3357 1094 3420 viam
1126 3356 1182 3418 sub
1213 3355 1330 3418 zodiaci
1353 3355 1449 3436 siguis
1472 3357 1676 3436 peragrent“:

317 3443 436 3508 accedit
468 3444 507 3507 ad
537 3445 770 3525 explicationem
799 3445 983 3526 singulorum
1010 3465 1045 3508 eo
1077 3445 1197 3519 ordine,
1230 3463 1287 3526 quo
1317 3453 1526 3526 proposuerat.
1573 3444 1678 3508 Primo

315 3535 420 3598 Ituuae
453 3540 552 3597 motus
583 3541 615 3596 et
648 3535 751 3615 spatia
779 3543 934 3598 menstrua
961 3534 1119 3610 describit;
1152 3534 1221 3596 dein
1254 3535 1291 3596 de
1314 3533 1446 3597 Veneris
1473 3541 1506 3598 et
1533 3535 1678 3600 Mercurii

315 3624 407 3688 stella
430 3623 473 3686 sic
497 3624 557 3686 ait:
582 3623 747 3698 „Mercurii
770 3631 872 3687 autem
896 3633 927 3685 et
950 3624 1080 3686 Veneris
1104 3623 1212 3686 stellae
1235 3623 1347 3685 circum
1366 3622 1448 3686 Solis
1471 3621 1589 3699 radios,
1614 3623 1677 3686 So-

315 3713 374 3775 lem
395 3712 494 3795 ipsum
516 3711 561 3774 uti
584 3719 719 3775 centrum
742 3712 900 3776 itineribus
924 3721 1118 3788 coronantes,
1150 3730 1306 3792 regressus
1330 3719 1495 3774 retrorsum
1518 3721 1550 3775 et
1573 3709 1694 3776 κατέ

316 3801 455 3863 dationes
479 3801 625 3862 iaciunt.“
670 3802 784 3865 Postea
807 3803 846 3864 ad
865 3801 985 3878 Martis,
1008 3801 1106 3879 Jovis,
1131 3800 1256 3864 Saturni
1279 3801 1387 3863 stellas
1410 3802 1530 3872 accedit
1552 3819 1676 3866 carum-

315 3909 372 3970 que
396 3897 495 3952 motus
519 3889 661 3972 explicat.
709 3888 802 3955 Clara
826 3898 875 3956 est
892 3891 993 3971 itaque
1018 3890 1175 3954 verborum
1198 3889 1263 3970 ejus
1287 3890 1449 3954 sententia.

403 3977 543 4041 Platonis
566 3978 686 4061 quidem
708 3980 803 4061 ipsius
827 3980 919 4044 verba
942 3979 1071 4042 obscura
1093 3986 1173 4054 suut,
1198 3980 1253 4041 sed
1276 3986 1377 4041 tamen
1399 3978 1511 4040 indicia
1525 3978 1676 4060 quaedam

313 4067 462 4149 praebent
484 4067 549 4149 ejus
573 4069 753 4144 sententiae,
780 4089 868 4151 quam
886 4069 931 4132 illi
954 4069 1060 4132 tribuit
1082 4067 1266 4130 Macrobius.
1313 4065 1427 4144 „Com,
1452 4067 1564 4150 iuquit,
1597 4068 1675 4130 elie-

315 4157 409 4222 cisset
431 4157 515 4220 Deus
538 4177 664 4238 corpora
687 4158 884 4239 singulorum,
909 4177 947 4220 ea
968 4157 1071 4238 posuit
1092 4157 1122 4219 in
1146 4156 1403 4231 circumlationes,
1432 4177 1508 4239 quas
1531 4157 1676 4237 cujusque

314 4247 456 4310 circuitos
479 4246 659 4327 requireret,
694 4255 821 4326 septena
843 4247 873 4309 iu
897 4255 1054 4328 septenas,
1088 4247 1205 4310 Lunam
1229 4245 1347 4327 quidem
1364 4243 1411 4308 'in
1441 4245 1569 4326 primum
1593 4245 1676 4308 circa

314 4335 453 4411 Terram,
487 4332 590 4397 Solem
617 4353 689 4397 vcro
713 4335 743 4396 in
767 4335 928 4398 secundum
951 4353 1044 4416 supra
1065 4335 1203 4411 Terram,
1234 4334 1405 4415 Vesperum
1426 4353 1500 4396 vero
1528 4342 1561 4396 et
1584 4353 1675 4416 quarn

314 4425 464 4489 Mercurio
498 4441 617 4486 sacram
647 4423 751 4486 dicunt
781 4423 928 4501 inteles,
958 4425 1008 4506 qui
1032 4424 1199 4508 celeritatis
1222 4423 1341 4505 quidem
1363 4422 1481 4486 rationo
1504 4441 1673 4504 aequecur·

314 4523 431 4578 rentem
454 4513 520 4578 Soli
543 4511 645 4576 orbem
669 4521 756 4587 eunt,
781 4513 961 4576 contrariam
985 4532 1056 4576 vero
1071 4513 1099 4576 ei
1112 4514 1173 4576 vim
1188 4513 1288 4576 sortiti
1307 4520 1392 4588 sunt;
1416 4531 1509 4596 quare
1533 4520 1566 4574 et
1588 4531 1672 4575 com·

314 4604 501 4684 prehendunt
533 4610 564 4666 et
592 4601 883 4682 comprehenduntur
914 4621 991 4664 ase
1021 4611 1123 4666 mutuo
1161 4609 1194 4665 et
1225 4603 1388 4665 secundnm
1422 4601 1529 4663 eadem
1557 4599 1671 4676 Solam,

314 4691 496 4756 Mercurium
519 4698 551 4754 et
573 4689 757 4754 Venerem.“
1477 4748 1479 4757 ,

402 4781 536 4850 Primum
558 4779 695 4844 videmus
719 4777 885 4844 celeritatis
911 4777 1029 4844 ratione
1057 4778 1185 4843 eundem
1208 4778 1298 4843 tribui
1325 4775 1422 4842 tribus
1450 4777 1542 4842 hisce·
1558 4777 1671 4854 orbem,
