3674 5528
366 309 432 376 370
461 345 470 364 ι
784 314 887 366 Litarae
905 313 1008 378 Keplcri
1034 313 1188 380 aliorumque
1204 319 1308 364 munuae

274 479 279 500 '
365 472 500 534 Tandem
532 471 637 552 puduit
659 471 750 544 belli,
781 471 829 534 cui
853 471 1040 534 adhaerebat
1061 471 1213 534 calumnia
1235 469 1443 552 spoliationisr
1475 471 1594 552 itaque,
1624 469 1720 550 'urique

364 561 519 640 pactione,
552 579 588 620 ue
613 560 683 639 quid
707 577 773 622 meo
796 559 900 621 labore
923 560 992 621 iude
1017 559 1227 621 concinnatum
1257 559 1335 622 citra
1358 578 1539 622 consensum
1560 558 1717 620 haeredum

364 649 491 720 ederem,
517 649 640 710 tandem
664 668 727 710 reru
751 667 786 710 eo
812 648 933 722 adduxi,
959 655 993 710 ut
1015 648 1262 720 observationum
1285 647 1359 711 ruihi
1382 648 1471 727 copia
1483 647 1626 710 secundis
1641 647 1719 728 ipsu·

363 755 429 797 mm
458 736 665 798 uoluntatibus
693 737 921 817 relinqueretur.
968 735 1017 798 Ex
1049 757 1085 798 eo
1117 735 1220 816 itaque
1252 736 1453 815 patrocinium
1483 735 1718 800 lucubrationum

363 823 516 906 Tychonis'
538 825 610 886 mihi
634 843 694 886 non
717 843 845 904 amogo,
868 826 923 886 sed
949 825 980 886 id
1004 824 1109 887 lubens
1133 825 1265 888 humeris
1290 824 1400 887 nobilis
1424 825 1501 898 viri,
1527 824 1718 888 Franciaci

362 911 556 986 Gansueb,
591 913 664 974 dicti
688 913 900 993 Tengnagl,
934 913 1125 992 westphali,
1160 913 1311 995 Tychonis
1333 913 1436 974 Brahe
1464 913 1569 994 generi
1592 913 1716 987 remitto,

364 1001 414 1080 qui
437 1018 504 1062 cum
527 1002 568 1062 sit
592 1022 610 1062 a
634 1002 767 1063 consiliis
796 1000 1033 1081 appellationum
1056 1000 1302 1076 Bohemioarum,
1334 1009 1454 1081 partem
1484 1001 1586 1081 operis
1614 1001 1717 1063 bonam

360 1107 417 1150 uon
442 1089 553 1150 invitus
578 1089 651 1151 mihi
673 1088 804 1170 reliquit.
851 1088 939 1160 Quae
963 1090 1087 1171 quisque
1111 1090 1254 1166 effecerit,
1278 1097 1399 1170 ternpus
1423 1090 1579 1152 ostendet.

430 1175 495 1228 Hinc
513 1179 605 1226 transit
621 1176 745 1241 Keplerua
765 1179 797 1228 ad
816 1192 855 1234 aa,
875 1191 939 1242 quae
957 1177 1006 1228 huc
1018 1193 1095 1244 usque
1114 1180 1140 1228 lu
1159 1178 1275 1228 Martia
1294 1177 1392 1229 thaorm
1403 1179 1543 1243 profecerit,
1563 1175 1717 1243 proponenda

358 1247 384 1298 rb
402 1247 463 1298 libro
484 1248 531 1308 „de
549 1249 656 1298 motibus
675 1248 764 1300 stellae
782 1247 898 1306 hiartifl.
918 1249 1008 1299 deiude
1026 1251 1123 1315 pergit:

449 1317 574 1382 Sed'ad
598 1310 700 1400 capita
724 1320 878 1382 literarum
900 1327 1019 1382 tuarum
1042 1331 1187 1383 revertar.

447 1408 490 1469 Ut
512 1408 709 1470 fundamenta
733 1409 893 1471 restitutae
927 1409 1098 1471 theoriae
1130 1409 1290 1472 Lunaris
1315 1409 1423 1480 edam,
1456 1427 1556 1470 meum
1581 1425 1638 1468 nun
1661 1415 1713 1478 est,

358 1497 414 1558 sed
437 1495 618 1571 haeredum,
653 1515 745 1578 qnos,
775 1505 810 1559 ut
833 1497 967 1572 iaciant,
993 1515 1114 1560 mouere
1137 1516 1197 1559 non
1221 1496 1353 1570 desist03
1391 1497 1527 1576 spemin
1554 1496 1714 1575 propinquo

357 1585 469 1648 nullam
493 1585 590 1647 video.
633 1583 713 1656 Quid
738 1587 764 1647 si
787 1605 858 1648 vero
881 1593 915 1648 tu
938 1585 1003 1666 ipse
1027 1586 1084 1648 hoc
1099 1586 1253 1666 negotium
1267 1605 1443 1667 promovere
1458 1585 1583 1665 possis?
1616 1584 1711 1662 Teug·

358 1673 477 1754 uaglius
501 1673 581 1736 enirn
604 1693 698 1755 nuper
722 1673 945 1756 peregrinatum
969 1675 1052 1750 abiit,
1077 1682 1237 1756 praetextu
1259 1674 1553 1754 visendaepatriae;
1577 1673 1710 1754 privatim

357 1781 427 1824 vero
458 1761 577 1841 ajebat,
606 1780 645 1843 ss,
663 1763 746 1826 adire
770 1763 925 1844 Angliam.
970 1763 1030 1825 Est
1059 1764 1213 1828 antemio
1237 1763 1338 1826 Dania
1362 1761 1434 1826 Chr.
1459 1760 1602 1824 Severini
1624 1761 1710 1822 Lon-

354 1859 615 1932 gomontanus,
654 1870 711 1932 qno
740 1853 842 1934 Tycha
871 1852 911 1914 ad
934 1852 1068 1915 Lnuaria
1098 1871 1171 1914 usus
1202 1860 1250 1914 est
1277 1851 1450 1932 plurimum:
1489 1850 1557 1932 qui,
1591 1849 1617 1912 si
1648 1847 1710 1930 quid

356 1947 496 2020 superest
519 1939 724 2016 correctionis,
749 1949 855 2021 suopte
880 1940 909 2002 id
933 1941 1034 2004 Marte
1057 1941 1141 2022 prius
1156 1939 1344 2016 emendabit;
1366 1941 1498 2002 monitus
1522 1938 1605 2001 enim
1628 1958 1647 1999 a
1668 1953 1710 1998 nrs

357 2025 388 2092 id
410 2048 465 2108 per
487 2027 593 2090 literas
617 2049 650 2092 sc
675 2030 823 2092 lactomm
848 2037 896 2092 est
918 2029 1086 2110 pollicitns;
1121 2049 1179 2111 quo
1203 2029 1285 2092 lacto
1314 2049 1372 2091 uuo
1402 2027 1497 2110 gradu
1529 2027 1653 2110 propius
1675 2025 1709 2086 ad

356 2117 519 2178 editionem
543 2120 769 2180 accesserimus.
816 2119 849 2180 ln
874 2119 1066 2182 conclusione
1091 2117 1269 2200 Opticorum
1293 2137 1401 2184 noram
1426 2117 1605 2180 methodum
1624 2113 1708 2196 polli-

309 2235 315 2242 ·
353 2205 432 2267 citus
457 2223 522 2266 sum
548 2205 590 2266 rei
613 2207 824 2284 perficiendae.
872 2207 961 2269 lllam
984 2227 1065 2282 vero,
1090 2207 1157 2270 Deo
1180 2208 1315 2282 volente,
1341 2207 1406 2270 sine
1431 2206 1587 2288 Tyclrouis
1609 2204 1707 2266 obser-

353 2292 525 2355 vationibus
550 2293 684 2356 editurus
709 2296 792 2357 etin
817 2297 891 2357 meis
915 2297 1071 2377 eclipsium
1096 2295 1358 2359 observationibus
1381 2296 1598 2376 exploraturus
1618 2311 1687 2355 sum.

442 2377 529 2451 Quod
554 2381 655 2445 fixas
678 2384 799 2458 attinet,
826 2393 912 2446 extat
936 2385 1014 2465 apud
1038 2385 1186 2447 haeredes
1200 2385 1352 2465 privatum
1376 2401 1449 2463 opus
1476 2371 1571 2446 1000'
1580 2383 1707 2450 bremun,

351 2470 381 2532 in
406 2487 465 2550 qno
489 2471 602 2532 multae
633 2471 663 2533 in
692 2472 897 2552 septentrione
929 2483 1052 2554 praeter
1084 2492 1239 2536 numerum
1261 2471 1480 2536 Ptolemaicuur
1508 2477 1706 2542 accesserunt.

352 2558 482 2638 aliquae,
500 2561 682 2638 praesertim
706 2561 737 2622 in
759 2562 948 2626 meridionali
972 2561 1203 2642 hemisphaerio,
1229 2562 1401 2624 necessario
1418 2563 1500 2623 fuere
1514 2557 1705 2646 praeteritae.

350 2647 427 2710 Utut
450 2647 573 2719 habeat,
597 2647 760 2712 haeredum
784 2649 939 2714 arbitrium
963 2661 1021 2727 est,
1045 2650 1120 2712 illud
1144 2650 1243 2713 edere.

421 2731 536 2796 (Addidit
563 2735 685 2800 Keplerur
709 2737 775 2789 hunc
801 2739 944 2806 catalogum
967 2739 1095 2790 stellarum
1120 2739 1224 2790 fixarum
1248 2737 1340 2788 tabulis
1364 2736 1538 2802 Rudolphlnia.
1583 2735 1705 2786 'l'neurim

349 2807 474 2858 Lunarem
494 2806 649 2867 absolutam,
673 2807 803 2859 Herwartu
823 2811 979 2868 dedicatam,
1006 2811 1037 2860 ob
1050 2810 1179 2860 'delectum
1198 2807 1345 2875 typographi
1362 2823 1413 2858 uon
1431 2807 1623 2872 imprimendam
1640 2817 1703 2858 cura

348 2879 397 2937 rlt3
415 2879 481 2928 lueet
498 2877 562 2927 haec
581 2877 637 2927 Vol.
656 2879 690 2928 11.
711 2879 773 2929 Mas.
793 2880 1053 2947 Petrnpolitauorutn·)

436 2950 483 3010 De
507 2950 676 3029 astrologia
703 2951 780 3013 talia
807 2952 933 3026 scribis,
969 2954 1045 3015 talia
1073 2951 1212 3033 quaeris,
1245 2960 1279 3014 ut
1302 2969 1436 3030 sperem,
1471 2949 1530 3012 tibi
1553 2949 1703 3030 plurimum

347 3038 539 3101 satisfactum
578 3039 616 3100 iri
648 3041 705 3101 hac
734 3041 855 3120 adjecta
892 3041 1175 3115 dissertatiuncula,
1209 3059 1268 3121 qua
1293 3040 1387 3112 lecta,
1421 3039 1550 3100 sibene
1575 3036 1702 3117 conjicio,

346 3127 515 3207 aequiorem
526 3128 734 3206 pronunciabit
744 3130 927 3192 senteutiam
939 3147 993 3192 rex
1008 3129 1260 3211 sapientissimus.
1286 3127 1349 3190 Sed
1365 3129 1496 3190 tortasse
1510 3126 1627 3208 poterit
1635 3127 1702 3188 haec

347 3216 418 3277 olim
432 3216 561 3277 materia
583 3216 758 3297 diligentius
781 3226 813 3279 ct
835 3217 881 3281 ita
903 3219 1053 3294 adornari,
1077 3225 1112 3280 ut
1135 3215 1334 3282 serenissimis
1358 3217 1424 3297 ejus
1439 3216 1536 3280 oculis
1555 3215 1702 3278 honestius

346 3304 501 3366 offeratur.
547 3304 631 3368 Deus
656 3326 703 3368 me
727 3326 765 3368 ex
789 3308 976 3370 astronomia
999 3306 1161 3388 expediat,
1194 3315 1229 3368 ut
1256 3306 1296 3368 ad
1323 3324 1425 3368 curam
1453 3305 1556 3385 operis
1584 3303 1642 3365 mci
1668 3303 1701 3364 de

346 3392 554 3454 Harmonia
577 3395 696 3456 mundi
721 3405 891 3459 convertar.
937 3395 1086 3476 Equidem
1107 3394 1182 3458 illud
1206 3413 1281 3476 opus
1302 3394 1505 3476 jampridem
1531 3393 1628 3456 tacite
1641 3389 1700 3470 regi

348 3488 450 3542 vestro
474 3479 645 3553 destinavi,
678 3502 736 3545 uon
760 3492 824 3546 tam
848 3484 1001 3548 studiosi
1024 3484 1251 3560 innotescendi,
1276 3501 1366 3563 quam
1389 3489 1460 3546 voto
1483 3480 1700 3550 ardentissimo,

216 3591 225 3604 ·
344 3577 379 3630 ut
409 3569 531 3647 inipso
563 3571 718 3634 coalescat
750 3572 909 3636 harmonia
940 3573 1141 3637 ecclesiae.
1189 3575 1221 3636 ls
1244 3572 1323 3636 euim
1353 3572 1428 3636 talia
1449 3571 1594 3652 scripsit,
1633 3568 1701 3631 talia

345 3657 438 3731 iacit,
463 3665 497 3717 ut
520 3676 577 3721 nou
600 3657 815 3723 inconveniens
839 3669 892 3724 aut
915 3661 1086 3742 ἀναρμοςος
1109 3662 1249 3724 videatur
1272 3661 1445 3742 hujusmodi
1469 3661 1520 3722 vel
1545 3656 1699 3732 dedicatio,

345 3745 394 3806 vel
417 3745 611 3808 existimatio.
659 3747 719 3818 Qui
743 3770 801 3830 quo
825 3751 942 3814 tardius
973 3751 1150 3832 aggreditur
1176 3769 1240 3814 reuu
1267 3750 1406 3814 omnibns
1429 3749 1586 3830 oppressis
1610 3761 1698 3826 exop-

344 3831 536 3907 tatissimam,
562 3835 618 3896 hoc
641 3836 815 3917 diligentius
839 3858 943 3903 omues
966 3841 1142 3904 occasiones
1166 3839 1437 3921 circumspectemus
1461 3857 1531 3901 esse
1555 3843 1698 3901 ccumtm.

344 3921 427 3984 Deus
448 3920 486 3984 Ο.
502 3924 546 3985 Μ.
566 3924 675 3988 bouum
698 3945 784 4006 opus,
808 3929 886 4008 quud
910 3929 940 3991 iu
963 3929 1030 4008 ipso
1053 3935 1196 4009 operatus
1220 3935 1284 4004 est,
1307 3929 1404 4009 primo
1427 3946 1545 4009 quoquc
1569 3935 1697 4005 tempore

344 4009 491 4090 perficiat.
537 4011 600 4075 Sed
623 4013 700 4077 hanc
725 4016 908 4078 mentionem
940 4018 1007 4079 ideo
1041 4018 1164 4097 injicere
1188 4017 1291 4098 coepi,
1326 4024 1361 4080 ut
1392 4015 1551 4079 consilium
1583 4013 1696 4084 abste,

344 4099 401 4162 Vir
423 4099 689 4164 Praestantissima
722 4113 857 4186 peterem
890 4105 977 4169 inre
1002 4107 1068 4186 jam
1103 4108 1239 4170 arnulto
1263 4114 1398 4187 ternpore
1422 4104 1589 4168 destinata
1635 4099 1697 4172 011⁰

344 4188 461 4250 nomine
483 4189 643 4268 plurimum
665 4193 775 4266 laetor,
810 4201 840 4254 te
865 4194 938 4256 mihi
962 4195 1095 4258 oblatum
1119 4215 1156 4256 ex
1181 4194 1233 4257 illa
1255 4203 1361 4274 geute,
1391 4216 1411 4257 a
1433 4211 1491 4276 quo
1514 4189 1695 4274 potissimum
1788 4213 1789 4228 ¹

344 4277 388 4338 sic
411 4277 553 4339 erudirer.
599 4280 678 4342 Nam
701 4282 751 4362 qui
774 4290 823 4343 est
851 4283 879 4344 io
904 4291 935 4345 ta
960 4303 1043 4347 arnor
1065 4285 1172 4346 harum
1194 4283 1319 4360 artium,
1348 4303 1408 4348 non
1432 4283 1567 4363 patietur
1590 4275 1694 4348 feriari,
1787 4305 1788 4331 ι

343 4365 413 4448 qniu
436 4367 486 4428 vel
508 4366 565 4429 hac
588 4369 638 4430 vel
661 4370 722 4432 alia
745 4371 795 4431 via
818 4371 953 4444 (incerta
975 4373 1055 4435 auhn
1069 4373 1199 4436 hnmana
1221 4374 1331 4448 omnia,
1356 4381 1390 4435 et
1402 4373 1525 4444 bellum.
1547 4372 1693 4433 Musarum
1786 4383 1787 4435 l

342 4455 510 4536 pernicies,
544 4457 646 4520 nescio
674 4466 820 4538 quantum
852 4481 871 4521 a
899 4461 986 4524 nobis
1014 4461 1096 4524 absit
1122 4462 1152 4524 in
1174 4461 1342 4537 Hohemia,
1361 4463 1447 4542 ,dum
1471 4461 1539 4541 jam
1561 4457 1693 4522 Moravia
1785 4475 1786 4541 q

342 4545 531 4624 periclitatur
554 4553 645 4625 atque
668 4547 810 4622 Austris)
843 4551 987 4612 cultorem
1016 4551 1189 4614 matheseos
1220 4551 1346 4614 consilio
1374 4551 1424 4613 vel
1446 4569 1540 4630 opera
1570 4553 1690 4630 (quate
1784 4565 1785 4645 q

341 4634 455 4712 pollere
479 4632 636 4709 existimo,
669 4636 730 4697 tuis
761 4637 857 4699 literis
885 4638 1041 4722 inductus)
1074 4657 1164 4721 quarn
1191 4640 1304 4720 optime
1331 4621 1520 4721 promoieas.
1568 4635 1628 4700 Sed
1656 4633 1689 4694 ad
1783 4665 1784 4749 q

343 4721 551 4801 quaestionem
574 4723 741 4787 redeamus.
787 4725 936 4806 Equidem
960 4729 1004 4790 ita
1027 4729 1232 4792 conformatae
1256 4736 1327 4792 sunt
1350 4731 1453 4792 thesea
1476 4746 1572 4804 meae,
1595 4731 1688 4788 utnec

342 4808 468 4887 planeta
490 4829 545 4873 uec
568 4809 712 4894 aspebtns
735 4814 813 4877 nllus
836 4815 934 4878 malus
958 4815 1009 4878 sit.
1057 4815 1287 4882 Contrariorum
1309 4837 1380 4882 vero
1399 4817 1548 4899 oppositio
1572 4819 1689 4878 exornat
1780 4769 1783 4855 l
