<?xml version="1.0" encoding="UTF-8"?>
<!DOCTYPE html PUBLIC "-//W3C//DTD XHTML 1.0 Transitional//EN"
    "http://www.w3.org/TR/xhtml1/DTD/xhtml1-transitional.dtd">
<html xmlns="http://www.w3.org/1999/xhtml" xml:lang="en" lang="en">
 <head>
  <title>
</title>
<meta http-equiv="Content-Type" content="text/html;charset=utf-8" />
  <meta name='ocr-system' content='tesseract 3.04.00' />
  <meta name='ocr-capabilities' content='ocr_page ocr_carea ocr_par ocr_line ocrx_word'/>
</head>
<body>
  <div class='ocr_page' id='page_1' title='image "./joanniskepleria22frisgoog_0349.png"; bbox 0 0 3674 5528; ppageno 0'>
   <div class='ocr_carea' id='block_1_1' title="bbox 346 301 1281 381">
    <p class='ocr_par' dir='ltr' id='par_1_1' title="bbox 346 301 1281 381">
     <span class='ocr_line' id='line_1_1' title="bbox 346 301 1281 381; baseline -0.028 0"><span class='ocrx_word' id='word_1_1' title='bbox 346 309 412 381; x_wconf 68' lang='lat'>822</span> <span class='ocrx_word' id='word_1_2' title='bbox 768 313 868 364; x_wconf 70' lang='lat' dir='ltr'>urum</span> <span class='ocrx_word' id='word_1_3' title='bbox 888 301 987 374; x_wconf 68' lang='lat' dir='ltr'>uepres</span> <span class='ocrx_word' id='word_1_4' title='bbox 1011 310 1162 374; x_wconf 69' lang='lat' dir='ltr'>memque</span> <span class='ocrx_word' id='word_1_5' title='bbox 1180 317 1281 359; x_wconf 65' lang='lat' dir='ltr'>meum</span> 
     </span>
    </p>
   </div>
   <div class='ocr_carea' id='block_1_2' title="bbox 341 463 1707 1066">
    <p class='ocr_par' dir='ltr' id='par_1_2' title="bbox 341 463 1707 1066">
     <span class='ocr_line' id='line_1_2' title="bbox 341 463 1704 552; baseline -0.008 -16"><span class='ocrx_word' id='word_1_6' title='bbox 341 465 402 536; x_wconf 85' lang='lat' dir='ltr'>lmc</span> <span class='ocrx_word' id='word_1_7' title='bbox 423 468 608 533; x_wconf 67' lang='lat' dir='ltr'>littoralibus</span> <span class='ocrx_word' id='word_1_8' title='bbox 628 467 803 530; x_wconf 72' lang='lat' dir='ltr'>notionibus</span> <span class='ocrx_word' id='word_1_9' title='bbox 826 467 905 529; x_wconf 87' lang='lat' dir='ltr'>iuter</span> <span class='ocrx_word' id='word_1_10' title='bbox 927 466 1071 552; x_wconf 66' lang='lat' dir='ltr'>angliam</span> <span class='ocrx_word' id='word_1_11' title='bbox 1092 473 1127 527; x_wconf 82' lang='lat' dir='ltr'>‘et</span> <span class='ocrx_word' id='word_1_12' title='bbox 1151 465 1281 526; x_wconf 76' lang='lat' dir='ltr'>Danielis</span> <span class='ocrx_word' id='word_1_13' title='bbox 1304 471 1459 550; x_wconf 80' lang='lat' dir='ltr'>commune</span> <span class='ocrx_word' id='word_1_14' title='bbox 1483 465 1589 528; x_wconf 71' lang='lat' dir='ltr'>inisse.</span> <span class='ocrx_word' id='word_1_15' title='bbox 1638 463 1704 525; x_wconf 81' lang='lat' dir='ltr'>Ita-</span> 
     </span>
     <span class='ocr_line' id='line_1_3' title="bbox 343 541 1705 644; baseline -0.007 -22"><span class='ocrx_word' id='word_1_16' title='bbox 343 575 403 644; x_wconf 87' lang='lat' dir='ltr'>·que</span> <span class='ocrx_word' id='word_1_17' title='bbox 428 577 521 621; x_wconf 89' lang='lat' dir='ltr'>causa</span> <span class='ocrx_word' id='word_1_18' title='bbox 542 558 676 638; x_wconf 82' lang='lat' dir='ltr'><strong>proxime</strong></span> <span class='ocrx_word' id='word_1_19' title='bbox 694 567 713 618; x_wconf 88' lang='lat' dir='ltr'>&#39;e</span> <span class='ocrx_word' id='word_1_20' title='bbox 736 556 812 618; x_wconf 83' lang='lat' dir='ltr'>mari</span> <span class='ocrx_word' id='word_1_21' title='bbox 836 562 919 617; x_wconf 89' lang='lat' dir='ltr'>esset</span> <span class='ocrx_word' id='word_1_22' title='bbox 941 551 1083 635; x_wconf 84' lang='lat' dir='ltr'>petenda.</span> <span class='ocrx_word' id='word_1_23' title='bbox 1132 552 1249 617; x_wconf 80' lang='lat' dir='ltr'>Guttae</span> <span class='ocrx_word' id='word_1_24' title='bbox 1278 553 1464 638; x_wconf 18' lang='lat' dir='ltr'>sulphureae*</span> <span class='ocrx_word' id='word_1_25' title='bbox 1487 555 1580 616; x_wconf 84' lang='lat' dir='ltr'>etiam</span> <span class='ocrx_word' id='word_1_26' title='bbox 1598 541 1651 614; x_wconf 85' lang='lat' dir='ltr'>bio</span> <span class='ocrx_word' id='word_1_27' title='bbox 1676 552 1705 636; x_wconf 81' lang='lat' dir='ltr'>io</span> 
     </span>
     <span class='ocr_line' id='line_1_4' title="bbox 346 641 1706 724; baseline -0.007 -12"><span class='ocrx_word' id='word_1_28' title='bbox 346 642 497 712; x_wconf 80' lang='lat' dir='ltr'>iiobemia</span> <span class='ocrx_word' id='word_1_29' title='bbox 520 659 598 707; x_wconf 87' lang='lat' dir='ltr'>anuo</span> <span class='ocrx_word' id='word_1_30' title='bbox 614 641 668 708; x_wconf 88' lang='lat'>99.</span> <span class='ocrx_word' id='word_1_31' title='bbox 693 645 918 723; x_wconf 77' lang='lat' dir='ltr'>praecedebant</span> <span class='ocrx_word' id='word_1_32' title='bbox 937 653 1057 724; x_wconf 89' lang='lat' dir='ltr'>&#39;pestem</span> <span class='ocrx_word' id='word_1_33' title='bbox 1083 652 1114 706; x_wconf 92' lang='lat' dir='ltr'>et</span> <span class='ocrx_word' id='word_1_34' title='bbox 1142 643 1354 724; x_wconf 73' lang='lat' dir='ltr'>dpsenteriam.</span> <span class='ocrx_word' id='word_1_35' title='bbox 1402 641 1523 705; x_wconf 87' lang='lat' dir='ltr'>Sufficit</span> <span class='ocrx_word' id='word_1_36' title='bbox 1550 660 1642 720; x_wconf 87' lang='lat' dir='ltr'>porro</span> <span class='ocrx_word' id='word_1_37' title='bbox 1666 641 1706 702; x_wconf 81' lang='lat' dir='ltr'>ad</span> 
     </span>
     <span class='ocr_line' id='line_1_5' title="bbox 347 729 1707 818; baseline -0.005 -19"><span class='ocrx_word' id='word_1_38' title='bbox 347 745 465 818; x_wconf 88' lang='lat' dir='ltr'>pestem</span> <span class='ocrx_word' id='word_1_39' title='bbox 495 736 556 796; x_wconf 90' lang='lat' dir='ltr'>fere</span> <span class='ocrx_word' id='word_1_40' title='bbox 589 743 621 796; x_wconf 90' lang='lat' dir='ltr'>et</span> <span class='ocrx_word' id='word_1_41' title='bbox 644 733 766 795; x_wconf 88' lang='lat' dir='ltr'>humida</span> <span class='ocrx_word' id='word_1_42' title='bbox 790 743 904 796; x_wconf 88' lang='lat' dir='ltr'>aestas.</span> <span class='ocrx_word' id='word_1_43' title='bbox 950 732 1050 794; x_wconf 86' lang='lat' dir='ltr'>Julius</span> <span class='ocrx_word' id='word_1_44' title='bbox 1080 732 1163 794; x_wconf 91' lang='lat' dir='ltr'>initio</span> <span class='ocrx_word' id='word_1_45' title='bbox 1188 731 1267 810; x_wconf 91' lang='lat' dir='ltr'>apud</span> <span class='ocrx_word' id='word_1_46' title='bbox 1290 749 1345 790; x_wconf 87' lang='lat' dir='ltr'>nos</span> <span class='ocrx_word' id='word_1_47' title='bbox 1369 731 1503 806; x_wconf 82' lang='lat' dir='ltr'>calidus,</span> <span class='ocrx_word' id='word_1_48' title='bbox 1536 731 1576 792; x_wconf 85' lang='lat' dir='ltr'>ab</span> <span class='ocrx_word' id='word_1_49' title='bbox 1599 729 1707 792; x_wconf 91' lang='lat' dir='ltr'>ultimo</span> 
     </span>
     <span class='ocr_line' id='line_1_6' title="bbox 347 815 1707 903; baseline -0.006 -15"><span class='ocrx_word' id='word_1_50' title='bbox 347 827 457 888; x_wconf 82' lang='lat' dir='ltr'>triente</span> <span class='ocrx_word' id='word_1_51' title='bbox 480 823 569 903; x_wconf 91' lang='lat' dir='ltr'>paulo</span> <span class='ocrx_word' id='word_1_52' title='bbox 593 821 804 896; x_wconf 83' lang='lat' dir='ltr'>turbulentior,</span> <span class='ocrx_word' id='word_1_53' title='bbox 835 823 991 898; x_wconf 85' lang='lat' dir='ltr'>Augustus</span> <span class='ocrx_word' id='word_1_54' title='bbox 1015 839 1086 882; x_wconf 89' lang='lat' dir='ltr'>vero</span> <span class='ocrx_word' id='word_1_55' title='bbox 1116 839 1208 900; x_wconf 89' lang='lat' dir='ltr'>usque</span> <span class='ocrx_word' id='word_1_56' title='bbox 1234 819 1272 880; x_wconf 90' lang='lat' dir='ltr'>ad</span> <span class='ocrx_word' id='word_1_57' title='bbox 1296 815 1348 881; x_wconf 83' lang='lat'>20.</span> <span class='ocrx_word' id='word_1_58' title='bbox 1374 819 1513 882; x_wconf 88' lang='lat' dir='ltr'>humidus</span> <span class='ocrx_word' id='word_1_59' title='bbox 1543 827 1577 881; x_wconf 89' lang='lat' dir='ltr'>et</span> <span class='ocrx_word' id='word_1_60' title='bbox 1599 819 1707 881; x_wconf 89' lang='lat' dir='ltr'>iocou-</span> 
     </span>
     <span class='ocr_line' id='line_1_7' title="bbox 348 907 1707 990; baseline -0.006 -14"><span class='ocrx_word' id='word_1_61' title='bbox 348 914 565 976; x_wconf 86' lang='lat' dir='ltr'>stantissimus.</span> <span class='ocrx_word' id='word_1_62' title='bbox 609 907 741 972; x_wconf 85' lang='lat' dir='ltr'>Causam</span> <span class='ocrx_word' id='word_1_63' title='bbox 765 909 794 970; x_wconf 91' lang='lat' dir='ltr'>io</span> <span class='ocrx_word' id='word_1_64' title='bbox 818 917 918 970; x_wconf 84' lang='lat' dir='ltr'>motus</span> <span class='ocrx_word' id='word_1_65' title='bbox 944 908 968 982; x_wconf 76' lang='grc'><em>9</em></span> <span class='ocrx_word' id='word_1_66' title='bbox 993 911 1060 986; x_wconf 64' lang='lat' dir='ltr'>etti</span> <span class='ocrx_word' id='word_1_67' title='bbox 1083 909 1214 982; x_wconf 89' lang='lat' dir='ltr'>confero,</span> <span class='ocrx_word' id='word_1_68' title='bbox 1238 916 1344 970; x_wconf 88' lang='lat' dir='ltr'>euntes</span> <span class='ocrx_word' id='word_1_69' title='bbox 1367 927 1421 988; x_wconf 90' lang='lat' dir='ltr'>per</span> <span class='ocrx_word' id='word_1_70' title='bbox 1444 917 1589 990; x_wconf 82' lang='lat' dir='ltr'>aspectus</span> <span class='ocrx_word' id='word_1_71' title='bbox 1613 927 1707 988; x_wconf 88' lang='lat' dir='ltr'>supe-</span> 
     </span>
     <span class='ocr_line' id='line_1_8' title="bbox 349 998 1266 1066; baseline -0.007 0"><span class='ocrx_word' id='word_1_72' title='bbox 349 1005 457 1066; x_wconf 79' lang='lat' dir='ltr'><strong>riorum</strong></span> <span class='ocrx_word' id='word_1_73' title='bbox 482 1011 513 1062; x_wconf 91' lang='lat' dir='ltr'>et</span> <span class='ocrx_word' id='word_1_74' title='bbox 537 999 566 1061; x_wconf 92' lang='lat' dir='ltr'>iu</span> <span class='ocrx_word' id='word_1_75' title='bbox 590 1008 691 1061; x_wconf 91' lang='lat' dir='ltr'>mutuo</span> <span class='ocrx_word' id='word_1_76' title='bbox 716 999 817 1060; x_wconf 86' lang='lat' dir='ltr'>sextili</span> <span class='ocrx_word' id='word_1_77' title='bbox 841 1007 1000 1060; x_wconf 86' lang='lat' dir='ltr'>versantes</span> <span class='ocrx_word' id='word_1_78' title='bbox 1024 998 1074 1060; x_wconf 91' lang='lat' dir='ltr'>diu</span> <span class='ocrx_word' id='word_1_79' title='bbox 1098 998 1266 1060; x_wconf 82' lang='lat' dir='ltr'><strong>admodum.</strong></span> 
     </span>
    </p>
   </div>
   <div class='ocr_carea' id='block_1_3' title="bbox 345 1111 1708 1400">
    <p class='ocr_par' dir='ltr' id='par_1_3' title="bbox 349 1111 1708 1260">
     <span class='ocr_line' id='line_1_9' title="bbox 419 1111 1708 1186; baseline -0.003 -12"><span class='ocrx_word' id='word_1_80' title='bbox 419 1123 609 1174; x_wconf 77' lang='lat' dir='ltr'>Fabricius:</span> <span class='ocrx_word' id='word_1_81' title='bbox 627 1121 655 1172; x_wconf 88' lang='lat' dir='ltr'>P.</span> <span class='ocrx_word' id='word_1_82' title='bbox 671 1119 697 1171; x_wconf 85' lang='lat' dir='ltr'>S.</span> <span class='ocrx_word' id='word_1_83' title='bbox 717 1122 740 1171; x_wconf 85' lang='lat' dir='ltr'>d.</span> <span class='ocrx_word' id='word_1_84' title='bbox 762 1111 881 1186; x_wconf 58' lang='lat' dir='ltr'>ibiug.</span> <span class='ocrx_word' id='word_1_85' title='bbox 920 1119 983 1170; x_wconf 81' lang='lat' dir='ltr'>cum</span> <span class='ocrx_word' id='word_1_86' title='bbox 1002 1125 1100 1185; x_wconf 76' lang='lat' dir='ltr'>preater</span> <span class='ocrx_word' id='word_1_87' title='bbox 1118 1121 1257 1185; x_wconf 80' lang='lat' dir='ltr'>opinionem</span> <span class='ocrx_word' id='word_1_88' title='bbox 1274 1120 1362 1170; x_wconf 76' lang='lat' dir='ltr'>literae</span> <span class='ocrx_word' id='word_1_89' title='bbox 1379 1123 1472 1184; x_wconf 80' lang='lat' dir='ltr'>priores</span> <span class='ocrx_word' id='word_1_90' title='bbox 1488 1121 1530 1172; x_wconf 81' lang='lat' dir='ltr'>luto</span> <span class='ocrx_word' id='word_1_91' title='bbox 1547 1125 1708 1177; x_wconf 66' lang='lat' dir='ltr'>remanant.</span> 
     </span>
     <span class='ocr_line' id='line_1_10' title="bbox 349 1191 1529 1260; baseline -0.006 -14"><span class='ocrx_word' id='word_1_92' title='bbox 349 1198 413 1248; x_wconf 84' lang='lat' dir='ltr'>volui</span> <span class='ocrx_word' id='word_1_93' title='bbox 430 1196 577 1260; x_wconf 74' lang='lat' dir='ltr'>posteriores</span> <span class='ocrx_word' id='word_1_94' title='bbox 595 1207 666 1243; x_wconf 85' lang='lat' dir='ltr'>meas</span> <span class='ocrx_word' id='word_1_95' title='bbox 686 1207 714 1241; x_wconf 90' lang='lat' dir='ltr'>co</span> <span class='ocrx_word' id='word_1_96' title='bbox 733 1193 850 1242; x_wconf 74' lang='lat' dir='ltr'>&#39;tatinum</span> <span class='ocrx_word' id='word_1_97' title='bbox 866 1192 988 1255; x_wconf 85' lang='lat' dir='ltr'>prioribus</span> <span class='ocrx_word' id='word_1_98' title='bbox 1007 1193 1082 1254; x_wconf 80' lang='lat' dir='ltr'>sdJuu</span> <span class='ocrx_word' id='word_1_99' title='bbox 1102 1206 1143 1242; x_wconf 86' lang='lat' dir='ltr'>ere</span> <span class='ocrx_word' id='word_1_100' title='bbox 1162 1199 1188 1241; x_wconf 87' lang='lat' dir='ltr'>et</span> <span class='ocrx_word' id='word_1_101' title='bbox 1207 1191 1271 1241; x_wconf 84' lang='lat' dir='ltr'>addo</span> <span class='ocrx_word' id='word_1_102' title='bbox 1289 1191 1336 1242; x_wconf 85' lang='lat' dir='ltr'>bas</span> <span class='ocrx_word' id='word_1_103' title='bbox 1354 1193 1529 1256; x_wconf 79' lang='lat' dir='ltr'>quaestiones:</span> 
     </span>
    </p>

    <p class='ocr_par' dir='ltr' id='par_1_4' title="bbox 345 1206 1708 1400">
     <span class='ocr_line' id='line_1_11' title="bbox 420 1206 1708 1328; baseline -0.005 -11"><span class='ocrx_word' id='word_1_104' title='bbox 420 1265 562 1326; x_wconf 72' lang='lat' dir='ltr'>Quaeritur,</span> <span class='ocrx_word' id='word_1_105' title='bbox 582 1278 615 1314; x_wconf 86' lang='lat' dir='ltr'>en</span> <span class='ocrx_word' id='word_1_106' title='bbox 636 1259 661 1328; x_wconf 82' lang='lat'>00</span> <span class='ocrx_word' id='word_1_107' title='bbox 682 1271 707 1313; x_wconf 89' lang='lat' dir='ltr'>et</span> <span class='ocrx_word' id='word_1_108' title='bbox 779 1264 909 1320; x_wconf 84' lang='lat' dir='ltr'>bonorum,</span> <span class='ocrx_word' id='word_1_109' title='bbox 938 1270 967 1313; x_wconf 90' lang='lat' dir='ltr'>ut</span> <span class='ocrx_word' id='word_1_110' title='bbox 985 1262 1007 1324; x_wconf 79' lang='lat' dir='ltr'>il</span> <span class='ocrx_word' id='word_1_111' title='bbox 1026 1269 1053 1312; x_wconf 90' lang='lat' dir='ltr'>et</span> <span class='ocrx_word' id='word_1_112' title='bbox 1072 1206 1114 1326; x_wconf 50' lang='grc' dir='ltr'>ὅ,</span> <span class='ocrx_word' id='word_1_113' title='bbox 1139 1265 1190 1312; x_wconf 85' lang='lat' dir='ltr'>siut</span> <span class='ocrx_word' id='word_1_114' title='bbox 1214 1262 1271 1311; x_wconf 90' lang='lat' dir='ltr'>boui</span> <span class='ocrx_word' id='word_1_115' title='bbox 1289 1262 1326 1311; x_wconf 86' lang='lat' dir='ltr'>rel</span> <span class='ocrx_word' id='word_1_116' title='bbox 1345 1263 1424 1312; x_wconf 81' lang='lat' dir='ltr'>malli</span> <span class='ocrx_word' id='word_1_117' title='bbox 1460 1263 1500 1314; x_wconf 81' lang='lat' dir='ltr'>An</span> <span class='ocrx_word' id='word_1_118' title='bbox 1526 1263 1708 1328; x_wconf 75' lang='lat' dir='ltr'>planetas</span> 
     </span>
     <span class='ocr_line' id='line_1_12' title="bbox 345 1327 1708 1400; baseline -0.004 -12"><span class='ocrx_word' id='word_1_119' title='bbox 345 1329 665 1400; x_wconf 70' lang='lat' dir='ltr'>&#39;temperamentum</span> <span class='ocrx_word' id='word_1_120' title='bbox 689 1333 793 1383; x_wconf 86' lang='lat' dir='ltr'>hominis</span> <span class='ocrx_word' id='word_1_121' title='bbox 818 1335 871 1382; x_wconf 89' lang='lat' dir='ltr'>nati</span> <span class='ocrx_word' id='word_1_122' title='bbox 891 1327 1152 1383; x_wconf 78' lang='lat' dir='ltr'>constituenti</span> <span class='ocrx_word' id='word_1_123' title='bbox 1183 1331 1237 1398; x_wconf 87' lang='lat' dir='ltr'>Ego</span> <span class='ocrx_word' id='word_1_124' title='bbox 1255 1347 1328 1398; x_wconf 84' lang='lat' dir='ltr'>nego.</span> <span class='ocrx_word' id='word_1_125' title='bbox 1366 1331 1433 1394; x_wconf 85' lang='lat' dir='ltr'>Quid</span> <span class='ocrx_word' id='word_1_126' title='bbox 1457 1331 1488 1384; x_wconf 85' lang='lat' dir='ltr'>de</span> <span class='ocrx_word' id='word_1_127' title='bbox 1506 1331 1708 1398; x_wconf 72' lang='lat' dir='ltr'>iuterroga-</span> 
     </span>
    </p>
   </div>
   <div class='ocr_carea' id='block_1_4' title="bbox 346 1399 1711 2588">
    <p class='ocr_par' dir='ltr' id='par_1_5' title="bbox 346 1399 1710 1686">
     <span class='ocr_line' id='line_1_13' title="bbox 346 1399 1709 1470; baseline -0.004 -11"><span class='ocrx_word' id='word_1_128' title='bbox 346 1409 515 1459; x_wconf 83' lang='lat' dir='ltr'>tior&#39;ribu&#39;r</span> <span class='ocrx_word' id='word_1_129' title='bbox 533 1411 560 1456; x_wconf 90' lang='lat' dir='ltr'>et</span> <span class='ocrx_word' id='word_1_130' title='bbox 574 1405 674 1468; x_wconf 74' lang='lat' dir='ltr'>judiciis</span> <span class='ocrx_word' id='word_1_131' title='bbox 692 1405 722 1454; x_wconf 83' lang='lat' dir='ltr'>iis</span> <span class='ocrx_word' id='word_1_132' title='bbox 739 1405 902 1454; x_wconf 77' lang='lat' dir='ltr'>innitentibus</span> <span class='ocrx_word' id='word_1_133' title='bbox 920 1405 953 1454; x_wconf 83' lang='lat' dir='ltr'>su&#39;t</span> <span class='ocrx_word' id='word_1_134' title='bbox 970 1401 1150 1454; x_wconf 71' lang='lat' dir='ltr'>renuendum?</span> <span class='ocrx_word' id='word_1_135' title='bbox 1184 1399 1259 1454; x_wconf 74' lang='lat' dir='ltr'>Multi</span> <span class='ocrx_word' id='word_1_136' title='bbox 1277 1404 1407 1468; x_wconf 86' lang='lat' dir='ltr'>plurimum</span> <span class='ocrx_word' id='word_1_137' title='bbox 1431 1403 1550 1454; x_wconf 81' lang='lat' dir='ltr'>tribumut</span> <span class='ocrx_word' id='word_1_138' title='bbox 1581 1403 1638 1470; x_wconf 81' lang='lat' dir='ltr'>iigo</span> <span class='ocrx_word' id='word_1_139' title='bbox 1655 1413 1709 1454; x_wconf 80' lang='lat' dir='ltr'>rem</span> 
     </span>
     <span class='ocr_line' id='line_1_14' title="bbox 350 1474 1708 1546; baseline -0.004 -16"><span class='ocrx_word' id='word_1_140' title='bbox 350 1480 512 1546; x_wconf 80' lang='lat' dir='ltr'>suspiciosam</span> <span class='ocrx_word' id='word_1_141' title='bbox 526 1491 585 1528; x_wconf 65' lang='lat' dir='ltr'>‘esse</span> <span class='ocrx_word' id='word_1_142' title='bbox 600 1477 694 1539; x_wconf 83' lang='lat' dir='ltr'>judico.</span> <span class='ocrx_word' id='word_1_143' title='bbox 730 1474 797 1536; x_wconf 85' lang='lat' dir='ltr'>Quid</span> <span class='ocrx_word' id='word_1_144' title='bbox 815 1474 846 1524; x_wconf 79' lang='lat' dir='ltr'>do</span> <span class='ocrx_word' id='word_1_145' title='bbox 864 1476 959 1525; x_wconf 82' lang='grc' dir='ltr'>ιιιιιιιι</span> <span class='ocrx_word' id='word_1_146' title='bbox 976 1482 1081 1539; x_wconf 86' lang='lat' dir='ltr'>parta</span> <span class='ocrx_word' id='word_1_147' title='bbox 1099 1475 1290 1532; x_wconf 83' lang='lat' dir='ltr'>fortunae,</span> <span class='ocrx_word' id='word_1_148' title='bbox 1310 1475 1340 1526; x_wconf 87' lang='lat' dir='ltr'>de</span> <span class='ocrx_word' id='word_1_149' title='bbox 1360 1475 1708 1526; x_wconf 74' lang='lat' dir='ltr'>electionibus-utm-</span> 
     </span>
     <span class='ocr_line' id='line_1_15' title="bbox 350 1543 1710 1616; baseline -0.004 -15"><span class='ocrx_word' id='word_1_150' title='bbox 350 1551 437 1616; x_wconf 86' lang='lat' dir='ltr'>logiois</span> <span class='ocrx_word' id='word_1_151' title='bbox 456 1543 553 1600; x_wconf 69' lang='lat' dir='ltr'>sautu?</span> <span class='ocrx_word' id='word_1_152' title='bbox 589 1547 654 1598; x_wconf 89' lang='lat' dir='ltr'>illud</span> <span class='ocrx_word' id='word_1_153' title='bbox 682 1559 762 1612; x_wconf 87' lang='lat' dir='ltr'>ungar</span> <span class='ocrx_word' id='word_1_154' title='bbox 790 1560 835 1611; x_wconf 84' lang='lat' dir='ltr'>ego</span> <span class='ocrx_word' id='word_1_155' title='bbox 853 1553 950 1610; x_wconf 83' lang='lat' dir='ltr'>reputo.</span> <span class='ocrx_word' id='word_1_156' title='bbox 986 1545 1184 1611; x_wconf 74' lang='lat' dir='ltr'>imaginum</span> <span class='ocrx_word' id='word_1_157' title='bbox 1202 1545 1452 1598; x_wconf 73' lang='lat' dir='ltr'>ehmmrsrresosrun</span> <span class='ocrx_word' id='word_1_158' title='bbox 1479 1547 1524 1597; x_wconf 79' lang='lat' dir='ltr'>sub</span> <span class='ocrx_word' id='word_1_159' title='bbox 1542 1553 1619 1598; x_wconf 68' lang='lat' dir='ltr'>euru</span> <span class='ocrx_word' id='word_1_160' title='bbox 1646 1546 1710 1597; x_wconf 85' lang='lat' dir='ltr'>coeii</span> 
     </span>
     <span class='ocr_line' id='line_1_16' title="bbox 350 1615 1094 1686; baseline -0.008 -15"><span class='ocrx_word' id='word_1_161' title='bbox 350 1623 432 1686; x_wconf 82' lang='lat' dir='ltr'>positu</span> <span class='ocrx_word' id='word_1_162' title='bbox 450 1615 547 1670; x_wconf 77' lang='lat' dir='ltr'>iidetur</span> <span class='ocrx_word' id='word_1_163' title='bbox 564 1619 648 1683; x_wconf 80' lang='lat' dir='ltr'>aliqua</span> <span class='ocrx_word' id='word_1_164' title='bbox 665 1619 691 1667; x_wconf 91' lang='lat' dir='ltr'>iu</span> <span class='ocrx_word' id='word_1_165' title='bbox 708 1617 799 1668; x_wconf 84' lang='lat' dir='ltr'>morbis</span> <span class='ocrx_word' id='word_1_166' title='bbox 816 1617 976 1682; x_wconf 79' lang='lat' dir='ltr'>profligandis</span> <span class='ocrx_word' id='word_1_167' title='bbox 994 1618 1030 1666; x_wconf 85' lang='lat' dir='ltr'>ris</span> <span class='ocrx_word' id='word_1_168' title='bbox 1049 1615 1094 1667; x_wconf 83' lang='lat' dir='ltr'>dte.</span> 
     </span>
    </p>

    <p class='ocr_par' dir='ltr' id='par_1_6' title="bbox 349 1705 1711 2588">
     <span class='ocr_line' id='line_1_17' title="bbox 400 1705 1709 1792; baseline -0.001 -23"><span class='ocrx_word' id='word_1_169' title='bbox 400 1706 405 1712; x_wconf 83' lang='grc'><strong>’</strong></span> <span class='ocrx_word' id='word_1_170' title='bbox 440 1707 638 1788; x_wconf 86' lang='lat' dir='ltr'>Keplerus:</span> <span class='ocrx_word' id='word_1_171' title='bbox 672 1707 738 1768; x_wconf 87' lang='lat' dir='ltr'>Tua</span> <span class='ocrx_word' id='word_1_172' title='bbox 769 1705 955 1786; x_wconf 83' lang='lat' dir='ltr'>postscripta</span> <span class='ocrx_word' id='word_1_173' title='bbox 989 1725 1036 1768; x_wconf 92' lang='lat' dir='ltr'>me</span> <span class='ocrx_word' id='word_1_174' title='bbox 1067 1716 1213 1792; x_wconf 83' lang='lat' dir='ltr'>revocant</span> <span class='ocrx_word' id='word_1_175' title='bbox 1245 1705 1274 1768; x_wconf 92' lang='lat' dir='ltr'>iu</span> <span class='ocrx_word' id='word_1_176' title='bbox 1297 1705 1505 1786; x_wconf 85' lang='lat' dir='ltr'>astrologiam.</span> <span class='ocrx_word' id='word_1_177' title='bbox 1551 1707 1709 1786; x_wconf 77' lang='lat' dir='ltr'>aspectus</span> 
     </span>
     <span class='ocr_line' id='line_1_18' title="bbox 352 1793 1710 1880; baseline -0.004 -19"><span class='ocrx_word' id='word_1_178' title='bbox 352 1798 470 1880; x_wconf 89' lang='lat' dir='ltr'>quinam</span> <span class='ocrx_word' id='word_1_179' title='bbox 493 1795 572 1868; x_wconf 90' lang='lat' dir='ltr'>boui,</span> <span class='ocrx_word' id='word_1_180' title='bbox 597 1795 647 1875; x_wconf 91' lang='lat' dir='ltr'>qui</span> <span class='ocrx_word' id='word_1_181' title='bbox 669 1793 760 1855; x_wconf 83' lang='lat' dir='ltr'>mali?</span> <span class='ocrx_word' id='word_1_182' title='bbox 805 1794 872 1874; x_wconf 88' lang='lat' dir='ltr'>Ego</span> <span class='ocrx_word' id='word_1_183' title='bbox 887 1795 965 1856; x_wconf 90' lang='lat' dir='ltr'>inter</span> <span class='ocrx_word' id='word_1_184' title='bbox 980 1803 1121 1875; x_wconf 86' lang='lat' dir='ltr'>aspectos</span> <span class='ocrx_word' id='word_1_185' title='bbox 1141 1795 1322 1875; x_wconf 79' lang='lat' dir='ltr'>astrologice</span> <span class='ocrx_word' id='word_1_186' title='bbox 1346 1814 1404 1857; x_wconf 91' lang='lat' dir='ltr'>nou</span> <span class='ocrx_word' id='word_1_187' title='bbox 1420 1795 1551 1857; x_wconf 82' lang='lat' dir='ltr'>discerni</span> <span class='ocrx_word' id='word_1_188' title='bbox 1567 1803 1642 1874; x_wconf 89' lang='lat' dir='ltr'>putu</span> <span class='ocrx_word' id='word_1_189' title='bbox 1653 1813 1710 1874; x_wconf 88' lang='lat' dir='ltr'>per</span> 
     </span>
     <span class='ocr_line' id='line_1_19' title="bbox 352 1883 1707 1964; baseline -0.003 -14"><span class='ocrx_word' id='word_1_190' title='bbox 352 1884 497 1950; x_wconf 85' lang='lat' dir='ltr'>bonitatis</span> <span class='ocrx_word' id='word_1_191' title='bbox 520 1892 552 1945; x_wconf 90' lang='lat' dir='ltr'>et</span> <span class='ocrx_word' id='word_1_192' title='bbox 575 1883 710 1946; x_wconf 80' lang='lat' dir='ltr'>malitiae</span> <span class='ocrx_word' id='word_1_193' title='bbox 734 1891 839 1958; x_wconf 86' lang='lat' dir='ltr'>uotae,</span> <span class='ocrx_word' id='word_1_194' title='bbox 875 1884 928 1944; x_wconf 91' lang='lat' dir='ltr'>sed</span> <span class='ocrx_word' id='word_1_195' title='bbox 952 1891 1070 1946; x_wconf 90' lang='lat' dir='ltr'>tautum</span> <span class='ocrx_word' id='word_1_196' title='bbox 1092 1903 1147 1964; x_wconf 91' lang='lat' dir='ltr'>per</span> <span class='ocrx_word' id='word_1_197' title='bbox 1171 1883 1375 1946; x_wconf 85' lang='lat' dir='ltr'>fortitudinem</span> <span class='ocrx_word' id='word_1_198' title='bbox 1399 1892 1431 1946; x_wconf 90' lang='lat' dir='ltr'>ot</span> <span class='ocrx_word' id='word_1_199' title='bbox 1455 1883 1707 1946; x_wconf 79' lang='lat' dir='ltr'>imbecillitatem.</span> 
     </span>
     <span class='ocr_line' id='line_1_20' title="bbox 352 1971 1710 2052; baseline -0.002 -15"><span class='ocrx_word' id='word_1_200' title='bbox 352 1973 472 2038; x_wconf 86' lang='lat' dir='ltr'>Fortior</span> <span class='ocrx_word' id='word_1_201' title='bbox 494 1973 530 2047; x_wconf 91' lang='lat' dir='ltr'>is,</span> <span class='ocrx_word' id='word_1_202' title='bbox 555 1971 640 2051; x_wconf 89' lang='lat' dir='ltr'>cujus</span> <span class='ocrx_word' id='word_1_203' title='bbox 663 1971 881 2032; x_wconf 85' lang='lat' dir='ltr'>demonstratio</span> <span class='ocrx_word' id='word_1_204' title='bbox 907 1971 1020 2034; x_wconf 87' lang='lat' dir='ltr'>fortior.</span> <span class='ocrx_word' id='word_1_205' title='bbox 1068 1973 1167 2034; x_wconf 89' lang='lat' dir='ltr'>Primo</span> <span class='ocrx_word' id='word_1_206' title='bbox 1183 1973 1353 2052; x_wconf 88' lang='lat' dir='ltr'>conjunctio</span> <span class='ocrx_word' id='word_1_207' title='bbox 1369 1973 1545 2052; x_wconf 85' lang='lat' dir='ltr'>corporalis,</span> <span class='ocrx_word' id='word_1_208' title='bbox 1575 1972 1648 2052; x_wconf 82' lang='lat' dir='ltr'>quia</span> <span class='ocrx_word' id='word_1_209' title='bbox 1662 1972 1710 2034; x_wconf 90' lang='lat' dir='ltr'>hic</span> 
     </span>
     <span class='ocr_line' id='line_1_21' title="bbox 352 2058 1709 2141; baseline -0.003 -15"><span class='ocrx_word' id='word_1_210' title='bbox 352 2062 506 2126; x_wconf 82' lang='lat' dir='ltr'>identitas.</span> <span class='ocrx_word' id='word_1_211' title='bbox 541 2060 679 2123; x_wconf 88' lang='lat' dir='ltr'>Secundo</span> <span class='ocrx_word' id='word_1_212' title='bbox 690 2060 839 2140; x_wconf 90' lang='lat' dir='ltr'>oppositio</span> <span class='ocrx_word' id='word_1_213' title='bbox 850 2058 1024 2140; x_wconf 87' lang='lat' dir='ltr'>corporalis,</span> <span class='ocrx_word' id='word_1_214' title='bbox 1040 2061 1266 2141; x_wconf 84' lang='lat' dir='ltr'>quiadiameter</span> <span class='ocrx_word' id='word_1_215' title='bbox 1275 2061 1387 2137; x_wconf 87' lang='lat' dir='ltr'>circuli,</span> <span class='ocrx_word' id='word_1_216' title='bbox 1404 2062 1543 2124; x_wconf 87' lang='lat' dir='ltr'>bieecaus</span> <span class='ocrx_word' id='word_1_217' title='bbox 1554 2061 1709 2124; x_wconf 89' lang='lat' dir='ltr'>circulum.</span> 
     </span>
     <span class='ocr_line' id='line_1_22' title="bbox 352 2147 1706 2231; baseline 0 -19"><span class='ocrx_word' id='word_1_218' title='bbox 352 2150 454 2224; x_wconf 83' lang='lat' dir='ltr'>Tertio</span> <span class='ocrx_word' id='word_1_219' title='bbox 479 2150 675 2231; x_wconf 87' lang='lat' dir='ltr'>quadratura,</span> <span class='ocrx_word' id='word_1_220' title='bbox 705 2147 774 2228; x_wconf 88' lang='lat' dir='ltr'>quia</span> <span class='ocrx_word' id='word_1_221' title='bbox 803 2148 907 2210; x_wconf 86' lang='lat' dir='ltr'>leteris</span> <span class='ocrx_word' id='word_1_222' title='bbox 932 2149 1110 2229; x_wconf 86' lang='lat' dir='ltr'>quadratum</span> <span class='ocrx_word' id='word_1_223' title='bbox 1135 2157 1182 2210; x_wconf 82' lang='lat' dir='ltr'>est</span> <span class='ocrx_word' id='word_1_224' title='bbox 1209 2150 1350 2229; x_wconf 86' lang='lat' dir='ltr'>quadrati</span> <span class='ocrx_word' id='word_1_225' title='bbox 1373 2150 1513 2213; x_wconf 88' lang='lat' dir='ltr'>diametri</span> <span class='ocrx_word' id='word_1_226' title='bbox 1541 2147 1706 2212; x_wconf 81' lang='lat' dir='ltr'>dimidium.</span> 
     </span>
     <span class='ocr_line' id='line_1_23' title="bbox 353 2237 1709 2319; baseline -0.001 -18"><span class='ocrx_word' id='word_1_227' title='bbox 353 2238 471 2310; x_wconf 84' lang='lat' dir='ltr'>Quarto</span> <span class='ocrx_word' id='word_1_228' title='bbox 495 2237 612 2298; x_wconf 88' lang='lat' dir='ltr'>sextilis</span> <span class='ocrx_word' id='word_1_229' title='bbox 637 2246 669 2298; x_wconf 92' lang='lat' dir='ltr'>et</span> <span class='ocrx_word' id='word_1_230' title='bbox 691 2237 844 2316; x_wconf 86' lang='lat' dir='ltr'>trigonus,</span> <span class='ocrx_word' id='word_1_231' title='bbox 869 2237 940 2318; x_wconf 88' lang='lat' dir='ltr'>quia</span> <span class='ocrx_word' id='word_1_232' title='bbox 962 2238 1042 2299; x_wconf 89' lang='lat' dir='ltr'>latus</span> <span class='ocrx_word' id='word_1_233' title='bbox 1066 2238 1224 2317; x_wconf 84' lang='lat' dir='ltr'>sexanguli</span> <span class='ocrx_word' id='word_1_234' title='bbox 1248 2240 1374 2319; x_wconf 90' lang='lat' dir='ltr'>aequale</span> <span class='ocrx_word' id='word_1_235' title='bbox 1398 2248 1448 2302; x_wconf 89' lang='lat' dir='ltr'>est</span> <span class='ocrx_word' id='word_1_236' title='bbox 1470 2238 1709 2310; x_wconf 88' lang='lat' dir='ltr'>semidiametro,</span> 
     </span>
     <span class='ocr_line' id='line_1_24' title="bbox 353 2317 1711 2408; baseline -0.002 -17"><span class='ocrx_word' id='word_1_237' title='bbox 353 2338 385 2390; x_wconf 89' lang='lat' dir='ltr'>et</span> <span class='ocrx_word' id='word_1_238' title='bbox 407 2325 487 2390; x_wconf 89' lang='lat' dir='ltr'>latus</span> <span class='ocrx_word' id='word_1_239' title='bbox 510 2324 653 2405; x_wconf 81' lang='lat' dir='ltr'>trianguli</span> <span class='ocrx_word' id='word_1_240' title='bbox 675 2333 778 2404; x_wconf 89' lang='lat' dir='ltr'>potest</span> <span class='ocrx_word' id='word_1_241' title='bbox 807 2317 840 2406; x_wconf 66' lang='grc' dir='ltr'>Ἰ.</span> <span class='ocrx_word' id='word_1_242' title='bbox 867 2325 1018 2388; x_wconf 90' lang='lat' dir='ltr'>diametri.</span> <span class='ocrx_word' id='word_1_243' title='bbox 1067 2324 1180 2397; x_wconf 79' lang='lat' dir='ltr'>Quinto</span> <span class='ocrx_word' id='word_1_244' title='bbox 1205 2326 1339 2408; x_wconf 87' lang='lat' dir='ltr'>quintilis</span> <span class='ocrx_word' id='word_1_245' title='bbox 1362 2335 1395 2389; x_wconf 91' lang='lat' dir='ltr'>et</span> <span class='ocrx_word' id='word_1_246' title='bbox 1417 2327 1603 2408; x_wconf 88' lang='lat' dir='ltr'>biquintilis,</span> <span class='ocrx_word' id='word_1_247' title='bbox 1637 2327 1711 2406; x_wconf 80' lang='lat' dir='ltr'>quia</span> 
     </span>
     <span class='ocr_line' id='line_1_25' title="bbox 349 2411 1708 2496; baseline 0 -19"><span class='ocrx_word' id='word_1_248' title='bbox 349 2417 456 2496; x_wconf 89' lang='lat' dir='ltr'>juncta</span> <span class='ocrx_word' id='word_1_249' title='bbox 480 2413 633 2494; x_wconf 88' lang='lat' dir='ltr'>utriusque</span> <span class='ocrx_word' id='word_1_250' title='bbox 658 2415 807 2494; x_wconf 88' lang='lat' dir='ltr'>quadrata</span> <span class='ocrx_word' id='word_1_251' title='bbox 829 2422 900 2476; x_wconf 83' lang='lat' dir='ltr'>suut</span> <span class='ocrx_word' id='word_1_252' title='bbox 932 2414 971 2475; x_wconf 90' lang='lat' dir='ltr'>ad</span> <span class='ocrx_word' id='word_1_253' title='bbox 995 2416 1172 2496; x_wconf 89' lang='lat' dir='ltr'>quadratum</span> <span class='ocrx_word' id='word_1_254' title='bbox 1197 2417 1335 2478; x_wconf 90' lang='lat' dir='ltr'>diametri</span> <span class='ocrx_word' id='word_1_255' title='bbox 1368 2424 1402 2476; x_wconf 90' lang='lat' dir='ltr'>ut</span> <span class='ocrx_word' id='word_1_256' title='bbox 1425 2414 1445 2477; x_wconf 85' lang='lat'>5</span> <span class='ocrx_word' id='word_1_257' title='bbox 1469 2417 1508 2478; x_wconf 87' lang='lat' dir='ltr'>ad</span> <span class='ocrx_word' id='word_1_258' title='bbox 1532 2411 1563 2476; x_wconf 79' lang='grc'>4.</span> <span class='ocrx_word' id='word_1_259' title='bbox 1611 2413 1708 2477; x_wconf 84' lang='lat' dir='ltr'>Sexto</span> 
     </span>
     <span class='ocr_line' id='line_1_26' title="bbox 354 2502 1708 2588; baseline -0.001 -21"><span class='ocrx_word' id='word_1_260' title='bbox 354 2503 635 2585; x_wconf 86' lang='lat' dir='ltr'>sesquiquadratus,</span> <span class='ocrx_word' id='word_1_261' title='bbox 669 2502 740 2582; x_wconf 92' lang='lat' dir='ltr'>quia</span> <span class='ocrx_word' id='word_1_262' title='bbox 758 2503 943 2576; x_wconf 85' lang='lat' dir='ltr'>irrationalis</span> <span class='ocrx_word' id='word_1_263' title='bbox 976 2511 1007 2564; x_wconf 87' lang='lat' dir='ltr'>et</span> <span class='ocrx_word' id='word_1_264' title='bbox 1030 2503 1094 2565; x_wconf 85' lang='lat' dir='ltr'>sine</span> <span class='ocrx_word' id='word_1_265' title='bbox 1118 2503 1210 2588; x_wconf 87' lang='lat' dir='ltr'>socio.</span> <span class='ocrx_word' id='word_1_266' title='bbox 1258 2505 1337 2566; x_wconf 90' lang='lat' dir='ltr'>Nam</span> <span class='ocrx_word' id='word_1_267' title='bbox 1367 2506 1563 2584; x_wconf 83' lang='lat' dir='ltr'>octangulum</span> <span class='ocrx_word' id='word_1_268' title='bbox 1587 2505 1708 2584; x_wconf 85' lang='lat' dir='ltr'>quidem</span> 
     </span>
    </p>
   </div>
   <div class='ocr_carea' id='block_1_5' title="bbox 244 2591 1710 2673">
    <p class='ocr_par' dir='ltr' id='par_1_7' title="bbox 244 2591 1710 2673">
     <span class='ocr_line' id='line_1_27' title="bbox 244 2591 1710 2673; baseline -0.001 -19"><span class='ocrx_word' id='word_1_269' title='bbox 244 2593 250 2604; x_wconf 84' lang='lat'>&#39;</span> <span class='ocrx_word' id='word_1_270' title='bbox 349 2593 437 2673; x_wconf 91' lang='lat' dir='ltr'>juvat</span> <span class='ocrx_word' id='word_1_271' title='bbox 468 2593 552 2652; x_wconf 90' lang='lat' dir='ltr'>illum</span> <span class='ocrx_word' id='word_1_272' title='bbox 585 2592 623 2652; x_wconf 89' lang='lat' dir='ltr'>ad</span> <span class='ocrx_word' id='word_1_273' title='bbox 655 2591 842 2670; x_wconf 88' lang='lat' dir='ltr'>aequandum</span> <span class='ocrx_word' id='word_1_274' title='bbox 876 2592 1054 2672; x_wconf 88' lang='lat' dir='ltr'>quadratum</span> <span class='ocrx_word' id='word_1_275' title='bbox 1087 2591 1238 2668; x_wconf 76' lang='lat' dir='ltr'>diametri3</span> <span class='ocrx_word' id='word_1_276' title='bbox 1273 2594 1327 2654; x_wconf 87' lang='lat' dir='ltr'>sed</span> <span class='ocrx_word' id='word_1_277' title='bbox 1350 2594 1542 2673; x_wconf 86' lang='lat' dir='ltr'>octaugulum</span> <span class='ocrx_word' id='word_1_278' title='bbox 1576 2611 1636 2654; x_wconf 87' lang='lat' dir='ltr'>nou</span> <span class='ocrx_word' id='word_1_279' title='bbox 1658 2603 1710 2654; x_wconf 90' lang='lat' dir='ltr'>est</span> 
     </span>
    </p>
   </div>
   <div class='ocr_carea' id='block_1_6' title="bbox 277 2677 1713 4896">
    <p class='ocr_par' dir='ltr' id='par_1_8' title="bbox 277 2677 1712 3558">
     <span class='ocr_line' id='line_1_28' title="bbox 340 2677 1709 2759; baseline -0.001 -17"><span class='ocrx_word' id='word_1_280' title='bbox 340 2682 433 2743; x_wconf 77' lang='lat' dir='ltr'>&#39;inter</span> <span class='ocrx_word' id='word_1_281' title='bbox 450 2677 648 2742; x_wconf 87' lang='lat' dir='ltr'>harmonicus.</span> <span class='ocrx_word' id='word_1_282' title='bbox 695 2679 766 2741; x_wconf 90' lang='lat' dir='ltr'>Jarn</span> <span class='ocrx_word' id='word_1_283' title='bbox 789 2679 826 2740; x_wconf 88' lang='lat' dir='ltr'>iu·</span> <span class='ocrx_word' id='word_1_284' title='bbox 843 2680 975 2759; x_wconf 86' lang='lat' dir='ltr'>planetis</span> <span class='ocrx_word' id='word_1_285' title='bbox 999 2699 1057 2741; x_wconf 91' lang='lat' dir='ltr'>nou</span> <span class='ocrx_word' id='word_1_286' title='bbox 1073 2688 1143 2742; x_wconf 85' lang='lat' dir='ltr'>sunt</span> <span class='ocrx_word' id='word_1_287' title='bbox 1166 2681 1236 2743; x_wconf 94' lang='lat' dir='ltr'>boui</span> <span class='ocrx_word' id='word_1_288' title='bbox 1260 2690 1292 2743; x_wconf 90' lang='lat' dir='ltr'>et</span> <span class='ocrx_word' id='word_1_289' title='bbox 1307 2682 1388 2751; x_wconf 88' lang='lat' dir='ltr'>mali,</span> <span class='ocrx_word' id='word_1_290' title='bbox 1413 2682 1468 2742; x_wconf 90' lang='lat' dir='ltr'>sed</span> <span class='ocrx_word' id='word_1_291' title='bbox 1487 2681 1564 2756; x_wconf 90' lang='lat' dir='ltr'>duri,</span> <span class='ocrx_word' id='word_1_292' title='bbox 1589 2682 1709 2750; x_wconf 82' lang='lat' dir='ltr'>molles,</span> 
     </span>
     <span class='ocr_line' id='line_1_29' title="bbox 354 2767 1709 2848; baseline 0.001 -15"><span class='ocrx_word' id='word_1_293' title='bbox 354 2768 455 2843; x_wconf 89' lang='lat' dir='ltr'>calidi,</span> <span class='ocrx_word' id='word_1_294' title='bbox 478 2768 593 2848; x_wconf 84' lang='lat' dir='ltr'>frigidi,</span> <span class='ocrx_word' id='word_1_295' title='bbox 617 2767 743 2840; x_wconf 87' lang='lat' dir='ltr'>humidi,</span> <span class='ocrx_word' id='word_1_296' title='bbox 769 2767 850 2829; x_wconf 88' lang='lat' dir='ltr'>sicci.</span> <span class='ocrx_word' id='word_1_297' title='bbox 898 2767 1039 2830; x_wconf 90' lang='lat' dir='ltr'>Mollibus</span> <span class='ocrx_word' id='word_1_298' title='bbox 1070 2777 1102 2830; x_wconf 91' lang='lat' dir='ltr'>et</span> <span class='ocrx_word' id='word_1_299' title='bbox 1125 2768 1253 2831; x_wconf 87' lang='lat' dir='ltr'>humidis</span> <span class='ocrx_word' id='word_1_300' title='bbox 1277 2771 1458 2832; x_wconf 88' lang='lat' dir='ltr'>conveniunt</span> <span class='ocrx_word' id='word_1_301' title='bbox 1481 2769 1616 2843; x_wconf 85' lang='lat' dir='ltr'>sextilis,</span> <span class='ocrx_word' id='word_1_302' title='bbox 1649 2769 1709 2834; x_wconf 82' lang='lat' dir='ltr'>tri-</span> 
     </span>
     <span class='ocr_line' id='line_1_30' title="bbox 354 2855 1709 2942; baseline 0 -22"><span class='ocrx_word' id='word_1_303' title='bbox 354 2877 465 2940; x_wconf 82' lang='lat' dir='ltr'>gonae,</span> <span class='ocrx_word' id='word_1_304' title='bbox 490 2855 770 2942; x_wconf 87' lang='lat' dir='ltr'>sesquiquadratus,</span> <span class='ocrx_word' id='word_1_305' title='bbox 805 2857 956 2918; x_wconf 90' lang='lat' dir='ltr'>translato</span> <span class='ocrx_word' id='word_1_306' title='bbox 981 2857 1093 2918; x_wconf 86' lang='lat' dir='ltr'>aurium</span> <span class='ocrx_word' id='word_1_307' title='bbox 1119 2859 1323 2938; x_wconf 90' lang='lat' dir='ltr'>experimento</span> <span class='ocrx_word' id='word_1_308' title='bbox 1352 2879 1390 2920; x_wconf 82' lang='lat' dir='ltr'>ex</span> <span class='ocrx_word' id='word_1_309' title='bbox 1412 2859 1528 2921; x_wconf 84' lang='lat' dir='ltr'>musica</span> <span class='ocrx_word' id='word_1_310' title='bbox 1551 2859 1580 2920; x_wconf 91' lang='lat' dir='ltr'>iu</span> <span class='ocrx_word' id='word_1_311' title='bbox 1605 2867 1709 2920; x_wconf 77' lang='lat' dir='ltr'>asun-</span> 
     </span>
     <span class='ocr_line' id='line_1_31' title="bbox 324 2945 1411 3030; baseline -0.003 -19"><span class='ocrx_word' id='word_1_312' title='bbox 324 3009 325 3026; x_wconf 59' lang='lat'>,</span> <span class='ocrx_word' id='word_1_313' title='bbox 354 2947 478 3030; x_wconf 84' lang='lat' dir='ltr'>logiam;</span> <span class='ocrx_word' id='word_1_314' title='bbox 504 2945 586 3007; x_wconf 86' lang='lat' dir='ltr'>duris</span> <span class='ocrx_word' id='word_1_315' title='bbox 609 2954 641 3006; x_wconf 91' lang='lat' dir='ltr'>et</span> <span class='ocrx_word' id='word_1_316' title='bbox 663 2945 785 3006; x_wconf 85' lang='lat' dir='ltr'>fervidis</span> <span class='ocrx_word' id='word_1_317' title='bbox 810 2945 997 3024; x_wconf 84' lang='lat' dir='ltr'>acceptiores</span> <span class='ocrx_word' id='word_1_318' title='bbox 1022 2947 1156 3026; x_wconf 87' lang='lat' dir='ltr'>quintilis</span> <span class='ocrx_word' id='word_1_319' title='bbox 1180 2956 1213 3008; x_wconf 90' lang='lat' dir='ltr'>et</span> <span class='ocrx_word' id='word_1_320' title='bbox 1234 2947 1411 3027; x_wconf 86' lang='lat' dir='ltr'>biquiutilie.</span> 
     </span>
     <span class='ocr_line' id='line_1_32' title="bbox 277 3035 1710 3116; baseline 0 -19"><span class='ocrx_word' id='word_1_321' title='bbox 277 3041 280 3048; x_wconf 85' lang='lat'>&#39;</span> <span class='ocrx_word' id='word_1_322' title='bbox 442 3035 489 3098; x_wconf 92' lang='lat' dir='ltr'>De</span> <span class='ocrx_word' id='word_1_323' title='bbox 520 3039 807 3113; x_wconf 77' lang='lat' dir='ltr'>temperamento</span> <span class='ocrx_word' id='word_1_324' title='bbox 839 3041 913 3112; x_wconf 92' lang='lat' dir='ltr'>puto</span> <span class='ocrx_word' id='word_1_325' title='bbox 946 3035 1155 3114; x_wconf 88' lang='lat' dir='ltr'>quaestionem</span> <span class='ocrx_word' id='word_1_326' title='bbox 1187 3055 1279 3115; x_wconf 90' lang='lat' dir='ltr'>supra</span> <span class='ocrx_word' id='word_1_327' title='bbox 1302 3036 1469 3116; x_wconf 85' lang='lat' dir='ltr'>agitatam,</span> <span class='ocrx_word' id='word_1_328' title='bbox 1504 3044 1537 3098; x_wconf 91' lang='lat' dir='ltr'>et</span> <span class='ocrx_word' id='word_1_329' title='bbox 1558 3035 1710 3116; x_wconf 89' lang='lat' dir='ltr'>prioribus</span> 
     </span>
     <span class='ocr_line' id='line_1_33' title="bbox 355 3121 1710 3206; baseline -0.001 -18"><span class='ocrx_word' id='word_1_330' title='bbox 355 3123 451 3188; x_wconf 91' lang='lat' dir='ltr'>literis</span> <span class='ocrx_word' id='word_1_331' title='bbox 475 3146 494 3185; x_wconf 92' lang='lat' dir='ltr'>a</span> <span class='ocrx_word' id='word_1_332' title='bbox 516 3143 563 3184; x_wconf 92' lang='lat' dir='ltr'>me</span> <span class='ocrx_word' id='word_1_333' title='bbox 587 3141 775 3203; x_wconf 87' lang='lat' dir='ltr'>responsum.</span> <span class='ocrx_word' id='word_1_334' title='bbox 821 3121 941 3184; x_wconf 91' lang='lat' dir='ltr'>Natura</span> <span class='ocrx_word' id='word_1_335' title='bbox 965 3121 1094 3186; x_wconf 91' lang='lat' dir='ltr'>hominis</span> <span class='ocrx_word' id='word_1_336' title='bbox 1118 3133 1167 3185; x_wconf 88' lang='lat' dir='ltr'>est</span> <span class='ocrx_word' id='word_1_337' title='bbox 1189 3125 1287 3186; x_wconf 88' lang='lat' dir='ltr'>instar</span> <span class='ocrx_word' id='word_1_338' title='bbox 1309 3125 1425 3187; x_wconf 89' lang='lat' dir='ltr'>metalli</span> <span class='ocrx_word' id='word_1_339' title='bbox 1450 3125 1568 3206; x_wconf 86' lang='lat' dir='ltr'>liquati,</span> <span class='ocrx_word' id='word_1_340' title='bbox 1593 3125 1710 3187; x_wconf 88' lang='lat' dir='ltr'>coelum</span> 
     </span>
     <span class='ocr_line' id='line_1_34' title="bbox 356 3209 1710 3291; baseline 0.001 -17"><span class='ocrx_word' id='word_1_341' title='bbox 356 3213 452 3274; x_wconf 87' lang='lat' dir='ltr'>instar</span> <span class='ocrx_word' id='word_1_342' title='bbox 475 3213 598 3286; x_wconf 89' lang='lat' dir='ltr'>formae,</span> <span class='ocrx_word' id='word_1_343' title='bbox 623 3211 652 3272; x_wconf 93' lang='lat' dir='ltr'>iu</span> <span class='ocrx_word' id='word_1_344' title='bbox 677 3230 766 3291; x_wconf 90' lang='lat' dir='ltr'>quam</span> <span class='ocrx_word' id='word_1_345' title='bbox 787 3209 962 3273; x_wconf 83' lang='lat' dir='ltr'>infunditur.</span> <span class='ocrx_word' id='word_1_346' title='bbox 1010 3211 1078 3274; x_wconf 90' lang='lat' dir='ltr'>Nisi</span> <span class='ocrx_word' id='word_1_347' title='bbox 1101 3222 1261 3276; x_wconf 85' lang='lat' dir='ltr'>contumax</span> <span class='ocrx_word' id='word_1_348' title='bbox 1284 3214 1326 3275; x_wconf 91' lang='lat' dir='ltr'>sit</span> <span class='ocrx_word' id='word_1_349' title='bbox 1340 3215 1504 3289; x_wconf 87' lang='lat' dir='ltr'>metallum,</span> <span class='ocrx_word' id='word_1_350' title='bbox 1528 3221 1628 3278; x_wconf 82' lang='lat' dir='ltr'>totam</span> <span class='ocrx_word' id='word_1_351' title='bbox 1645 3215 1710 3276; x_wconf 89' lang='lat' dir='ltr'>for·</span> 
     </span>
     <span class='ocr_line' id='line_1_35' title="bbox 353 3299 1710 3383; baseline 0 -20"><span class='ocrx_word' id='word_1_352' title='bbox 353 3320 431 3363; x_wconf 91' lang='lat' dir='ltr'>mam</span> <span class='ocrx_word' id='word_1_353' title='bbox 465 3309 571 3362; x_wconf 83' lang='lat' dir='ltr'>exacte</span> <span class='ocrx_word' id='word_1_354' title='bbox 604 3299 749 3380; x_wconf 84' lang='lat' dir='ltr'>suscipit3</span> <span class='ocrx_word' id='word_1_355' title='bbox 782 3307 815 3360; x_wconf 84' lang='lat' dir='ltr'>at</span> <span class='ocrx_word' id='word_1_356' title='bbox 843 3308 1005 3362; x_wconf 84' lang='lat' dir='ltr'>contumax</span> <span class='ocrx_word' id='word_1_357' title='bbox 1035 3308 1083 3362; x_wconf 87' lang='lat' dir='ltr'>est</span> <span class='ocrx_word' id='word_1_358' title='bbox 1114 3301 1244 3364; x_wconf 89' lang='lat' dir='ltr'>hominis</span> <span class='ocrx_word' id='word_1_359' title='bbox 1268 3311 1377 3366; x_wconf 87' lang='lat' dir='ltr'>natura</span> <span class='ocrx_word' id='word_1_360' title='bbox 1408 3302 1447 3364; x_wconf 93' lang='lat' dir='ltr'>ob</span> <span class='ocrx_word' id='word_1_361' title='bbox 1476 3302 1710 3383; x_wconf 83' lang='lat' dir='ltr'>imaginationes</span> 
     </span>
     <span class='ocr_line' id='line_1_36' title="bbox 353 3387 1712 3471; baseline 0.001 -21"><span class='ocrx_word' id='word_1_362' title='bbox 353 3389 458 3452; x_wconf 89' lang='lat' dir='ltr'>matris</span> <span class='ocrx_word' id='word_1_363' title='bbox 483 3387 697 3450; x_wconf 88' lang='lat' dir='ltr'>antecedentes</span> <span class='ocrx_word' id='word_1_364' title='bbox 722 3396 753 3449; x_wconf 91' lang='lat' dir='ltr'>et</span> <span class='ocrx_word' id='word_1_365' title='bbox 775 3387 976 3451; x_wconf 88' lang='lat' dir='ltr'>iustitutionis</span> <span class='ocrx_word' id='word_1_366' title='bbox 999 3389 1248 3468; x_wconf 59' lang='lat' dir='ltr'>sequeutislvim,</span> <span class='ocrx_word' id='word_1_367' title='bbox 1282 3409 1358 3471; x_wconf 88' lang='lat' dir='ltr'>quae</span> <span class='ocrx_word' id='word_1_368' title='bbox 1383 3398 1432 3454; x_wconf 89' lang='lat' dir='ltr'>est</span> <span class='ocrx_word' id='word_1_369' title='bbox 1456 3391 1555 3454; x_wconf 83' lang='lat' dir='ltr'>instar</span> <span class='ocrx_word' id='word_1_370' title='bbox 1578 3392 1657 3455; x_wconf 88' lang='lat' dir='ltr'>coeli</span> <span class='ocrx_word' id='word_1_371' title='bbox 1676 3393 1712 3452; x_wconf 79' lang='lat' dir='ltr'>&#39;et</span> 
     </span>
     <span class='ocr_line' id='line_1_37' title="bbox 352 3475 1398 3558; baseline 0.001 -19"><span class='ocrx_word' id='word_1_372' title='bbox 352 3477 484 3557; x_wconf 88' lang='lat' dir='ltr'>scalpri;</span> <span class='ocrx_word' id='word_1_373' title='bbox 508 3477 672 3539; x_wconf 89' lang='lat' dir='ltr'>miscentur</span> <span class='ocrx_word' id='word_1_374' title='bbox 694 3475 795 3558; x_wconf 88' lang='lat' dir='ltr'>itaque</span> <span class='ocrx_word' id='word_1_375' title='bbox 819 3477 893 3538; x_wconf 89' lang='lat' dir='ltr'>haec</span> <span class='ocrx_word' id='word_1_376' title='bbox 918 3477 987 3538; x_wconf 91' lang='lat' dir='ltr'>tria.</span> <span class='ocrx_word' id='word_1_377' title='bbox 1033 3477 1084 3538; x_wconf 90' lang='lat' dir='ltr'>Ita</span> <span class='ocrx_word' id='word_1_378' title='bbox 1106 3487 1205 3540; x_wconf 87' lang='lat' dir='ltr'>tecum</span> <span class='ocrx_word' id='word_1_379' title='bbox 1231 3479 1398 3542; x_wconf 87' lang='lat' dir='ltr'>consentio.</span> 
     </span>
    </p>

    <p class='ocr_par' dir='ltr' id='par_1_9' title="bbox 352 3565 1711 3735">
     <span class='ocr_line' id='line_1_38' title="bbox 440 3565 1711 3646; baseline 0 -18"><span class='ocrx_word' id='word_1_380' title='bbox 440 3567 487 3628; x_wconf 86' lang='lat' dir='ltr'>Do</span> <span class='ocrx_word' id='word_1_381' title='bbox 511 3573 618 3644; x_wconf 88' lang='lat' dir='ltr'>parte</span> <span class='ocrx_word' id='word_1_382' title='bbox 643 3565 818 3628; x_wconf 85' lang='lat' dir='ltr'>fortunae</span> <span class='ocrx_word' id='word_1_383' title='bbox 843 3574 876 3626; x_wconf 91' lang='lat' dir='ltr'>ut</span> <span class='ocrx_word' id='word_1_384' title='bbox 899 3567 936 3627; x_wconf 87' lang='lat' dir='ltr'>de</span> <span class='ocrx_word' id='word_1_385' title='bbox 959 3565 1127 3628; x_wconf 89' lang='lat' dir='ltr'>domibus</span> <span class='ocrx_word' id='word_1_386' title='bbox 1147 3567 1264 3646; x_wconf 85' lang='lat' dir='ltr'>judico,</span> <span class='ocrx_word' id='word_1_387' title='bbox 1299 3569 1458 3631; x_wconf 85' lang='lat' dir='ltr'>confictam</span> <span class='ocrx_word' id='word_1_388' title='bbox 1482 3568 1521 3630; x_wconf 91' lang='lat' dir='ltr'>ad</span> <span class='ocrx_word' id='word_1_389' title='bbox 1546 3568 1711 3632; x_wconf 86' lang='lat' dir='ltr'>formanda</span> 
     </span>
     <span class='ocr_line' id='line_1_39' title="bbox 352 3653 1439 3735; baseline -0.002 -18"><span class='ocrx_word' id='word_1_390' title='bbox 352 3675 496 3734; x_wconf 83' lang='lat' dir='ltr'>responsa</span> <span class='ocrx_word' id='word_1_391' title='bbox 520 3656 557 3716; x_wconf 92' lang='lat' dir='ltr'>ad</span> <span class='ocrx_word' id='word_1_392' title='bbox 582 3673 667 3716; x_wconf 89' lang='lat' dir='ltr'>omne</span> <span class='ocrx_word' id='word_1_393' title='bbox 692 3673 786 3732; x_wconf 83' lang='lat' dir='ltr'>genus</span> <span class='ocrx_word' id='word_1_394' title='bbox 811 3653 1031 3735; x_wconf 87' lang='lat' dir='ltr'>quaestionum.</span> <span class='ocrx_word' id='word_1_395' title='bbox 1437 3687 1439 3693; x_wconf 51' lang='lat'>2</span> 
     </span>
    </p>

    <p class='ocr_par' dir='ltr' id='par_1_10' title="bbox 350 3741 1713 4070">
     <span class='ocr_line' id='line_1_40' title="bbox 439 3741 1710 3824; baseline -0.001 -20"><span class='ocrx_word' id='word_1_396' title='bbox 439 3743 509 3805; x_wconf 89' lang='lat' dir='ltr'>Jam</span> <span class='ocrx_word' id='word_1_397' title='bbox 532 3761 603 3822; x_wconf 85' lang='lat' dir='ltr'>ergo</span> <span class='ocrx_word' id='word_1_398' title='bbox 627 3742 719 3804; x_wconf 89' lang='lat' dir='ltr'>etde</span> <span class='ocrx_word' id='word_1_399' title='bbox 744 3742 790 3803; x_wconf 87' lang='lat' dir='ltr'>iris</span> <span class='ocrx_word' id='word_1_400' title='bbox 814 3741 1039 3824; x_wconf 86' lang='lat' dir='ltr'>quaestionibus</span> <span class='ocrx_word' id='word_1_401' title='bbox 1063 3761 1160 3805; x_wconf 90' lang='lat' dir='ltr'>meum</span> <span class='ocrx_word' id='word_1_402' title='bbox 1177 3744 1270 3806; x_wconf 86' lang='lat' dir='ltr'>habes</span> <span class='ocrx_word' id='word_1_403' title='bbox 1290 3744 1447 3824; x_wconf 87' lang='lat' dir='ltr'>judicium,</span> <span class='ocrx_word' id='word_1_404' title='bbox 1473 3756 1525 3808; x_wconf 91' lang='lat' dir='ltr'>tuo</span> <span class='ocrx_word' id='word_1_405' title='bbox 1541 3745 1710 3806; x_wconf 86' lang='lat' dir='ltr'>conforme.</span> 
     </span>
     <span class='ocr_line' id='line_1_41' title="bbox 352 3829 1713 3915; baseline 0.001 -23"><span class='ocrx_word' id='word_1_406' title='bbox 352 3831 414 3892; x_wconf 86' lang='lat' dir='ltr'>Sed</span> <span class='ocrx_word' id='word_1_407' title='bbox 438 3831 515 3905; x_wconf 89' lang='lat' dir='ltr'>vide,</span> <span class='ocrx_word' id='word_1_408' title='bbox 543 3830 612 3910; x_wconf 88' lang='lat' dir='ltr'>quid</span> <span class='ocrx_word' id='word_1_409' title='bbox 636 3848 719 3908; x_wconf 87' lang='lat' dir='ltr'>agas.</span> <span class='ocrx_word' id='word_1_410' title='bbox 767 3829 865 3893; x_wconf 83' lang='lat' dir='ltr'>Crede</span> <span class='ocrx_word' id='word_1_411' title='bbox 891 3831 977 3904; x_wconf 91' lang='lat' dir='ltr'>mihi,</span> <span class='ocrx_word' id='word_1_412' title='bbox 1012 3832 1149 3912; x_wconf 88' lang='lat' dir='ltr'>utrinque</span> <span class='ocrx_word' id='word_1_413' title='bbox 1183 3841 1215 3893; x_wconf 90' lang='lat' dir='ltr'>et</span> <span class='ocrx_word' id='word_1_414' title='bbox 1248 3833 1518 3915; x_wconf 86' lang='lat' dir='ltr'>aquaestionibus</span> <span class='ocrx_word' id='word_1_415' title='bbox 1541 3833 1605 3894; x_wconf 88' lang='lat' dir='ltr'>tuis</span> <span class='ocrx_word' id='word_1_416' title='bbox 1640 3841 1713 3894; x_wconf 87' lang='lat' dir='ltr'>ete</span> 
     </span>
     <span class='ocr_line' id='line_1_42' title="bbox 350 3919 1711 4002; baseline 0.001 -22"><span class='ocrx_word' id='word_1_417' title='bbox 350 3920 587 3998; x_wconf 90' lang='lat' dir='ltr'>profectionibus</span> <span class='ocrx_word' id='word_1_418' title='bbox 611 3919 750 3999; x_wconf 85' lang='lat' dir='ltr'>aequalia</span> <span class='ocrx_word' id='word_1_419' title='bbox 783 3927 868 3980; x_wconf 88' lang='lat' dir='ltr'>stant</span> <span class='ocrx_word' id='word_1_420' title='bbox 891 3921 1098 3999; x_wconf 88' lang='lat' dir='ltr'>experimenta</span> <span class='ocrx_word' id='word_1_421' title='bbox 1134 3929 1165 3982; x_wconf 91' lang='lat' dir='ltr'>et</span> <span class='ocrx_word' id='word_1_422' title='bbox 1190 3923 1412 3986; x_wconf 87' lang='lat' dir='ltr'>frustrationes.</span> <span class='ocrx_word' id='word_1_423' title='bbox 1460 3923 1543 3984; x_wconf 88' lang='lat' dir='ltr'>Nam</span> <span class='ocrx_word' id='word_1_424' title='bbox 1571 3921 1711 4002; x_wconf 87' lang='lat' dir='ltr'>utrinque</span> 
     </span>
     <span class='ocr_line' id='line_1_43' title="bbox 352 4007 676 4070; baseline -0.006 -2"><span class='ocrx_word' id='word_1_425' title='bbox 352 4009 472 4070; x_wconf 88' lang='lat' dir='ltr'>fortuna</span> <span class='ocrx_word' id='word_1_426' title='bbox 495 4007 676 4070; x_wconf 89' lang='lat' dir='ltr'>dominatur.</span> 
     </span>
    </p>

    <p class='ocr_par' dir='ltr' id='par_1_11' title="bbox 349 4095 1712 4896">
     <span class='ocr_line' id='line_1_44' title="bbox 441 4095 1711 4179; baseline 0.002 -20"><span class='ocrx_word' id='word_1_427' title='bbox 441 4097 628 4176; x_wconf 82' lang='lat' dir='ltr'>Imagines</span> <span class='ocrx_word' id='word_1_428' title='bbox 657 4096 750 4158; x_wconf 86' lang='lat' dir='ltr'>tueris</span> <span class='ocrx_word' id='word_1_429' title='bbox 776 4104 952 4175; x_wconf 85' lang='lat' dir='ltr'>argumento</span> <span class='ocrx_word' id='word_1_430' title='bbox 978 4095 1092 4158; x_wconf 86' lang='lat' dir='ltr'>arbium</span> <span class='ocrx_word' id='word_1_431' title='bbox 1114 4104 1148 4158; x_wconf 91' lang='lat' dir='ltr'>et</span> <span class='ocrx_word' id='word_1_432' title='bbox 1176 4095 1342 4176; x_wconf 75' lang='lat' dir='ltr'>regionum.</span> <span class='ocrx_word' id='word_1_433' title='bbox 1388 4099 1478 4179; x_wconf 69' lang='lat' dir='ltr'>mogo</span> <span class='ocrx_word' id='word_1_434' title='bbox 1511 4098 1569 4160; x_wconf 91' lang='lat' dir='ltr'>tibi</span> <span class='ocrx_word' id='word_1_435' title='bbox 1593 4107 1711 4162; x_wconf 61' lang='lat' dir='ltr'>uuum-</span> 
     </span>
     <span class='ocr_line' id='line_1_45' title="bbox 351 4184 1710 4266; baseline 0.003 -21"><span class='ocrx_word' id='word_1_436' title='bbox 351 4203 417 4265; x_wconf 86' lang='lat' dir='ltr'>que.</span> <span class='ocrx_word' id='word_1_437' title='bbox 474 4185 658 4264; x_wconf 83' lang='lat' dir='ltr'>Imaginibus</span> <span class='ocrx_word' id='word_1_438' title='bbox 690 4185 750 4245; x_wconf 91' lang='lat' dir='ltr'>vim</span> <span class='ocrx_word' id='word_1_439' title='bbox 780 4185 925 4246; x_wconf 81' lang='lat' dir='ltr'>conciliat</span> <span class='ocrx_word' id='word_1_440' title='bbox 959 4184 1132 4246; x_wconf 81' lang='lat' dir='ltr'>credulitas.</span> <span class='ocrx_word' id='word_1_441' title='bbox 1186 4185 1297 4247; x_wconf 82' lang='lat' dir='ltr'>Audiri</span> <span class='ocrx_word' id='word_1_442' title='bbox 1331 4186 1370 4248; x_wconf 85' lang='lat' dir='ltr'>ab</span> <span class='ocrx_word' id='word_1_443' title='bbox 1403 4187 1538 4266; x_wconf 81' lang='lat' dir='ltr'>expertis</span> <span class='ocrx_word' id='word_1_444' title='bbox 1568 4187 1710 4260; x_wconf 79' lang='lat' dir='ltr'>-rneutcis,</span> 
     </span>
     <span class='ocr_line' id='line_1_46' title="bbox 350 4261 1710 4354; baseline 0.001 -20"><span class='ocrx_word' id='word_1_445' title='bbox 350 4285 442 4354; x_wconf 88' lang='lat' dir='ltr'>saepe</span> <span class='ocrx_word' id='word_1_446' title='bbox 465 4273 566 4334; x_wconf 90' lang='lat' dir='ltr'>verbis</span> <span class='ocrx_word' id='word_1_447' title='bbox 589 4273 697 4334; x_wconf 90' lang='lat' dir='ltr'>medici</span> <span class='ocrx_word' id='word_1_448' title='bbox 722 4273 858 4334; x_wconf 86' lang='lat' dir='ltr'>fiduciam</span> <span class='ocrx_word' id='word_1_449' title='bbox 882 4261 1134 4353; x_wconf 66' lang='lat' dir='ltr'>persuadentibus</span> <span class='ocrx_word' id='word_1_450' title='bbox 1159 4284 1223 4334; x_wconf 85' lang='lat' dir='ltr'>cum</span> <span class='ocrx_word' id='word_1_451' title='bbox 1248 4275 1366 4354; x_wconf 84' lang='lat' dir='ltr'>magico</span> <span class='ocrx_word' id='word_1_452' title='bbox 1392 4275 1525 4338; x_wconf 88' lang='lat' dir='ltr'>facinore</span> <span class='ocrx_word' id='word_1_453' title='bbox 1541 4276 1710 4338; x_wconf 84' lang='lat' dir='ltr'>restaurari</span> 
     </span>
     <span class='ocr_line' id='line_1_47' title="bbox 350 4356 1711 4447; baseline 0.001 -23"><span class='ocrx_word' id='word_1_454' title='bbox 350 4370 489 4447; x_wconf 84' lang='lat' dir='ltr'>naturam</span> <span class='ocrx_word' id='word_1_455' title='bbox 509 4362 575 4441; x_wconf 74' lang='lat' dir='ltr'>ja‘m</span> <span class='ocrx_word' id='word_1_456' title='bbox 600 4379 675 4439; x_wconf 90' lang='lat' dir='ltr'>pene</span> <span class='ocrx_word' id='word_1_457' title='bbox 700 4356 874 4440; x_wconf 88' lang='lat' dir='ltr'>collapsam.</span> <span class='ocrx_word' id='word_1_458' title='bbox 924 4361 1040 4442; x_wconf 90' lang='lat' dir='ltr'>ltaque,</span> <span class='ocrx_word' id='word_1_459' title='bbox 1066 4362 1142 4424; x_wconf 90' lang='lat' dir='ltr'>siet</span> <span class='ocrx_word' id='word_1_460' title='bbox 1170 4362 1208 4422; x_wconf 94' lang='lat' dir='ltr'>ob</span> <span class='ocrx_word' id='word_1_461' title='bbox 1232 4363 1328 4425; x_wconf 87' lang='lat' dir='ltr'>risam</span> <span class='ocrx_word' id='word_1_462' title='bbox 1353 4363 1514 4444; x_wconf 84' lang='lat' dir='ltr'>imaginem</span> <span class='ocrx_word' id='word_1_463' title='bbox 1538 4363 1711 4445; x_wconf 74' lang='lat' dir='ltr'>ingemina</span> 
     </span>
     <span class='ocr_line' id='line_1_48' title="bbox 349 4447 1711 4534; baseline 0 -20"><span class='ocrx_word' id='word_1_464' title='bbox 349 4452 487 4514; x_wconf 86' lang='lat' dir='ltr'>fiduciam</span> <span class='ocrx_word' id='word_1_465' title='bbox 511 4449 662 4530; x_wconf 90' lang='lat' dir='ltr'>concipiat</span> <span class='ocrx_word' id='word_1_466' title='bbox 685 4450 822 4511; x_wconf 87' lang='lat' dir='ltr'>credulus</span> <span class='ocrx_word' id='word_1_467' title='bbox 846 4463 946 4528; x_wconf 85' lang='lat' dir='ltr'>aeger,</span> <span class='ocrx_word' id='word_1_468' title='bbox 968 4449 1151 4529; x_wconf 83' lang='lat' dir='ltr'>juvabimor.</span> <span class='ocrx_word' id='word_1_469' title='bbox 1198 4447 1302 4521; x_wconf 72' lang='lat' dir='ltr'>(luere</span> <span class='ocrx_word' id='word_1_470' title='bbox 1323 4463 1473 4533; x_wconf 81' lang='lat' dir='ltr'>oouputo</span> <span class='ocrx_word' id='word_1_471' title='bbox 1489 4453 1711 4534; x_wconf 63' lang='lat' dir='ltr'>›mutescun-</span> 
     </span>
     <span class='ocr_line' id='line_1_49' title="bbox 350 4537 1712 4623; baseline -0.001 -20"><span class='ocrx_word' id='word_1_472' title='bbox 350 4552 398 4603; x_wconf 88' lang='lat' dir='ltr'>tra</span> <span class='ocrx_word' id='word_1_473' title='bbox 422 4539 645 4620; x_wconf 87' lang='lat' dir='ltr'>disputandum.</span> <span class='ocrx_word' id='word_1_474' title='bbox 694 4537 756 4599; x_wconf 85' lang='lat' dir='ltr'>Sed</span> <span class='ocrx_word' id='word_1_475' title='bbox 789 4537 828 4598; x_wconf 91' lang='lat' dir='ltr'>ab</span> <span class='ocrx_word' id='word_1_476' title='bbox 851 4537 951 4599; x_wconf 86' lang='lat' dir='ltr'>lierbie</span> <span class='ocrx_word' id='word_1_477' title='bbox 976 4547 1008 4599; x_wconf 91' lang='lat' dir='ltr'>et</span> <span class='ocrx_word' id='word_1_478' title='bbox 1026 4539 1114 4601; x_wconf 91' lang='lat' dir='ltr'>rebus</span> <span class='ocrx_word' id='word_1_479' title='bbox 1143 4541 1331 4603; x_wconf 88' lang='lat' dir='ltr'>naturalibus</span> <span class='ocrx_word' id='word_1_480' title='bbox 1356 4542 1592 4622; x_wconf 83' lang='lat' dir='ltr'>argumentaris,</span> <span class='ocrx_word' id='word_1_481' title='bbox 1635 4561 1712 4623; x_wconf 84' lang='lat' dir='ltr'>quae</span> 
     </span>
     <span class='ocr_line' id='line_1_50' title="bbox 350 4626 1710 4708; baseline -0.001 -16"><span class='ocrx_word' id='word_1_482' title='bbox 350 4651 368 4691; x_wconf 91' lang='lat' dir='ltr'>a</span> <span class='ocrx_word' id='word_1_483' title='bbox 391 4639 474 4692; x_wconf 89' lang='lat' dir='ltr'>certo</span> <span class='ocrx_word' id='word_1_484' title='bbox 497 4637 632 4708; x_wconf 87' lang='lat' dir='ltr'>tempore</span> <span class='ocrx_word' id='word_1_485' title='bbox 657 4627 716 4688; x_wconf 86' lang='lat' dir='ltr'>rim</span> <span class='ocrx_word' id='word_1_486' title='bbox 739 4646 759 4687; x_wconf 92' lang='lat' dir='ltr'>a</span> <span class='ocrx_word' id='word_1_487' title='bbox 781 4626 866 4687; x_wconf 91' lang='lat' dir='ltr'>coelo</span> <span class='ocrx_word' id='word_1_488' title='bbox 889 4626 1035 4705; x_wconf 90' lang='lat' dir='ltr'>majorem</span> <span class='ocrx_word' id='word_1_489' title='bbox 1059 4627 1241 4708; x_wconf 84' lang='lat' dir='ltr'>concipiant.</span> <span class='ocrx_word' id='word_1_490' title='bbox 1289 4629 1354 4692; x_wconf 74' lang='lat' dir='ltr'>dut</span> <span class='ocrx_word' id='word_1_491' title='bbox 1370 4631 1406 4692; x_wconf 72' lang='lat' dir='ltr'>‘id</span> <span class='ocrx_word' id='word_1_492' title='bbox 1431 4637 1481 4692; x_wconf 89' lang='lat' dir='ltr'>est</span> <span class='ocrx_word' id='word_1_493' title='bbox 1504 4629 1710 4693; x_wconf 82' lang='lat' dir='ltr'>certum&#39;aoui</span> 
     </span>
     <span class='ocr_line' id='line_1_51' title="bbox 349 4714 1711 4799; baseline 0.001 -21"><span class='ocrx_word' id='word_1_494' title='bbox 349 4727 476 4798; x_wconf 84' lang='lat' dir='ltr'>tempus,</span> <span class='ocrx_word' id='word_1_495' title='bbox 502 4717 552 4781; x_wconf 92' lang='lat' dir='ltr'>ubi</span> <span class='ocrx_word' id='word_1_496' title='bbox 575 4733 668 4778; x_wconf 89' lang='lat' dir='ltr'>causa</span> <span class='ocrx_word' id='word_1_497' title='bbox 690 4715 720 4776; x_wconf 91' lang='lat' dir='ltr'>in</span> <span class='ocrx_word' id='word_1_498' title='bbox 743 4715 876 4787; x_wconf 85' lang='lat' dir='ltr'>humore,</span> <span class='ocrx_word' id='word_1_499' title='bbox 900 4714 1049 4790; x_wconf 86' lang='lat' dir='ltr'>siccitate,</span> <span class='ocrx_word' id='word_1_500' title='bbox 1074 4717 1267 4792; x_wconf 81' lang='lat' dir='ltr'>maturitate,</span> <span class='ocrx_word' id='word_1_501' title='bbox 1292 4726 1346 4780; x_wconf 89' lang='lat' dir='ltr'>aut</span> <span class='ocrx_word' id='word_1_502' title='bbox 1365 4719 1424 4781; x_wconf 85' lang='lat' dir='ltr'>tibi</span> <span class='ocrx_word' id='word_1_503' title='bbox 1449 4725 1499 4780; x_wconf 89' lang='lat' dir='ltr'>est</span> <span class='ocrx_word' id='word_1_504' title='bbox 1511 4719 1711 4799; x_wconf 77' lang='lat' dir='ltr'>incognitum,</span> 
     </span>
     <span class='ocr_line' id='line_1_52' title="bbox 349 4803 1711 4896; baseline 0.001 -26"><span class='ocrx_word' id='word_1_505' title='bbox 349 4807 376 4871; x_wconf 85' lang='lat' dir='ltr'>ui</span> <span class='ocrx_word' id='word_1_506' title='bbox 399 4807 459 4868; x_wconf 87' lang='lat' dir='ltr'>alia</span> <span class='ocrx_word' id='word_1_507' title='bbox 482 4809 547 4896; x_wconf 74' lang='lat' dir='ltr'>eJ&#39;os</span> <span class='ocrx_word' id='word_1_508' title='bbox 571 4805 714 4890; x_wconf 84' lang='lat' dir='ltr'>temporis</span> <span class='ocrx_word' id='word_1_509' title='bbox 738 4803 889 4888; x_wconf 88' lang='lat' dir='ltr'>periodus.</span> <span class='ocrx_word' id='word_1_510' title='bbox 936 4805 977 4866; x_wconf 85' lang='lat' dir='ltr'>Et</span> <span class='ocrx_word' id='word_1_511' title='bbox 1001 4823 1058 4866; x_wconf 92' lang='lat' dir='ltr'>nou</span> <span class='ocrx_word' id='word_1_512' title='bbox 1081 4808 1167 4869; x_wconf 80' lang='lat' dir='ltr'>ualet</span> <span class='ocrx_word' id='word_1_513' title='bbox 1190 4815 1398 4890; x_wconf 80' lang='lat' dir='ltr'>argumentum</span> <span class='ocrx_word' id='word_1_514' title='bbox 1421 4815 1571 4874; x_wconf 82' lang='lat' dir='ltr'>enatura</span> <span class='ocrx_word' id='word_1_515' title='bbox 1595 4809 1711 4874; x_wconf 63' lang='lat' dir='ltr'>admu-</span> 
     </span>
    </p>
   </div>
   <div class='ocr_carea' id='block_1_7' title="bbox 0 0 1849 5528">
    <p class='ocr_par' dir='ltr' id='par_1_12' title="bbox 0 0 1849 5528">
     <span class='ocr_line' id='line_1_53' title="bbox 0 0 1849 5528; baseline 0 0"><span class='ocrx_word' id='word_1_516' title='bbox 0 0 1849 5528; x_wconf 95' lang='lat' dir='ltr'> </span> 
     </span>
    </p>
   </div>
  </div>
 </body>
</html>
