3586 5518
803 283 916 348 Mysterli
937 285 1138 352 cosmographioi

843 454 964 595 capa
990 495 1096 572 run.

288 655 345 718 Dc
370 657 588 738 computandae
611 655 737 718 orbibus
760 654 816 734 qut
839 655 1023 736 corporibus
1050 655 1267 718 inscribuntur
1292 661 1322 717 et
1344 657 1658 720 circumciduntur

378 797 533 859 Hactenus
558 796 629 857 nihil
655 795 781 870 dictum,
813 794 869 856 nisi
900 804 1104 858 consentanea
1129 795 1275 876 quaedam
1301 796 1388 874 signa
1416 807 1449 858 et
1476 797 1578 860 ιίκοια
1602 818 1656 859 su-

291 887 387 965 scepti
412 886 619 948 theorematis.
657 885 861 946 Transeamus
886 885 973 946 modo
998 885 1036 945 ad
1060 883 1236 962 ἀποςηματα
1260 883 1374 947 orbium
1394 886 1601 948 astronomiae
1625 896 1658 948 et

292 975 566 1039 demonstrationes
595 975 812 1054 geometricas:
849 992 925 1054 quae
955 973 1013 1036 nisi
1042 975 1251 1048 consentiant,
1285 973 1389 1053 procul
1418 975 1507 1037 dubio
1536 994 1657 1050 omnem

287 1065 520 1144 praecedentem
544 1081 667 1142 operam
692 1063 860 1125 luserimus.
899 1063 1031 1124 Primum
1050 1063 1179 1124 omnium
1199 1063 1374 1138 videamus,¹
1390 1062 1419 1124 in
1443 1073 1557 1144 quanta
1580 1082 1655 1144 prc-

235 1237 239 1244 .
287 1153 424 1233 portione
450 1154 513 1214 siut
536 1153 624 1214 orbes
649 1153 776 1232 singulis
805 1150 851 1212 his
883 1152 1011 1231 quinque
1041 1151 1214 1230 corporibus
1239 1152 1428 1231 regularibus
1452 1153 1591 1232 inscripti
1615 1153 1655 1214 ad

288 1241 542 1320 circumscriptos.

376 1329 419 1392 m
441 1329 519 1392 radii
543 1329 661 1409 quidem
691 1327 756 1388 sive
785 1295 999 1390 semidiametri
1028 1327 1320 1407 circumscriptorum
1352 1339 1484 1408 aequant
1506 1327 1654 1390 semidia-

288 1419 394 1497 gonios
419 1436 586 1498 corpomm.
634 1418 714 1480 Nam
738 1417 795 1478 nisi
820 1435 923 1476 omnes
947 1417 1056 1496 anguli
1077 1417 1188 1495 figurae
1212 1417 1371 1496 tetigerint
1393 1417 1519 1478 eandem
1543 1435 1654 1497 super·

207 1523 210 1528 ·
289 1508 395 1582 ficiem,
421 1525 528 1586 corpus
552 1507 690 1587 regulare
717 1523 773 1567 non
798 1505 865 1567 erit.
903 1504 971 1568 Bini
997 1513 1097 1566 autem
1121 1505 1221 1584 anguli
1241 1505 1372 1586 oppositi
1396 1512 1497 1568 mutuo
1522 1513 1554 1568 et
1577 1525 1653 1567 cen-

287 1604 366 1659 trum
390 1597 504 1677 figurae
529 1615 648 1676 semper
677 1603 747 1656 sunt
774 1595 803 1655 in
834 1593 939 1654 eadem
969 1593 1047 1655 linea
1076 1593 1138 1656 sive
1168 1595 1216 1656 axi
1242 1595 1331 1656 orbis.
1378 1593 1538 1674 Excipitur
1561 1612 1653 1656 uuum

288 1686 475 1760 tetraddron,
501 1685 580 1764 quod
604 1685 698 1746 habet
722 1683 856 1762 singulos
881 1684 1007 1761 angulos
1031 1683 1157 1762 singulis
1182 1683 1324 1746 facierum
1348 1683 1461 1746 centris
1481 1683 1649 1764 oppositos.

376 1773 447 1836 Jam
473 1782 559 1835 recta
583 1781 765 1835 connectens
789 1780 895 1832 centra
918 1772 1029 1850 figurae
1054 1780 1085 1834 et
1113 1772 1195 1834 basis
1220 1781 1267 1834 est
1291 1773 1393 1835 radius
1417 1771 1480 1833 sive
1505 1772 1652 1835 semidia-

288 1843 385 1926 meter
418 1861 555 1943 inscripti
587 1881 642 1942 per
675 1862 811 1924 ultimam
844 1860 892 1922 lib.
921 1859 993 1923 XV.
1047 1859 1230 1942 Campani'
1223 1881 1252 1923 m
1279 1861 1445 1924 Euclidem.
1467 1855 1511 1936 Ι1)
1559 1859 1653 1924 Orbis

287 1952 366 2014 enim
390 1952 552 2031 inscriptus
577 1959 701 2032 tangere
733 1950 824 2011 debet
852 1949 952 2009 omnia
982 1958 1088 2010 centra
1121 1951 1245 2030 figurae,
1281 1959 1313 2012 et
1341 1952 1455 2030 figurae
1486 1950 1653 2030 inscriptae

291 2058 358 2120 cum
381 2039 617 2119 circumscriptis
640 2057 743 2102 omnes
767 2037 924 2119 possident
947 2039 1025 2100 idern
1048 2048 1193 2100 centrum.

441 2162 487 2210 pq,
504 2157 538 2203 ιι,
765 2124 852 2199 Quod
869 2145 935 2190 cum
950 2127 994 2188 ita
1009 2127 1058 2200 sit,
1085 2127 1173 2189 facile
1188 2133 1237 2188 est
1251 2127 1363 2202 videre,
1382 2126 1549 2207 potentiam
1563 2127 1653 2200 radii,

673 2237 731 2298 quo
746 2216 874 2278 circulus
889 2215 955 2277 basi
970 2215 1231 2290 circumscribitur,
1247 2215 1440 2277 auferendam
1458 2216 1496 2277 de
1514 2217 1657 2296 potentia

675 2306 752 2368 radii
767 2305 848 2366 orbis
864 2305 1091 2384 circumscripti,
1107 2313 1140 2368 ut
1154 2303 1276 2366 residua
1289 2305 1331 2365 sit
1343 2305 1482 2384 potentia
1495 2304 1655 2385 quaesitae

677 2396 775 2456 lineae
801 2413 853 2454 seu
877 2393 953 2454 radii
978 2393 1060 2455 orbis
1083 2393 1229 2473 inscripti.
1271 2394 1305 2454 lu
1330 2393 1472 2472 adjuncto
1497 2395 1655 2456 schemate

674 2481 767 2544 HOM
784 2489 833 2544 est
847 2481 912 2542 axis
928 2483 1146 2563 circumscripti
1164 2481 1255 2558 orbis,
1272 2482 1366 2561 cujus,
1383 2491 1416 2544 ut
1432 2492 1463 2544 et
1476 2483 1614 2563 figurae
1604 2503 1655 2545 m-

617 2643 619 2648 ,
676 2573 808 2651 scriptae
824 2589 978 2632 commune
994 2580 1126 2632 centrum
1143 2570 1223 2644 inO,
1237 2529 1327 2632 I’JGL
1341 2572 1485 2662 planum
1472 2591 1561 2634 unum
1576 2573 1654 2650 figu-

675 2681 736 2737 rae,
762 2660 840 2740 quod
863 2659 912 2721 hic
931 2661 972 2721 sit
992 2661 1084 2732 basia,
1108 2661 1279 2722 Jceutrum
1294 2660 1385 2734 basrs
1411 2641 1619 2722 HJradrus
1593 2681 1655 2722 ιιι

676 2749 850 2850 cumscripti
871 2749 949 2810 basi.
987 2749 1030 2811 Et
1051 2759 1137 2811 recta
1156 2769 1193 2810 ex
1213 2756 1316 2811 centro
1337 2747 1491 2812 orbiaO
1484 2771 1513 2810 m
1536 2749 1557 2812 J
1579 2769 1655 2812 cen-

645 2848 753 2940 Btrum
769 2838 891 2899 minoris
911 2838 1015 2900 circuli
1037 2838 1169 2900 demissa
1191 2837 1447 2917 perpendicularis
1466 2838 1525 2899 erit
1542 2839 1657 2900 circulo

677 2937 708 2990 et
732 2928 828 2988 lineae
843 2927 903 2988 HJ.
928 2928 961 2987 In
978 2929 1128 3008 triangulo
1142 2929 1233 3006 igitur
1247 2927 1325 2988 HJO
1341 2928 1468 3007 angulus
1488 2928 1527 2988 ad
1545 2926 1566 2988 J
1584 2945 1656 2989 rec-

677 3027 736 3080 tus.
766 3015 848 3094 Ergo
867 3014 925 3076 ΗΟ
950 3017 1087 3095 potentia
1111 3023 1222 3096 aequat
1245 3017 1398 3094 potentias
1423 3015 1481 3091 HJ,
1505 3014 1566 3079 JO.
1614 3016 1658 3077 Et

226 3174 229 3180 ,
676 3105 813 3186 potentia
828 3104 875 3164 HJ
896 3105 1000 3167 ablata
1015 3125 1052 3166 err
1072 3105 1130 3168 ΗΟ
1149 3105 1295 3186 potentia,
1322 3105 1463 3186 relinquit
1476 3104 1526 3166 JO
1545 3112 1658 3186 poten-

296 3199 370 3273 tiam
396 3199 564 3279 quaesitam
589 3197 641 3271 (Ε.
667 3197 689 3269 Ι,
715 3190 784 3268 47).
804 3186 850 3266 “)

382 3286 459 3348 Hinc
488 3293 629 3366 apparet,
661 3293 694 3346 ut
722 3281 868 3344 habeatur
891 3279 939 3342 JO
971 3282 999 3343 iu
1029 3281 1165 3344 omnibus
1199 3282 1314 3361 liguris,
1355 3283 1558 3362 quaerendam
1587 3301 1656 3344 esse

293 3377 376 3455 prius
400 3375 451 3436 HJ
475 3375 589 3436 radium
608 3374 704 3434 basis.
750 3371 887 3432 Habetur
911 3381 1012 3432 autem
1036 3380 1068 3431 et
1090 3371 1141 3432 HJ
1164 3371 1281 3445 radius,
1311 3371 1431 3451 cognito
1458 3373 1553 3432 latere
1577 3371 1656 3452 ligu-

294 3484 360 3538 rae,
390 3465 436 3524 cui
465 3463 607 3525 circulum
637 3459 862 3523 circumscribit.
915 3459 991 3521 Hinc
1022 3479 1153 3534 rursum,
1189 3467 1222 3522 ut
1250 3461 1352 3522 radius
1381 3462 1465 3524 basis
1494 3459 1654 3536 habeatur,

295 3552 495 3634 quaerendum
517 3551 600 3631 prius
624 3552 704 3613 latus
728 3548 889 3629 cujuslibet
917 3548 1038 3627 figurae.

382 3640 531 3702 Assumto
557 3641 647 3718 igitur
670 3639 754 3700 radio
776 3637 994 3716 circumscripti
1019 3637 1179 3717 cujuslibet
1202 3638 1231 3700 in
1257 3638 1428 3718 quantitate
1453 3637 1537 3700 sinus
1561 3637 1658 3698 totius

299 3727 383 3791 1000
407 3731 537 3808 partium
562 3728 690 3800 (sufficit
712 3737 814 3788 nostro
839 3727 978 3787 instituto
1004 3727 1077 3787 haec
1101 3727 1176 3788 radii
1195 3727 1386 3806 magnitudo)
1410 3727 1551 3808 potentia
1574 3727 1656 3787 late-

294 3818 335 3878 ris
360 3819 454 3879 cubici
480 3817 580 3890 (Eucl.
606 3817 692 3890 Xlll,
723 3813 775 3888 15)
801 3825 942 3893 estpars
968 3816 1059 3876 tertia
1082 3817 1236 3896 potentiae
1261 3817 1338 3890 axis,
1363 3825 1397 3877 ut
1414 3817 1445 3877 si
1470 3816 1537 3876 axis
1561 3815 1656 3876 habet

295 3903 395 3979 2000,
427 3905 506 3967 latus
531 3905 599 3966 cubi
624 3905 715 3965 habet
744 3901 834 3965 1155.
882 3904 1004 3964 Lateris
1032 3905 1167 3966 octaedri
1196 3905 1333 3983 potentia
1358 3902 1459 3986 (Eucl.
1484 3903 1573 3979 XlIl,
1602 3901 1656 3978 14)

295 4003 344 4055 est
367 3994 520 4055 dimidium
546 3995 698 4072 potentiae
723 3992 799 4054 axis
847 3993 967 4053 Lateris
983 3993 1157 4055 tetraddrici
1172 3995 1310 4073 potentia
1325 4005 1374 4054 est
1390 3994 1445 4066 (ib
1465 3990 1520 4067 13)
1536 3993 1656 4074 sesqui-

295 4083 392 4144 altera
421 4102 492 4163 pars
521 4083 557 4142 de
586 4083 723 4161 potentia
756 4081 831 4142 axis.
844 4075 888 4154 Η)
936 4083 1036 4161 Atque
1071 4081 1214 4144 hacteuus
1245 4083 1311 4145 usui
1341 4083 1398 4144 fuit
1426 4101 1549 4144 aureum
1584 4081 1657 4144 illud

294 4172 449 4232 theorema
472 4169 664 4252 l’)thagorae
693 4172 729 4232 de
754 4169 918 4249 potentiis·
911 4170 1091 4234 laterum
1083 4191 1112 4230 m
1139 4172 1287 4252 triangulo
1312 4173 1496 4250 rectangulo.
1544 4169 1580 4234 In
1605 4190 1657 4232 ce-

294 4261 368 4321 teris
397 4251 511 4320 duobus
536 4261 709 4338 corporibus
739 4261 834 4320 altero
860 4259 910 4319 illo
939 4260 1123 4339 geometriae
1152 4261 1293 4321 thesauro
1317 4280 1392 4339 opus
1418 4268 1480 4335 est,
1511 4261 1548 4321 de
1579 4261 1659 4323 linea

294 4348 459 4410 secuudum
483 4356 647 4410 extremam
677 4356 708 4408 ct
731 4347 859 4409 mediam
885 4349 1032 4410 rationem
1060 4359 1146 4410 secta
1170 4348 1271 4421 (Eucl.
1298 4351 1353 4424 Vl,
1379 4346 1446 4421 30)
1494 4349 1578 4412 h'am
1602 4351 1657 4410 do-

295 4436 504 4499 decabdricum
529 4438 609 4498 latus
634 4445 682 4498 est
705 4437 801 4514 major
824 4437 922 4515 portio
948 4437 1051 4498 lateris
1076 4439 1170 4500 cubici
1195 4439 1272 4499 secti
1302 4439 1464 4500 secundum
1489 4447 1658 4500 extremam

294 4535 324 4588 et
348 4525 476 4587 mediam
501 4525 648 4588 rationem
673 4525 773 4598 (Eucl.
798 4525 884 4599 ΧΙΙΙ,
914 4525 962 4587 17.
980 4525 1078 4600 Cor..)
1106 4527 1175 4588 .Sic
1199 4546 1284 4629 pro
1277 4527 1461 4588 icosaedrico
1485 4527 1585 4588 latere
1610 4529 1658 4589 iu-

294 4615 440 4677 veniendo
465 4613 592 4693 primum
615 4613 767 4693 quaeritur
791 4614 893 4675 radius
917 4614 997 4675 illius
1021 4615 1132 4690 circuli,
1159 4617 1207 4696 qui
1231 4617 1359 4697 quinque
1383 4615 1535 4678 icosaedri
1559 4616 1659 4696 tangit

295 4704 429 4782 angulos,
447 4722 495 4805 qur
489 4700 649 4764 ''estAC
641 4723 671 4763 ιιι
686 4703 796 4764 circulo
807 4701 864 4762 AB
874 4703 937 4780 (fig
958 4701 1065 4776 19)AE
1062 4704 1114 4782 jus
1130 4705 1267 4783 potentia
1281 4704 1444 4785 estquinta
1459 4723 1531 4783 pars
1549 4707 1586 4767 de
1601 4725 1657 4786 po-

295 4791 391 4854 tentia
406 4792 472 4853 axis
489 4791 589 4864 (Eucl.
605 4791 691 4867 Xlll,
713 4787 761 4853 16.
780 4789 865 4862 Cor.)
899 4791 995 4872 igitur
1009 4793 1064 4864 (ib.
1062 4724 1101 4856 J5
1118 4803 1150 4855 et
1164 4789 1199 4870 9)
1223 4794 1322 4856 radii
1314 4795 1401 4856 ratius
1415 4792 1473 4857 AO
1493 4795 1657 4857 secundum
